4522 6104
534 555 710 630 CONTRA
736 551 955 642 QUEMDAM
981 551 1237 626 CANONICUM
1261 551 1547 624 REGULAREM.
1768 551 1839 624 693

248 726 371 774 revera
389 698 631 800 periculosum
648 719 725 769 esse
741 695 1090 768 administrationem
1107 693 1383 766 ecclesiasticam
1399 695 1601 793 suscipere,
1619 717 1661 764 ac
1678 693 1843 766 dillicilli·

249 845 349 890 mum
365 820 402 890 in
420 842 481 908 ea,
501 831 678 915 quantum
694 829 839 914 oportet
856 815 1056 888 desudare:
1076 814 1140 887 sed
1154 814 1317 912 prolecto
1335 828 1436 884 tanto
1452 814 1590 908 majora
1607 829 1748 886 constat
1765 839 1841 886 esse

247 940 410 1036 praemia,
437 951 575 1036 quanto
602 935 687 1006 huic
708 933 825 1007 labori
846 935 961 1031 major
982 933 1160 1006 incumbit
1184 931 1387 1006 difficultas.
1414 933 1481 1004 Cui
1502 933 1660 1030 primum
1678 932 1766 1003 illud
1783 957 1840 1005 re·

247 1058 411 1156 spondeo
435 1056 637 1128 Tullianum
666 1081 674 1126 :
694 1083 712 1124 u
728 1054 837 1142 Quod
853 1055 883 1126 si
898 1053 1138 1144 laboriosum,
1158 1078 1233 1126 non
1251 1055 1372 1126 statim
1383 1053 1606 1152 praeclarum.
1624 1083 1640 1122 u
1672 1053 1838 1152 Alioquin

247 1176 283 1247 in
305 1175 462 1247 Ecclesia
488 1175 571 1264 Dei,
596 1174 659 1272 qui
680 1173 900 1271 quotidianis
926 1175 1134 1276 nuptiarum
1160 1173 1332 1246 molestiis
1348 1188 1385 1244 et
1400 1172 1700 1245 sollicitudinibus
1721 1174 1857 1272 impii--

246 1309 374 1368 cantur
390 1294 558 1383 assiduis,
579 1294 635 1366 his
650 1293 855 1392 preferendi
866 1309 1001 1384 essent,
1016 1295 1079 1391 qui
1090 1293 1256 1365 coelibem
1267 1294 1380 1366 vitam
1393 1293 1578 1384 ducentes,
1593 1294 1712 1366 minus
1729 1317 1840 1366 onere

246 1417 363 1490 saeculi
388 1431 615 1515 premuntur,
635 1431 671 1487 et
687 1414 737 1487 ob
753 1416 826 1487 hoc
842 1415 988 1487 liberius
1005 1431 1114 1513 atque
1129 1415 1254 1514 purius
1269 1418 1347 1486 Deo
1364 1429 1511 1502 vacant,
1530 1429 1703 1511 tanquam
1720 1414 1841 1516 lectuli

245 1539 404 1635 quietem
424 1536 558 1635 adepti.
582 1537 747 1634 Denique
763 1535 792 1607 si
808 1561 876 1635 pro
892 1551 1086 1633 augmento
1108 1537 1321 1607 meritorum
1337 1560 1400 1607 eos
1415 1534 1572 1623 extollis,
1593 1535 1717 1633 quide
1734 1537 1841 1608 virtu·

246 1656 342 1740 tibus
357 1658 430 1729 suis
452 1655 693 1746 confidentes,
712 1682 851 1755 pugnas
867 1658 1109 1736 tentationum
1125 1671 1162 1728 et
1177 1656 1362 1728 illecebras
1382 1655 1511 1728 mundi
1532 1656 1643 1752 magis
1665 1657 1840 1730 sustinere

244 1799 355 1874 quam
380 1776 501 1873 lugere
526 1777 783 1866 decreverunt,
802 1777 885 1849 vide
903 1793 1025 1849 uuum
1040 1776 1115 1866 his,
1134 1777 1198 1876 qui
1214 1775 1474 1849 continentiam
1491 1790 1688 1866 voverunt,
1705 1801 1838 1849 consu-

244 1896 391 1970 lendum
418 1898 480 1988 sit,
499 1912 539 1968 ut
561 1898 597 1968 in
615 1896 869 1996 lupanaribus,
885 1899 943 1971 vel
960 1898 1022 1970 ubi
1041 1899 1186 1971 crebras
1203 1899 1539 1987 fornicationes¹...,
1557 1898 1639 1969 vide
1660 1913 1722 1970 aut
1744 1899 1839 1972 hanc

244 2017 412 2089 virtutem
429 2017 598 2094 studeant
614 2043 847 2108 conservare,
861 2034 897 2092 et
915 2045 953 2092 se
967 2035 1097 2119 sponte
1113 2019 1280 2119 periculis
1298 2019 1529 2115 objicientes,
1548 2019 1613 2092 sed
1629 2043 1710 2118 quae
1725 2021 1838 2118 magis

225 2137 409 2235 angelos,
428 2163 539 2237 quam
554 2137 721 2211 homines
738 2139 982 2228 attendentes,
1002 2155 1103 2213 tanta
1119 2141 1308 2212 securitate
1323 2140 1377 2212 sui
1394 2144 1511 2211 Deum
1524 2155 1743 2238 praesumant
1758 2157 1838 2214 ten-

244 2271 332 2330 tare.
353 2261 426 2329 Cur
440 2259 550 2329 etiam
565 2257 685 2330 clerici
701 2258 853 2331 seminas
866 2260 903 2330 in
919 2258 1161 2331 contubernio
1173 2284 1239 2331 suo
1253 2259 1388 2330 habere
1403 2257 1657 2357 prohibentur,
1671 2261 1740 2332 nisi
1751 2261 1839 2334 tales

244 2379 564 2476 consanguinitatis
585 2403 776 2477 personas,
795 2380 990 2478 dequibus
1012 2379 1111 2453 nulla
1131 2380 1287 2478 suspicio
1309 2379 1541 2478 turpitudinis
1560 2382 1673 2478 possit
1691 2380 1838 2454 haberi?

244 2500 340 2584 Quas
356 2524 503 2597 quoque
520 2513 637 2571 vester
653 2500 825 2590 maxime,
845 2515 886 2571 ut
902 2499 1037 2590 dicitis,
1055 2515 1256 2598 preceptor
1274 2501 1490 2598 Augustinus
1510 2501 1548 2571 in
1568 2515 1710 2573 tantum
1726 2501 1834 2574 decli·

245 2643 330 2691 nare
345 2619 522 2710 decrevit,
542 2634 582 2690 ut
598 2643 666 2691 nec
684 2620 945 2693 sanctissimam
965 2645 1128 2692 sororem
1146 2644 1269 2692 secum
1285 2618 1449 2692 habitare
1466 2619 1672 2718 pertulerit,
1688 2621 1832 2694 dicens:

240 2743 263 2808 'a
283 2743 370 2826 Quae
395 2764 479 2811 cum
496 2764 621 2812 sorore
637 2763 718 2812 mea
734 2755 835 2829 sunt,
854 2764 996 2812 sorores
1013 2765 1101 2813 meae
1116 2765 1192 2811 non
1211 2753 1308 2811 sunt.
1328 2768 1346 2808 u
1365 2744 1437 2811 Cur
1454 2753 1489 2811 et
1505 2765 1569 2812 vos
1586 2739 1653 2838 ipsi
1670 2743 1837 2816 canonici

243 2860 421 2956 regulares
438 2884 458 2932 a
474 2859 578 2932 vobis
605 2860 689 2958 ipsis
708 2861 850 2932 noviter
860 2859 1056 2959 appellati,
1075 2862 1166 2932 sicut
1185 2875 1221 2932 et
1236 2860 1378 2931 noviter
1396 2860 1527 2946 exorti,
1546 2885 1680 2958 magno
1696 2863 1835 2936 ambitu

242 3005 429 3054 murorum
446 2981 600 3053 claustra
614 2995 733 3054 restra
748 2983 942 3080 sepientes,
962 3006 1065 3053 more
1086 2980 1373 3070 monachorum,
1398 2980 1444 3054 ab
1465 2980 1641 3054 illecebris
1662 2997 1698 3053 et
1716 2998 1832 3056 tenta·

154 3103 159 3114 '
241 3101 401 3174 tionibus
416 3102 533 3175 saeculi
549 3102 703 3174 manetis
719 3101 845 3174 divisi?
862 3103 898 3172 Si
915 3127 1013 3199 ergo,
1033 3117 1073 3173 ut
1088 3127 1155 3174 vos
1166 3126 1313 3200 quoque
1330 3101 1480 3190 docetis,
1492 3116 1527 3174 et
1540 3102 1709 3174 omnibus
1720 3117 1832 3202 patet,

242 3222 475 3295 imbecillitati
495 3223 662 3294 humanae
683 3223 796 3319 magis
816 3220 1000 3320 provideri
1015 3223 1186 3294 convenit
1203 3222 1427 3321 apericulis,
1446 3246 1557 3320 quam
1573 3222 1668 3295 ultro
1685 3249 1723 3296 se
1740 3223 1833 3321 obji-

241 3367 322 3414 cere
346 3341 432 3433 illis;
460 3342 624 3441 prolecto
641 3341 832 3413 consilium
852 3355 906 3412 est
926 3343 1050 3415 omnia
1066 3357 1300 3432 tentamenta,
1319 3341 1441 3440 quoad
1457 3367 1666 3440 possumus,
1685 3345 1830 3434 evitare,

241 3464 435 3561 presertim
452 3464 481 3534 si
498 3487 578 3534 eam
593 3461 766 3558 eligamus
780 3463 906 3552 vitam,
923 3487 1002 3560 quae
1014 3478 1050 3534 et
1063 3463 1209 3558 majoris
1225 3463 1270 3534 sit
1287 3462 1421 3553 meriti,
1436 3477 1473 3534 ct
1488 3463 1606 3534 minus
1624 3478 1744 3562 pateat
1760 3479 1836 3537 ten·

240 3581 380 3654 tationi.
409 3581 518 3668 Quod
535 3596 609 3654 tam
626 3581 839 3653 auctoritate
860 3585 1023 3671 Patrum,
1043 3606 1153 3679 quam
1172 3581 1278 3654 certis
1293 3605 1415 3652 rerum
1432 3581 1633 3655 declaratur
1647 3585 1831 3684 exemplis.

240 3705 359 3776 Vitam
377 3702 710 3800 contemplationis,
729 3703 888 3800 quietem
902 3701 1131 3773 tumultuosae
1149 3701 1312 3773 fidelium
1329 3703 1464 3774 actioni
1480 3719 1622 3776 constat
1638 3729 1660 3776 a
1675 3707 1833 3779 Domino

240 3821 422 3920 praelatam
439 3823 546 3894 luisse
563 3850 571 3894 ε
591 3837 627 3893 et
643 3822 761 3894 uarie
777 3836 935 3920 partem,
957 3845 1067 3918 quam
1088 3822 1264 3918 optimam
1280 3821 1385 3910 dixit,
1410 3824 1503 3919 parti
1527 3823 1675 3896 Marthae
1695 3842 1835 3900 certum

240 3960 293 4016 est
318 3943 499 4015 anteferri.
528 3943 701 4030 Quamvis
724 3944 822 4014 enim
842 3941 983 4014 Martha
1004 3940 1166 4013 reficeret
1181 3943 1397 4030 Dominum,
1416 3942 1552 4014 felicius
1569 3945 1680 4017 Maria
1696 3947 1832 4020 reficie·
1857 4019 1860 4028 ,

239 4064 346 4136 batur
362 4088 383 4136 a
401 4066 572 4151 Domino,
585 4078 622 4134 et
632 4063 741 4160 longe
752 4062 939 4134 meliorem
956 4063 1133 4134 Dominus
1150 4087 1261 4159 quam
1278 4062 1415 4134 Martha
1432 4062 1659 4136 ministrabat
1674 4067 1835 4140 relectio·

241 4209 324 4257 nem
333 4189 356 4255 '.
381 4184 528 4258 Marthae
550 4185 765 4259 ministratio
788 4198 843 4255 est
862 4183 1063 4255 necessaria
1080 4183 1243 4281 corporis
1265 4183 1473 4281 providere,
1493 4182 1645 4256 verbum
1662 4185 1831 4283 praedica·

240 4307 349 4379 tionis
364 4331 525 4403 erogare,
541 4305 694 4378 aliorum
713 4306 842 4402 magis,
861 4331 905 4376 ex
921 4303 1042 4376 ollieio
1055 4305 1223 4403 proprio,
1250 4328 1360 4402 quam
1377 4306 1431 4376 sui
1450 4329 1574 4378 curam
1590 4330 1725 4402 gerere.
1752 4313 1833 4383 Non

239 4427 337 4498 eninr
357 4427 521 4498 Ecclesiae
546 4443 727 4525 pastores,
753 4429 790 4499 in
811 4451 856 4498 eo
877 4426 978 4524 quod
999 4441 1161 4524 pastores
1182 4441 1285 4515 sunt,
1308 4440 1383 4498 tam
1408 4426 1454 4515 de
1475 4427 1629 4525 propriis
1651 4453 1761 4526 quam
1786 4431 1832 4504 de

238 4545 483 4642 subjectorum
501 4544 643 4644 pabulis
659 4544 796 4617 habent
812 4546 984 4642 cogitare,
1004 4569 1071 4616 nec
1089 4546 1125 4616 in
1140 4545 1212 4617 hoc
1228 4560 1303 4616 tarn
1319 4544 1387 4616 sibi
1403 4570 1514 4643 quam
1531 4546 1608 4619 aliis
1622 4546 1830 4645 proficiunt.

240 4667 344 4739 Unde
362 4684 397 4740 et
413 4669 591 4740 Dominus
612 4692 726 4765 quum
746 4667 784 4739 in
808 4666 880 4740 hoc
900 4667 1023 4739 officio
1045 4671 1189 4739 Petrum
1205 4669 1460 4758 constitueret,
1485 4694 1714 4768 nequaquam
1735 4675 1828 4746 ait':

241 4789 382 4859 «Pasce
398 4788 566 4886 teipsum,
582 4815 600 4856 n
619 4787 696 4877 sed,
719 4815 737 4855 u
750 4811 856 4885 pasce
873 4812 959 4859 oves
975 4811 1087 4878 meas,
1102 4815 1120 4856 n
1140 4787 1228 4877 sive,
1250 4813 1392 4885 «agnos
1408 4813 1523 4878 meos,
1540 4816 1558 4856 u
1579 4788 1651 4861 hoc
1667 4807 1719 4864 est
1737 4815 1832 4891 pane

238 4906 406 5005 spiritalis
422 4907 596 4980 doctrinae
618 4907 673 4980 vel
694 4907 952 4980 exhortationis
973 4907 1071 5006 ipsos
1088 4907 1226 4980 instrue
1241 4908 1299 4980 vel
1314 4906 1504 4980 confirma.
1524 4913 1577 4982 De
1593 4934 1667 5006 quo
1683 4912 1832 5009 quidem

273 5182 279 5210 ¹
298 5181 398 5235 Videtur
409 5183 449 5236 hic
461 5183 554 5250 aliquid
567 5182 662 5234 deesse.
675 5209 707 5220 -
718 5179 728 5208 ¹
740 5182 811 5244 Luc,
827 5199 882 5251 cap.
895 5199 926 5246 x,
938 5199 962 5235 r.
974 5183 1005 5234 89
1015 5192 1103 5250 etseq.
1115 5207 1145 5220 -
1158 5181 1260 5246 'loan.,
1269 5195 1325 5248 cap.
1341 5197 1397 5242 ιιι,
1409 5197 1433 5233 r.
1448 5183 1478 5232 15
1488 5192 1514 5234 et
1525 5183 1564 5234 ll.
1640 5163 1651 5186 ⁹
