4486 6100
467 657 539 732 266
727 679 731 686 ·
986 593 1211 726 uatoissAE
1235 651 1530 726 rnosstsntt'n

467 796 642 869 intrabitis
656 797 693 866 in
709 819 858 892 regnum
872 793 1071 865 coelorum?
1088 823 1105 860 n
1125 799 1193 866 Aut
1216 793 1423 892 quomodo,
1453 808 1491 863 ut
1514 789 1703 889 Apostolus
1728 791 1775 860 ait
1788 795 1818 877 ¹,
1843 789 2040 887 reprobatio

468 920 512 989 sit
527 915 758 1017 praecedentis
777 913 934 985 mandati
953 929 1100 1013 propter
1118 913 1357 985 infirmitatem
1376 913 1451 1008 ejus
1465 927 1500 983 et
1517 909 1765 983 inutilitatem?
1783 907 1876 980 Nihil
1890 911 1986 982 enim
2000 909 2040 982 ad

467 1037 662 1136 perlectum
682 1034 829 1108 adduxit
847 1034 914 1106 lex.
933 1039 1054 1122 Quum
1073 1036 1169 1106 enim
1187 1035 1363 1105 Dominus
1388 1033 1487 1104 diviti
1509 1032 1697 1129 quaerenti,
1724 1030 1911 1128 quomodo
1940 1031 2042 1102 vitam

468 1174 634 1230 aeternam
666 1155 884 1254 possideret,
916 1154 1101 1252 respondit
1124 1154 1169 1226 de
1194 1153 1336 1225 duobus
1363 1153 1539 1224 mandatis
1559 1151 1776 1241 dilectionis,
1802 1175 1881 1248 quae
1905 1152 1941 1222 in
1972 1150 2042 1248 lege

468 1279 589 1348 suut':
609 1307 626 1344 o
643 1281 719 1345 Hoc
738 1275 805 1362 fac,
821 1291 854 1346 et
872 1275 982 1362 vives,
998 1302 1015 1340 n
1031 1288 1067 1345 et
1086 1274 1274 1372 Apostolus
1291 1273 1430 1344 dicat⁸:
1451 1301 1467 1339 a
1481 1273 1551 1360 Qui
1570 1272 1681 1368 diligit
1700 1272 1917 1370 proximum,
1933 1271 2043 1368 legem

467 1395 625 1493 implevit
652 1423 658 1464 :
684 1419 769 1466 nam
798 1419 872 1464 non
898 1392 1134 1482 adulterabis,
1162 1417 1237 1464 uon
1261 1392 1423 1482 occides,
1444 1407 1528 1482 etc,
1551 1419 1569 1458 n
1589 1407 1625 1463 et
1650 1393 1803 1462 iterum*
1824 1419 1832 1461 ε
1857 1421 1875 1460 n
1899 1391 2044 1464 Dilectio

467 1515 621 1613 proximi
646 1513 780 1584 malum
803 1538 875 1584 non
902 1528 1081 1610 operatur.
1112 1512 1299 1584 Plenitudo
1322 1537 1406 1610 ergo
1430 1513 1533 1610 legis,
1557 1526 1610 1584 est
1632 1511 1793 1600 dilectio;
1819 1539 1837 1578 n
1863 1511 2044 1609 quomodo

468 1635 512 1706 ad
532 1633 786 1731 perfectionem
806 1631 1057 1704 mandatorum
1074 1633 1174 1704 deest
1194 1631 1326 1729 aliquid
1347 1632 1434 1728 legi,
1451 1658 1563 1728 quum
1581 1631 1639 1703 illa
1658 1632 1764 1704 etiam
1783 1631 1857 1701 duo
1875 1645 2046 1729 praecepta

468 1751 666 1838 dilectionis
684 1753 750 1824 Dei
767 1766 803 1821 et
820 1751 972 1848 proximi
995 1748 1156 1822 sufficere
1179 1751 1329 1822 omnino
1351 1751 1551 1841 videantur,
1578 1775 1646 1822 nec
1669 1749 1802 1847 aliquid
1825 1749 2047 1848 perfectionis

468 1871 612 1944 deesse?

1078 2011 1211 2082 Solutio
1239 2009 1432 2083 Aboelnrdr'.

517 2178 638 2262 Quum
652 2175 700 2245 ait
713 2174 889 2245 Dominus
905 2201 913 2242 ε
932 2175 1035 2244 «Nisi
1053 2173 1287 2246 abundaverit
1299 2175 1434 2270 justitia
1451 2190 1566 2246 vestra
1583 2175 1663 2273 plus
1679 2199 1786 2272 quarn
1805 2174 2004 2246 scribarum
2017 2191 2051 2248 et

469 2293 734 2393 pharisaeorum,
753 2321 770 2358 n
782 2291 951 2364 subaudis
956 2293 1108 2390 justitia:
1124 2296 1266 2383 nonait,
1275 2294 1407 2390 justitia
1419 2294 1516 2391 legis.
1531 2293 1634 2366 Unde
1644 2309 1679 2365 et
1689 2292 1835 2391 [quum]
1849 2297 1885 2367 in
1900 2319 2051 2391 sequen-

469 2415 564 2487 tibus
573 2417 620 2487 ait
632 2419 643 2453 ⁸
657 2443 664 2484 ι
684 2445 701 2482 α
718 2414 871 2485 Audistis
888 2415 972 2512 quia
986 2413 1121 2486 dictum
1141 2429 1193 2486 est
1210 2416 1363 2512 antiquis
1381 2444 1387 2486 :
1405 2415 1528 2512 diliges
1541 2417 1696 2502 amicum
1709 2429 1824 2502 tuum,
1840 2431 1876 2486 et
1891 2415 1978 2488 odio
1992 2417 2052 2488 ha·

469 2535 570 2607 bebis
584 2535 767 2606 inimicum
779 2549 894 2622 tuum,
913 2563 930 2600 n
940 2558 1166 2632 nequaquam
1178 2532 1248 2606 hoc
1260 2535 1380 2632 inlege
1394 2537 1540 2634 reperiri
1552 2549 1680 2633 potest,
1697 2535 1760 2607 sed
1773 2537 1884 2632 magis
1895 2537 1930 2608 in
1943 2536 2053 2609 tradi·

470 2656 627 2728 tionibus
642 2653 836 2726 scribarum
849 2668 884 2725 et
892 2653 1147 2752 pharisaeorum
1156 2652 1225 2751 legi
1236 2653 1486 2751 superadditio,
1498 2655 1681 2752 dequibus
1689 2656 1865 2726 Dominus
1877 2657 1958 2730 air:
1979 2685 1998 2723 r
2011 2659 2054 2728 Et

468 2775 608 2847 irritum
636 2774 764 2844 fecistis
786 2771 994 2843 mandatum
1021 2773 1087 2844 Dei
1109 2787 1255 2871 propter
1277 2772 1484 2846 traditiones
1511 2789 1656 2845 vestras.
1676 2801 1694 2840 n
1718 2775 1912 2844 Praesertim
1939 2799 2054 2871 quum

469 2893 515 2966 de
539 2893 728 2966 dilectione
746 2893 899 2982 inimici,
929 2891 984 2963 vel
1003 2893 1109 2964 etiam
1127 2892 1173 2964 de
1195 2891 1376 2964 beneficiis
1403 2894 1436 2963 ei
1459 2892 1733 2991 impeudcndis,
1754 2893 1810 2964 lex
1834 2894 1910 2991 ipsa
1929 2897 2057 2993 praeci·

469 3015 543 3111 piat
559 3012 702 3085 dicens⁷
727 3041 734 3084 :
758 3042 777 3080 «
794 3012 830 3083 Si
847 3013 1043 3084 occurreris
1064 3010 1149 3082 bovi
1174 3012 1308 3083 inimici
1327 3013 1378 3084 tui
1394 3028 1456 3084 aut
1472 3014 1573 3084 asino
1591 3015 1742 3103 erranti,
1763 3012 1873 3086 reduc
1897 3039 1998 3086 eum.
2021 3016 2058 3086 si

467 3131 598 3202 videris
615 3132 756 3203 asinum
775 3130 928 3202 odientis
946 3145 982 3201 te
1004 3130 1122 3224 jacere
1141 3130 1207 3202 sub
1226 3154 1352 3220 onere,
1374 3156 1449 3202 non
1467 3133 1717 3231 pertransibis,
1740 3132 1802 3206 sed
1818 3132 1952 3206 levabis
1969 3159 2060 3207 cum

470 3275 526 3320 eo.
547 3279 564 3315 n
585 3255 629 3320 Et
653 3251 689 3319 in
714 3249 917 3321 Psalmista⁸
937 3277 944 3318 ε
969 3277 986 3317 «
1003 3250 1039 3320 Si
1056 3249 1196 3321 reddidi
1216 3250 1491 3324 retribuentibus
1507 3253 1595 3325 mihi
1611 3255 1722 3343 mala,
1742 3253 1907 3326 decidam
1924 3257 2061 3330 merito
2110 3339 2118 3354 ,

470 3369 515 3439 ab
534 3369 686 3439 inimicis
704 3371 791 3440 meis
807 3370 934 3439 inanis.
956 3397 973 3435 r
994 3373 1037 3439 Et
1053 3369 1222 3440 Salomon
1240 3373 1276 3443 in
1294 3372 1540 3444 Proverbies⁹.·
1563 3403 1581 3442 α
1596 3379 1646 3446 Ne
1664 3375 1780 3462 dicas,
1803 3375 1952 3448 reddam
1980 3401 2062 3448 ma·

470 3490 545 3561 lum
571 3516 637 3590 pro
666 3490 759 3562 malo
788 3519 795 3559 :
828 3505 974 3588 expecta
999 3493 1213 3582 Dominum,
1243 3508 1279 3564 et
1301 3493 1463 3567 liberabit
1484 3510 1529 3568 tc.
1552 3500 1673 3584 Quum
1697 3495 1862 3568 ceciderit
1887 3498 2066 3570 inimicus

471 3627 571 3700 tuus,
596 3636 641 3682 ne
660 3611 832 3707 gaudeas,
855 3626 890 3683 et
912 3613 948 3682 in
966 3612 1069 3682 ruina
1086 3612 1161 3708 ejus
1178 3637 1222 3684 ne
1241 3614 1372 3688 exultet
1390 3632 1572 3688 cortuum
1590 3643 1596 3686 :
1617 3641 1664 3688 ne
1680 3617 1771 3688 forte
1789 3617 1908 3693 videat
1925 3621 2064 3692 Domi·

471 3752 558 3819 nus,
577 3745 613 3801 et
631 3729 813 3828 displiceat
830 3731 874 3816 ci,
897 3745 932 3802 et
950 3729 1141 3802 auferatab
1152 3756 1195 3802 eo
1210 3734 1297 3803 iram
1311 3759 1423 3805 suam.
1443 3739 1493 3805 Nc
1506 3733 1603 3806 dicas
1625 3761 1632 3805 ε
1652 3734 1838 3832 quomodo
1852 3735 1933 3808 lecit
1946 3737 2064 3826 mihi,

471 3849 522 3920 sic
538 3849 664 3920 faciam
678 3850 723 3938 ei,
747 3848 893 3921 reddam
919 3849 1108 3946 unicuique
1128 3851 1325 3924 secundum
1344 3879 1434 3952 opus
1453 3879 1570 3925 suum.
1593 3881 1610 3920 n
1631 3859 1717 3926 ltem
1730 3858 1749 3892 ¹⁰
1772 3881 1779 3924 :
1802 3856 1871 3926 «Si
1888 3857 2070 3930 esurierit

472 3968 636 4038 inimicus
655 3983 753 4056 tuus,
774 3967 853 4039 ciba
870 3968 969 4038 illum
989 3997 997 4038 :
1018 3969 1047 4038 si
1066 3953 1211 4058 sitierit,
1236 3971 1283 4042 da
1301 3973 1333 4042 ei
1349 3995 1478 4068 aquam
1492 3970 1626 4044 bibere.
1646 3977 1780 4046 Prunas
1792 3975 1888 4045 enim
1900 3998 2069 4073 congre-

471 4085 569 4184 gabis
582 4111 689 4185 super
706 4077 812 4186 caput
829 4088 929 4182 ejus,
950 4101 986 4158 et
999 4088 1175 4159 Dominus
1196 4089 1320 4160 reddet
1341 4089 1415 4162 tibi.
1438 4120 1455 4157 n
1483 4096 1522 4162 Et
1540 4091 1664 4164 beatus
1681 4093 1750 4164 Job
1761 4096 1778 4132 ¹¹
1796 4121 1804 4163 ι
1829 4123 1846 4162 o
1862 4095 1900 4164 Si
1912 4098 2073 4190 gavisus

470 4231 568 4296 sum,
587 4235 605 4273 n
624 4207 758 4303 inquit,
786 4236 803 4274 t<
825 4206 872 4278 ad
893 4207 1034 4278 ruinam
1052 4207 1150 4302 ejus,
1170 4210 1231 4305 qui
1252 4234 1309 4280 me
1326 4210 1472 4300 oderat,
1494 4227 1529 4281 et
1546 4212 1719 4302 exultavi,
1741 4213 1841 4310 quod
1860 4215 2075 4290 invenisset

470 4350 553 4397 enm
571 4326 717 4398 malum.
744 4331 822 4397 Non
842 4328 938 4398 enim
956 4326 1040 4398 dedi
1057 4327 1102 4398 ad
1116 4327 1338 4426 peccandum
1357 4345 1477 4426 guttur
1485 4355 1619 4419 meum,
1639 4347 1678 4404 ut
1690 4349 1890 4432 expeterem
1905 4335 2075 4408 maledi-

471 4470 554 4518 cens
573 4449 728 4519 animam
749 4447 835 4542 ejus.
857 4474 874 4513 n
887 4451 965 4516 Non
985 4471 1069 4543 crgo
1081 4448 1235 4544 antiquis
1252 4447 1466 4544 hocjussum
1486 4450 1542 4522 vel
1554 4453 1840 4524 concessumfuit
1857 4455 1892 4524 in
1904 4453 2007 4551 lege,
2031 4474 2077 4528 ut
2200 4497 2206 4504 ,

431 4571 439 4583 '
471 4565 556 4635 odio
572 4564 745 4637 haberent
765 4567 969 4654 inimicum,
999 4564 1062 4636 sed
1075 4567 1207 4663 magis,
1229 4583 1266 4637 ut
1285 4567 1420 4639 dictum
1437 4585 1511 4660 est,
1529 4571 1565 4640 in
1580 4571 1829 4644 traditionibus
1845 4573 2077 4668 bominum,

471 4708 578 4780 quam
595 4686 631 4756 in
650 4685 832 4782 praeceptis
851 4687 915 4756 Dei
933 4683 1143 4756 habebatur.
1166 4689 1287 4774 Quum
1304 4713 1390 4785 ergo
1409 4689 1494 4762 dicit
1517 4693 1694 4762 Dominus
1707 4695 1727 4730 ¹¹
1754 4720 1761 4762 :
1793 4723 1811 4759 r
1832 4693 1916 4764 Plus
1941 4720 2081 4791 quam

471 4802 664 4874 scribarum
686 4818 721 4874 et
739 4802 1011 4900 phariseorum,
1031 4831 1048 4870 n
1077 4829 1151 4874 non
1171 4805 1374 4903 plusquam
1396 4807 1508 4906 legis:
1535 4833 1762 4907 nequaquam
1785 4810 1870 4883 hinc
1888 4817 2085 4908 cogimur

508 5075 1140 5145 ¹liebr.,ccp.rn,v.18.-¹Luc.,cap.1,v.
1162 5081 1243 5128 28.-
1276 5081 1967 5152 cassetum.vn,v.s.-⁹t³rov.‚cap.xr‚r.
1987 5091 2088 5142 22..-

471 5157 573 5220 'Rotam
583 5175 638 5225 cap.
648 5176 705 5220 xur,
716 5176 739 5211 r.
750 5161 820 5210 8.·-⁴
833 5160 906 5222 thid..
916 5179 939 5212 v.
953 5163 1037 5212 to.-⁸
1048 5162 1143 5224 llattb„
1153 5178 1208 5230 cap.
1219 5181 1243 5226 r,
1278 5161 1300 5190 '⁰
1312 5165 1397 5222 Prota,
1416 5179 1472 5230 cap.
1484 5183 1542 5228 xxv,
1554 5182 1576 5216 v.
1597 5167 1639 5216 tt.
1650 5191 1683 5204 -
1696 5167 1715 5194 ¹¹
1733 5168 1792 5226 Iob,
1804 5183 1859 5234 cap.
1872 5183 1951 5228 xxxi,
1978 5188 2009 5223 v.
2033 5177 2087 5230 29,

468 5255 491 5291 r.
504 5243 545 5293 ta.
556 5269 581 5280 -
595 5242 605 5270 ‘
617 5243 711 5304 liant..
721 5257 776 5310 cap.
792 5259 833 5303 xv,
844 5259 867 5292 v.
881 5245 903 5294 6.
922 5273 941 5281 —
959 5245 968 5273 ’
982 5247 1076 5306 Ecod„
1088 5261 1143 5312 cap.
1162 5263 1195 5298 xx
1245 5286 1250 5309 ,
1276 5275 1297 5282 ·-
1320 5245 1339 5272 “’
1352 5247 1448 5312 llatth.,
1460 5265 1516 5315 cap.
1527 5267 1552 5313 r,
1563 5251 1637 5301 att).
