4522 6102
503 650 572 720 t3t
931 647 1059 720 1³1⁴:th
1085 647 1319 720 ABAELARDl
1345 647 1401 720 ΕΤ
1425 649 1649 722 flutotssm

499 797 621 878 Quum
635 793 730 864 enim
742 792 964 889 praemisisset
979 815 987 858 :
1007 817 1026 857 a
1042 787 1344 861 adolescentiores
1359 803 1479 860 autem
1494 788 1616 860 viduas
1633 790 1766 881 devita,
1781 821 1799 858 »
1819 815 1963 864 causam
1971 793 2069 890 hujus

500 914 549 981 rei
560 927 595 984 et
604 910 739 982 consilii
751 911 803 980 sui
819 907 1119 982 medicamentum
1132 907 1249 978 statim
1262 909 1440 1005 apposuit,
1454 906 1590 980 dicens¹
1602 935 1610 978 ι
1624 938 1644 978 a
1657 914 1778 997 Quum
1787 912 1883 982 enim
1895 911 2069 984 luxuriatae

499 1031 643 1119 suerint,
664 1033 701 1102 in
720 1029 861 1102 Christo
884 1028 1021 1100 nubere
1038 1028 1183 1118 volunt,
1208 1025 1380 1098 babentes
1396 1027 1683 1120 damnationem,
1704 1031 1788 1126 quia
1800 1032 1954 1130 primam
1966 1031 2083 1104 lidem'

497 1151 630 1222 irritam
652 1149 825 1222 lecerunt.
847 1148 960 1222 Simul
982 1162 1100 1220 autem
1124 1163 1159 1218 et
1180 1147 1303 1219 otiosae
1320 1145 1461 1218 discunt
1477 1147 1664 1220 circumire
1687 1150 1843 1222 domos:
1864 1175 1939 1222 nou
1959 1151 2069 1224 solum

496 1273 633 1358 otiosae,
648 1269 711 1339 sed
725 1283 761 1340 et
770 1267 929 1340 verbosae
940 1280 973 1340 et
987 1267 1155 1354 curiosae,
1171 1265 1447 1364 loquentesque
1459 1289 1535 1338 uon
1546 1282 1698 1365 oportet.
1716 1268 1808 1340 Volo
1821 1293 1906 1366 ergo
1916 1270 2070 1367 juniores

496 1389 647 1480 nubere,
673 1387 766 1460 filios
788 1413 995 1488 procreare,
1023 1384 1302 1458 matresfamilias
1321 1409 1421 1476 esse,
1442 1385 1578 1457 nullam
1596 1388 1820 1461 occasionem
1840 1388 1928 1462 dare
1951 1389 2070 1464 adver·

494 1512 605 1600 sario,
621 1510 800 1583 maledicti
813 1510 935 1606 gratia
952 1508 1138 1580 lamenim
1148 1505 1313 1602 quaedam
1325 1529 1504 1578 oonversae
1515 1521 1597 1578 suut
1608 1522 1704 1580 retro
1716 1508 1921 1581 Sadranam.
1940 1537 1957 1576 n
1973 1514 2069 1582 Hanc

495 1657 640 1729 quoque
652 1631 810 1730 Apostoli
823 1630 1103 1730 providentium,
1120 1629 1166 1702 de
1178 1629 1386 1702 diaconissis
1404 1630 1536 1702 scilicet
1547 1630 1733 1728 eligendis,
1749 1632 1873 1706 besuus
1884 1636 2072 1730 Grcgon'us

493 1767 649 1841 secutus,
670 1753 824 1823 Maximo
838 1753 1041 1824 siracusano
1060 1751 1230 1849 episeopo
1244 1749 1380 1840 scribit,
1400 1749 1456 1822 his
1476 1749 1630 1823 rerbis¹z
1659 1752 1905 1825 «iuvenculas
1922 1753 2073 1826 abbatis-

494 1895 549 1942 sas
570 1871 879 1943 vehementissime
902 1869 1147 1968 probibemus.
1182 1867 1326 1940 Nullum
1348 1871 1453 1966 igitur
1478 1869 1687 1969 episcopum
1706 1871 1902 1944 fraternitas
1927 1889 1987 1946 tua
2007 1875 2070 1946 nisi

493 1992 754 2090 sexagenariam
772 1993 965 2089 virginem,
989 1991 1089 2088 cujus
1106 1991 1215 2062 vitam
1233 2005 1340 2088 atque
1355 2013 1475 2062 mores
1493 1991 1687 2087 exegerint,
1708 1992 1826 2064 velare
1843 1994 2035 2090 pennittat.
2054 2022 2068 2058 u

494 2111 695 2186 Abbatissas
719 2114 852 2211 quippe
874 2135 963 2209 quas
987 2133 1084 2182 nuno
1104 2109 1257 2181 dicimus
1282 2111 1476 2208 antiquitus
1504 2110 1719 2184 diaconissas
1745 2111 1939 2204 vocabant,
1971 2115 2071 2210 quasi

493 2231 737 2304 ministeriales
764 2233 884 2331 potius
909 2255 1018 2328 quam
1043 2245 1185 2302 matres.
1209 2231 1388 2302 Diaconus
1410 2231 1544 2329 quippe
1568 2231 1729 2303 minister
1749 2232 2012 2332 iuterpretatur,
2040 2249 2071 2305 et

492 2353 707 2424 diaconissas
719 2351 764 2424 ab
778 2351 1083 2422 administratione
1098 2351 1218 2447 potius
1236 2373 1346 2447 quam
1363 2373 1384 2422 a
1402 2349 1606 2450 praelatione
1624 2351 1883 2450 nuncupandus
1900 2377 1977 2426 esse
1994 2377 2075 2426 oen·

492 2471 636 2561 sebant,
668 2471 867 2544 secundum
900 2468 999 2568 quod
1026 2471 1103 2568 ipse
1126 2469 1303 2541 Dominus
1332 2484 1405 2541 tam
1431 2469 1601 2568 exemplis
1627 2495 1738 2567 quam
1763 2470 1879 2544 verbis
1900 2473 2070 2559 instituit,

491 2593 651 2663 dicens':
680 2622 696 2662 a
715 2591 784 2680 Qui
804 2590 919 2687 major
947 2599 1007 2662 est*
1020 2605 1194 2678 vestrum,
1222 2590 1289 2660 erit
1308 2590 1467 2660 minister
1490 2603 1614 2662 vester.
1637 2619 1655 2656 a
1685 2594 1728 2661 Et
1745 2592 1919 2662 iterum‘:
1948 2622 1968 2660 a
1982 2596 2072 2666 Nam

489 2714 568 2808 quis
587 2712 703 2807 major
724 2722 795 2798 est,
818 2712 880 2808 qui
897 2708 1079 2782 recumbit
1100 2733 1145 2780 au
1168 2709 1230 2806 qui
1253 2708 1428 2780 ministrat
1443 2708 1458 2777 l
1475 2711 1550 2805 Ego
1572 2723 1692 2780 autem
1714 2711 1749 2780 in
1774 2709 1895 2780 medio
1915 2725 2072 2784 vestrum

487 2857 590 2921 sum,
624 2834 714 2904 sicut
739 2831 801 2928 qui
837 2831 1069 2902 ministrat.»
1115 2831 1157 2900 Et
1194 2828 1338 2900 alibi¹:
1378 2855 1395 2896 u
1418 2829 1515 2898 Sicut
1546 2828 1638 2899 lilius
1678 2827 1833 2900 hominis
1865 2855 1940 2902 non
1976 2834 2076 2904 venit

486 2955 698 3041 ministrari,
723 2951 787 3023 sed
805 2951 1052 3022 ministrare.»
1081 2949 1184 3021 Unde
1202 2965 1237 3020 et
1258 2950 1496 3044 Hieronymus
1513 2947 1585 3019 boc
1609 2950 1728 3046 ipsum
1754 2972 1886 3021 nomen
1912 2949 2072 3042 abbatis,

486 3100 559 3173 quo
574 3075 649 3170 jam
675 3073 817 3170 gloriari
836 3070 968 3142 multos
994 3083 1164 3157 noverat,
1190 3095 1233 3140 ex
1254 3072 1328 3166 ipsa
1354 3072 1499 3140 Domini
1518 3071 1726 3142 auctoritate
1747 3094 1820 3141 non
1845 3069 2076 3146 mediocriter

486 3222 590 3268 ausus
615 3211 668 3268 est
694 3219 853 3292 arguere.
885 3193 956 3278 Qui
979 3190 1144 3262 videlicet
1168 3213 1252 3260 eum
1286 3190 1407 3260 locum
1432 3213 1615 3288 exponens
1631 3215 1706 3286 quo
1733 3192 1923 3288 scriptum‘
1948 3209 2003 3266 est
2036 3196 2073 3265 in

485 3313 634 3413 epistola
666 3313 716 3383 ad
755 3313 927 3384 Galuan'
959 3339 967 3378 ε
1009 3339 1025 3376 a
1055 3309 1277 3380 Clamantem
1305 3336 1312 3378 :
1344 3307 1442 3379 Abba
1475 3324 1587 3405 pater.
1613 3337 1630 3375 u
1670 3339 1688 3378 a
1713 3309 1810 3381 Abba
1826 3363 1836 3398 ‚
1855 3339 1874 3378 »
1911 3313 2073 3410 inquit⁸,

487 3434 726 3506 «hebraicum
751 3446 824 3520 est,
849 3429 921 3500 hoc
943 3431 1061 3526 ipsum
1087 3425 1288 3524 significans
1307 3426 1407 3524 quod
1426 3442 1537 3524 pater.
1566 3432 1687 3515 Quum
1713 3443 1832 3500 autem
1854 3429 1946 3502 abba
1969 3449 2078 3529 pater

484 3553 627 3626 hebraeo
651 3575 804 3647 syroque
833 3571 998 3620 sermone
1026 3546 1184 3634 dicatur,
1212 3561 1248 3618 et
1272 3547 1449 3617 Dominus
1476 3548 1512 3617 in
1538 3547 1728 3644 Evangelio
1751 3549 1968 3646 praecipist’,
1992 3551 2079 3624 nul-

485 3673 559 3744 lum
578 3686 717 3770 patrem
735 3665 940 3740 vocandum
959 3687 1035 3736 esse
1053 3665 1120 3737 nisi
1142 3669 1258 3736 Deum
1281 3694 1288 3734 ;
1313 3665 1432 3736 nescio
1455 3689 1526 3761 qua
1545 3664 1686 3736 licentia
1709 3667 1745 3736 in
1770 3669 1994 3740 monasteriis
2014 3670 2078 3742 vel

485 3815 653 3862 vocemus
669 3789 742 3860 hoc
756 3786 903 3858 nomine
921 3785 1028 3873 alios,
1049 3784 1105 3855 vel
1122 3785 1242 3855 vocari
1259 3807 1326 3855 nos
1345 3784 1621 3881 aequiescamus.
1649 3790 1688 3856 Et
1701 3801 1796 3856 certe
1814 3786 1889 3884 ipse
1903 3790 2080 3888 precepit

485 3911 571 3999 boc,
588 3909 650 4007 qui
664 3909 800 3979 dixerat
812 3929 887 3979 non
902 3929 977 3976 esse
985 3904 1193 4000 jurandum.
1206 3904 1243 3974 Si
1257 3927 1331 3977 non
1348 3903 1528 3998 juramus,
1548 3927 1616 3974 nec
1633 3919 1770 4001 patrem
1782 3906 1990 4004 quempiam
2004 3933 2081 3980 no-

486 4035 673 4103 minemus.
696 4031 731 4100 Si
745 4028 791 4099 de
812 4040 912 4125 patre
931 4023 1243 4122 interpretabimur
1263 4022 1378 4112 aliter,
1397 4039 1434 4094 et
1460 4023 1505 4094 dc
1521 4023 1677 4118 jurando
1697 4023 1800 4095 aliter
1819 4027 1950 4096 sentire
1967 4049 2083 4124 coge-

485 4179 576 4224 mur.
592 4181 609 4218 υ
626 4155 676 4220 Ex
690 4149 746 4220 his
759 4146 918 4246 prolecto
932 4144 1139 4217 diaconissis
1157 4142 1313 4214 Pboebcu
1335 4143 1430 4213 illam
1451 4143 1554 4213 luisse
1575 4158 1731 4232 constat,
1751 4167 1860 4240 quam
1879 4145 2082 4243 Apostolus

485 4273 650 4342 llomanis
665 4269 850 4366 diligenter
866 4264 1144 4350 commendans,
1166 4277 1286 4360 etpro
1305 4285 1346 4332 ea
1366 4286 1534 4348 exorans,
1556 4264 1649 4333 ait¹⁰:
1675 4262 1929 4336 «Commendo
1945 4279 2081 4336 autem

482 4391 584 4464 vobis
599 4387 934 4462 Phoebensororem
949 4397 1125 4468 nostram,
1143 4405 1222 4478 quae
1241 4396 1294 4452 est
1316 4381 1352 4452 in
1371 4381 1566 4452 ministerio
1585 4379 1755 4469 ecclesiae,
1772 4405 1850 4478 quae
1864 4382 1965 4454 estin
1981 4388 2086 4456 Cen-

481 4514 574 4583 cbris
592 4539 600 4580 ι
622 4525 662 4580 ut
680 4533 759 4579 eam
781 4504 977 4600 suscipiatis
994 4504 1029 4572 in
1051 4501 1207 4571 Domino
1227 4498 1333 4596 digne
1349 4501 1496 4588 sanctis,
1518 4515 1553 4570 et
1570 4499 1738 4572 assistatis
1752 4501 1785 4570 ei
1800 4501 1837 4570 in
1851 4525 2086 4600 quocunque

483 4632 626 4728 negotio
646 4643 763 4699 vestro
777 4623 981 4721 indiguerit.
995 4621 1136 4693 Etenim
1150 4621 1224 4716 ipsa
1237 4643 1381 4716 quoque
1394 4621 1503 4690 astitit
1517 4620 1654 4708 multis,
1671 4635 1706 4691 et
1722 4621 1811 4692 mibi
1827 4623 1936 4718 ipsi.»
1951 4625 2084 4710 Quem

485 4751 631 4850 quidem
642 4749 763 4820 locum
777 4762 849 4818 tam
867 4741 1101 4816 Cassiodorus
1113 4764 1224 4837 quam
1235 4739 1403 4812 Claudius
1416 4753 1653 4837 exponentes,
1670 4740 1783 4835 ipsam
1802 4740 1893 4811 illius
1915 4740 2087 4816 ecclesiae

520 5024 527 5049 ¹
551 5021 665 5078 mlh-0
676 5033 730 5082 ⁶³1¹·
743 5033 767 5078 l,
779 5033 803 5066 V·
818 5019 841 5064 Η
855 5025 880 5064 ⁰¹
892 5031 930 5080 lq·
941 5011 993 5050 ··¹
1007 5013 1096 5075 spus,
1106 5009 1150 5061 llb·
1162 5007 1206 5071 W,
1219 5013 1258 5070 11.
1293 5010 1407 5062 'Gomm
1424 5011 1447 5061 in
1460 5012 1533 5077 epist.
1545 5015 1579 5060 ad
1592 5012 1685 5068 Galat,
1699 5011 1743 5060 lib.
1759 5011 1793 5068 ll,
1809 5026 1864 5076 cap.
1876 5026 1909 5072 tv,
1924 5011 1984 5072 Opp.
1999 5022 2022 5061 t.
2038 5015 2090 5074 tv,

489 5109 550 5170 Ορρ.
568 5117 586 5156 t.
606 5105 641 5162 ll,
663 5103 712 5152 ool.
730 5097 958 5154 692.-⁸Manh,‚
971 5111 1026 5162 cap·
1044 5110 1117 5154 un„
1131 5111 1155 5146 7,
1174 5097 1213 5143 ῃ,
1229 5121 1258 5131 ..
1292 5111 1319 5160 p·
1332 5096 1390 5143 2va
1406 5125 1430 5132 ,,
1444 5094 1454 5122 r
1467 5095 1561 5158 manhu,
1574 5111 1629 5162 cup.
1641 5111 1666 5156 v,
1678 5111 1701 5144 v·
1715 5097 1754 5144 34.
1772 5123 1792 5132 ,
1810 5093 1831 5120 ro
1846 5096 1927 5152 pom„
1940 5109 1996 5160 cap·
2014 5113 2069 5148 m
2086 5142 2092 5154 ἱ

487 5191 580 5249 ‘Luc.,
594 5204 651 5254 cap.
663 5201 739 5244 xnu,
751 5201 775 5235 v.
788 5185 829 5234 at.
838 5182 890 5222 --ι
905 5181 1001 5240 llattb.,
1014 5195 1069 5244 cap.
1082 5195 1131 5240 xx,
1143 5195 1166 5228 v.
1184 5181 1260 5228 28.-
1293 5193 1315 5228 t.
1333 5181 1342 5226 1
1360 5189 1385 5228 et
1396 5181 1422 5228 Ω.

487 5279 555 5339 ‘Qut'
571 5279 673 5337 scriptus
690 5273 739 5323 llS.
756 5269 1000 5328 brnb.*¹Galut.,
1020 5283 1074 5332 cap.
1097 5283 1129 5326 rt,
1150 5281 1173 5313 v.
1189 5267 1260 5313 6.-
