4510 6108
659 526 703 598 ΙΝ
728 524 881 597 DlEBUS
906 523 1198 596 Rouxtloutm
1223 524 1384 596 stulto.
1742 523 1807 593 titt

230 667 390 770 praecipit
404 672 500 740 Deus
519 667 647 740 'manet
671 668 884 765 ignorantia.
912 665 1071 740 Verbum
1092 668 1157 738 Dei
1180 668 1355 757 ruminat,
1382 666 1445 764 qui
1469 665 1589 765 ipsum
1611 665 1816 764 frequenter

230 789 398 878 revolvit,
418 803 457 860 ut
473 788 675 885 diligentius
691 787 884 884 intelligat,
903 788 994 859 sicut
1018 789 1190 886 scripturn
1207 793 1272 859 est¹
1298 816 1306 858 ε
1329 791 1403 858 «Et
1424 788 1460 858 in
1482 785 1559 883 lege
1575 787 1650 884 ejus
1667 786 1815 860 medita·

229 909 326 981 bitur
343 910 401 981 die
418 933 459 981 ac
476 925 595 982 nocte.
613 937 629 976 u
648 908 784 980 Divisio
807 923 926 980 autem
949 907 1088 1003 ungulae
1108 933 1179 1004 qua
1200 906 1418 996 incedimus,
1441 907 1609 978 discretio
1631 922 1683 979 est
1704 932 1814 1005 quam

229 1033 266 1102 in
283 1032 401 1104 verbis
422 1032 552 1103 divinis
576 1030 777 1119 habemus3
802 1055 916 1128 quum
941 1028 1106 1102 videlicet
1130 1029 1317 1126 diligenter
1342 1028 1576 1118 attendimus,
1605 1028 1693 1125 quid
1713 1030 1814 1124 juxta

228 1153 381 1225 litteram
397 1155 442 1224 sit
462 1152 729 1252 accipiendum,
752 1151 842 1250 quid
862 1153 908 1223 ad
929 1177 1075 1224 sensum
1096 1153 1286 1249 mysticum
1307 1151 1362 1223 vel
1380 1150 1554 1222 moralem
1574 1151 1620 1222 sit
1636 1153 1814 1250 applican-

226 1273 328 1344 dum.
349 1278 398 1344 Ex
415 1297 487 1371 qua
502 1272 649 1370 quidem
664 1272 896 1369 intelligentia
911 1271 1058 1370 triplici,
1082 1272 1170 1344 dum
1186 1273 1287 1370 quasi
1304 1271 1520 1369 quibusdam
1537 1270 1676 1344 ferculis
1693 1275 1812 1348 anima

228 1390 400 1483 reficitur,
415 1418 499 1465 vera
515 1393 705 1492 prudentia
722 1392 932 1482 illustratur,
946 1417 1012 1464 nec
1029 1415 1198 1488 generare
1216 1406 1332 1489 potest
1348 1391 1530 1463 fastidium
1547 1391 1611 1462 ista
1627 1390 1811 1478 diversitas

227 1511 454 1584 ferculorum.
478 1513 582 1586 Panis
603 1528 723 1584 autern
739 1511 1087 1611 supersubstantialis
1107 1511 1167 1583 hic
1184 1511 1416 1607 intelligentia
1432 1509 1579 1599 dicitur,
1604 1511 1690 1608 quia
1704 1511 1811 1610 longe

226 1630 284 1701 hic
300 1631 401 1704 cibus
418 1633 546 1703 animae
561 1632 789 1706 excellentior
804 1646 874 1721 est,
893 1653 1004 1729 quam
1020 1630 1208 1728 quodlibet
1228 1628 1477 1718 substantiale,
1501 1627 1538 1698 id
1555 1644 1608 1700 est
1623 1632 1811 1730 corporale

225 1750 451 1841 alimentum,
470 1751 570 1850 quod
586 1777 670 1824 cum
686 1751 902 1824 animalibus
916 1751 1021 1822 nobis
1037 1766 1090 1822 est
1106 1775 1312 1824 commune.
1333 1754 1427 1821 Bene
1444 1774 1530 1845 ergo
1546 1763 1710 1821 nostrum
1724 1751 1810 1823 dicit

223 1895 354 1968 panem
371 1873 495 1962 istum,
513 1873 585 1944 hoc
605 1889 659 1945 est
677 1875 866 1972 proprium
887 1872 1115 1947 rationalium
1137 1873 1350 1945 animarum.
1375 1871 1484 1957 Quod
1504 1870 1593 1941 dicit
1611 1899 1629 1938 a
1640 1871 1773 1961 hodie,
1790 1903 1807 1940 u

223 1991 292 2064 tale
309 2007 361 2063 est
377 2017 419 2064 ac
435 1993 463 2064 si
479 1991 632 2083 diceret,
651 1993 688 2063 in
704 1993 773 2064 hac
789 1993 954 2091 praesenti
969 1993 1059 2082 vita,
1082 1993 1154 2064 hoc
1170 1992 1276 2064 nobis
1292 1992 1462 2080 viaticum
1485 1991 1663 2079 ministra,
1682 2016 1729 2062 ne
1745 1993 1808 2065 de·

223 2109 383 2184 ficiamus
399 2113 436 2183 in
452 2114 522 2185 via.
548 2118 628 2185 Non
649 2115 725 2186 sine
746 2113 985 2185 admiratione
1008 2113 1150 2186 videtur
1170 2111 1420 2210 accipiendum
1440 2110 1540 2207 quod
1565 2110 1662 2209 apud
1683 2137 1750 2184 nos
1771 2113 1807 2184 in

218 2233 520 2306 consuetudinem
547 2233 710 2305 Ecclesiae
737 2234 892 2322 venerit,
924 2248 964 2305 ut
991 2257 1105 2330 quum
1137 2217 1339 2304 orationem
1366 2231 1587 2304 dominicam
1620 2231 1657 2302 in
1690 2233 1808 2306 verbis

221 2350 386 2460 Matthaei·
388 2353 672 2450 frequentemus,
691 2355 754 2450 qui
770 2378 863 2442 eam,
882 2368 922 2424 ut
938 2353 1076 2426 dictum
1093 2365 1158 2442 est,
1177 2351 1370 2450 perfectius
1384 2351 1584 2449 scripserit,
1602 2377 1716 2423 unum
1733 2354 1807 2450 ejus

221 2472 393 2562 verbum,
413 2457 547 2546 caeteris
569 2475 739 2546 omnibus
761 2477 925 2566 retentis,
945 2489 1227 2564 commutemus,
1247 2497 1315 2572 pro
1336 2471 1765 2572 «supersubstantialem,
1787 2506 1804 2544 u

219 2593 351 2666 scilicet
366 2595 467 2693 quod
488 2597 563 2695 ipse
584 2597 728 2695 posuit,
747 2597 906 2668 dicentes
925 2625 942 2664 a
957 2596 1226 2694 quotidianum,
1238 2625 1256 2664 n
1276 2596 1367 2668 sicut
1382 2600 1495 2668 Lucas
1511 2596 1560 2668 ait
1584 2597 1806 2694 :praesertim

219 2739 331 2811 quum
345 2715 450 2814 hujus
465 2719 569 2816 panis
585 2717 739 2815 dignitas
755 2743 831 2789 non
843 2719 962 2789 minus
978 2718 1128 2816 exprimi
1141 2716 1318 2807 videatur,
1334 2743 1448 2814 quum
1456 2717 1806 2815 supersubstantialis

217 2833 365 2926 dicitur,
385 2863 495 2935 quam
515 2863 627 2936 quum
648 2837 885 2937 quotidianus.
900 2837 1110 2937 appellatur.
1136 2839 1300 2936 Denique
1321 2839 1350 2911 si
1371 2837 1586 2910 arbitremur
1601 2862 1622 2910 a
1638 2839 1805 2914 mnhaeo

218 2955 343 3030 melius
359 2959 554 3032 dicendum
570 2960 676 3032 fuisse
695 2989 712 3028 a
724 2957 994 3058 quotidianum,
1006 2988 1025 3028 u
1040 2983 1150 3056 quam
1168 2957 1619 3056 «supersubstantialem»
1637 2959 1717 3057 quis
1733 2959 1804 3034 hoc

218 3081 485 3177 presumptioni
502 3105 576 3152 non
594 3082 763 3178 imputet,
790 3096 831 3152 ut
854 3105 933 3152 non
955 3079 1075 3152 solum
1089 3078 1318 3177 Apostolum,
1345 3080 1581 3152 verumetiam
1605 3079 1803 3164 Dominum

216 3183 393 3298 corrigere
422 3200 588 3289 velimus,
615 3225 729 3300 quum
753 3201 811 3272 ille
836 3199 887 3274 sic
911 3225 991 3272 eam
1012 3201 1209 3298 scripserit,
1239 3202 1330 3272 sicut
1355 3223 1437 3274 eam
1452 3198 1614 3274 audierat
1630 3203 1804 3300 apostolis

217 3318 326 3407 tradi,
345 3333 381 3390 et
396 3319 442 3392 ab
458 3321 639 3418 eisipsam
659 3319 838 3390 credimus
854 3317 1085 3416 frequentari,
1103 3319 1195 3392 sicut
1210 3318 1260 3390 eis
1276 3331 1329 3392 est
1345 3318 1492 3408 tradita,
1511 3334 1547 3392 et
1572 3319 1624 3392 ab·
1635 3319 1801 3418 apostolo

217 3438 252 3508 in
270 3439 396 3510 eadem
413 3439 520 3546 etiam
536 3439 656 3536 lingua
671 3440 771 3538 prius
787 3439 940 3537 scripta?

264 3559 397 3646 Quinta
420 3573 540 3632 autem
560 3559 685 3658 petitio
707 3583 786 3657 quae
807 3558 939 3630 dicitur
956 3584 964 3627 ι
980 3587 999 3627 a
1016 3561 1061 3629 Et
1076 3555 1217 3630 dimitte
1235 3553 1345 3630 nobis
1358 3557 1479 3638 debita
1497 3572 1637 3647 nostra,
1658 3559 1751 3631 sicut
1766 3577 1801 3632 et

216 3699 282 3774 nos
291 3677 502 3751 dimittimus
514 3679 738 3752 debitoribus
747 3680 879 3751 nostris
890 3706 929 3768 ,u
946 3679 1149 3776 equitatem
1163 3677 1319 3775 postulat
1326 3679 1483 3776 justitiae.
1496 3683 1653 3777 AEquum
1667 3681 1800 3780 quippe
1878 3674 1888 3694 ⁸
1903 3692 1908 3702 '

215 3814 287 3889 est,
306 3815 341 3872 et
356 3801 427 3874 hoc
439 3801 575 3896 justitia
590 3802 712 3898 exigit,
732 3815 771 3872 ut
786 3799 910 3898 quales
926 3824 990 3897 per
1007 3797 1289 3872 misericordiam
1305 3825 1373 3872 nos
1389 3799 1604 3874 exhibemus.
1614 3803 1804 3899 proximo,-

216 3918 322 3991 talem
338 3919 442 3992 nobis
458 3921 683 3992 inveniamus
698 3923 826 3991 Deum.
846 3917 974 3989 Debita
991 3917 1090 4007 dicit,
1109 3941 1233 4016 poeuas
1249 3942 1317 4014 pro
1334 3919 1488 4015 peccatis
1505 3916 1657 3993 debitas.
1676 3925 1800 4009 Quum

213 4038 327 4110 dicit:
349 4041 479 4112 «Sicut
499 4054 534 4112 et
555 4063 622 4112 nos
643 4039 855 4112 dimittimus
876 4037 952 4110 aliis
968 4060 1033 4110 sua
1053 4035 1196 4127 debita,
1213 4065 1231 4103 u
1250 4035 1342 4110 adeo
1364 4061 1431 4115 nos
1452 4038 1498 4113 ad
1514 4039 1798 4118 misericordiam

211 4161 441 4256 constringit,
468 4174 508 4231 ut
528 4159 604 4232 baec
629 4161 745 4232 oratio
771 4184 792 4231 a
817 4157 924 4230 nobis
942 4159 1063 4256 potius
1084 4157 1131 4230 ad
1155 4157 1426 4232 damnationem
1448 4183 1558 4257 quam
1579 4159 1625 4232 ad
1646 4160 1797 4242 salutem

212 4279 369 4371 dicatur,
382 4283 412 4353 si
422 4282 670 4354 misericordes
687 4307 761 4353 non
779 4281 964 4353 fuerimus.
983 4277 1171 4376 Debitores
1187 4295 1334 4354 nostros
1346 4279 1406 4352 bic
1422 4280 1526 4370 dicit,
1540 4281 1633 4354 sicut
1648 4307 1798 4379 sequen·

210 4400 259 4472 tia
279 4401 458 4498 Evangelii
479 4416 643 4500 patenter
663 4403 864 4491 insinuant,
888 4401 951 4498 qui
970 4399 1109 4500 probis
1125 4425 1204 4498 quae
1225 4401 1261 4471 in
1279 4425 1346 4472 nos
1362 4402 1619 4475 commiserunt
1635 4401 1794 4499 quodam

208 4519 335 4592 debito
351 4546 465 4619 poenae
481 4523 743 4618 astringuntur,
762 4537 801 4594 ut
820 4547 888 4620 pro
910 4521 965 4593 his
981 4521 1115 4593 scilicet
1133 4521 1254 4619 puniri
1274 4522 1345 4594 sint
1361 4521 1473 4618 digni.
1493 4521 1632 4610 Quibus
1647 4522 1793 4621 quidem

211 4637 305 4711 banc
322 4664 466 4737 poenam
487 4656 662 4738 quantum
685 4643 720 4712 in
739 4641 844 4713 nobis
864 4655 917 4712 est
937 4639 1168 4730 remittimus,
1191 4665 1304 4739 quum
1325 4642 1362 4713 in
1384 4641 1434 4714 cis
1454 4641 1501 4713 ad
1517 4641 1793 4714 satisfactionem

211 4759 356 4856 paratis,
375 4759 510 4832 nullam
526 4776 674 4860 propter
688 4761 760 4832 hoc
776 4761 972 4833 vindictam
989 4761 1145 4832 exerceri
1159 4760 1338 4858 volumus.
1358 4767 1402 4832 Et
1421 4762 1492 4833 hoc
1513 4776 1566 4834 est
1587 4787 1654 4834 nos
1669 4785 1793 4861 poenas

209 4877 424 4950 delictorum
440 4879 486 4952 ad
503 4879 772 4952 similitudinem
785 4882 850 4952 Dei
864 4881 1061 4977 ignoscere,
1076 4906 1188 4978 quum
1205 4881 1271 4954 illis
1288 4882 1334 4954 de
1350 4881 1454 4954 illatis
1470 4882 1606 4980 injuriis
1622 4883 1793 4982 poeniten·

243 5149 251 5174 ¹
270 5149 359 5200 Paalm.
