4496 6102
679 601 736 723 nt
762 599 896 674 slttts
922 599 1165 672 situation
1190 541 1397 724 ΒΕΗΜΟ...

813 977 870 1062 111
903 975 1094 1062 EADEM
1130 975 1239 1060 Dlll.
1322 1055 1330 1068 .

943 1253 1054 1301 SERMO
1080 1256 1114 1298 X.

289 1425 556 1522 «Egredimini‚
578 1425 656 1498 filiae
673 1427 785 1518 Sion,
800 1445 835 1502 ct
856 1430 973 1522 videte
990 1454 1111 1527 regem
1129 1419 1360 1503 Salomonem
1381 1433 1419 1502 in
1435 1431 1634 1504 diademate
1658 1454 1724 1502 suo
1749 1455 1822 1526 quo

238 1546 423 1619 coronavit
435 1569 518 1617 eum
531 1564 644 1620 mater
655 1571 718 1622 sua
731 1549 768 1620 in
783 1549 841 1620 die
853 1549 1138 1648 desponsationis
1152 1551 1257 1641 illius,
1270 1555 1350 1624 etin
1361 1549 1419 1624 die
1426 1551 1551 1622 laetitite
1563 1551 1681 1622 cordis
1692 1550 1794 1646 ejus¹.
1803 1578 1821 1616 u
1842 1531 1852 1550 ⁸

206 1681 218 1704 ·
239 1669 319 1750 Quo
335 1663 456 1760 egredi
473 1663 734 1739 admoneantur
753 1665 831 1740 fuiae
849 1670 954 1752 Sion,
975 1671 1050 1768 ipse
1068 1685 1184 1744 textus
1199 1673 1340 1770 Cantici
1355 1673 1581 1742 Canticorum
1600 1696 1643 1742 es
1660 1670 1727 1742 illis
1744 1695 1823 1766 quae

238 1785 416 1882 praemissa
434 1800 518 1858 sunt
535 1801 697 1884 patenter
714 1789 880 1862 insinuat.
898 1793 1019 1876 Quum
1044 1791 1140 1862 enim
1158 1790 1325 1864 dixisset:
1346 1790 1565 1864 «Ferculum
1584 1791 1664 1862 lecit
1681 1790 1748 1863 sibi
1761 1817 1820 1862 rex

239 1903 407 1977 Salomon
432 1904 478 1976 de
499 1904 603 2002 lignis
621 1905 760 1998 libani,
782 1935 800 1974 ιι
817 1923 923 2004 atque
942 1911 1058 2006 ipsum
1077 1910 1288 1982 miraculum
1306 1935 1414 2006 quam
1433 1909 1593 1984 mirabile
1615 1910 1720 1981 fuerit
1742 1908 1823 1981 dili-

239 2038 361 2117 genter
385 2022 644 2122 descripsisset,
662 2027 779 2100 stetim
804 2025 892 2100 filias
910 2029 995 2100 Sion
1017 2028 1139 2124 egredi
1155 2028 1319 2102 hortatur
1340 2029 1386 2100 ad
1403 2030 1519 2126 ipsum
1546 2051 1666 2124 regem
1689 2029 1726 2100 in
1754 2028 1825 2098 boc

239 2141 371 2212 ferculo
397 2167 462 2214 suo
487 2145 793 2242 conspiciendum.
823 2150 883 2216 Hae
906 2170 990 2218 vero
1017 2162 1099 2218 sum
1118 2148 1222 2245 ipsae,
1243 2171 1331 2244 quas
1347 2149 1384 2220 in
1402 2149 1568 2244 proximo
1586 2146 1723 2220 dixerat
1736 2146 1826 2218 filias

240 2260 449 2350 Jerusalem,
469 2287 581 2359 quam
607 2265 673 2337 ait¹
692 2290 701 2330 ι
721 2263 871 2336 «Media
898 2267 1041 2336 caritate
1070 2267 1264 2340 constravit
1293 2281 1440 2364 propter
1470 2265 1558 2338 filias
1580 2265 1823 2340 Jerusalem.»

241 2385 337 2466 Quas
359 2397 528 2480 tauquam
553 2384 599 2455 ad
629 2383 943 2458 conscendendum
976 2388 1012 2456 in
1045 2388 1161 2484 ipsum
1187 2385 1361 2460 ferculum
1388 2387 1607 2475 admoneus,
1635 2385 1737 2481 jubet
1767 2409 1826 2457 eas

240 2501 378 2596 egredi,
396 2517 435 2572 ut
452 2497 495 2582 in·
508 2505 585 2602 ipso
602 2503 736 2577 ferculo
753 2529 834 2601 rege
851 2521 1046 2603 conspecto
1063 2507 1139 2601 ejus
1157 2531 1279 2578 amore
1297 2505 1344 2578 ad
1362 2531 1445 2578 eum
1464 2506 1657 2580 ascendere
1673 2507 1827 2578 niteren-

241 2621 350 2689 turin
372 2621 489 2718 ipsum
510 2623 585 2716 ejus
600 2623 788 2710 feretrum,
809 2622 880 2694 hoc
897 2639 949 2696 est
966 2625 1042 2719 ejus
1059 2625 1255 2696 imitatione
1274 2645 1417 2696 crucem
1435 2627 1511 2720 ejus
1532 2625 1716 2711 tollendo,
1737 2625 1827 2696 siout

240 2734 388 2831 ipsemet
410 2737 765 2812 admonetdicensN
788 2769 805 2808 s
824 2741 894 2830 Qui
912 2741 987 2814 vult
1004 2743 1127 2814 venire
1143 2756 1224 2839 post
1241 2765 1320 2830 me,
1340 2741 1489 2836 abneget
1515 2744 1764 2837 semetipsum,
1792 2753 1828 2811 et
1883 2817 1885 2826 ,

241 2855 339 2929 tollat
353 2882 494 2930 crucem
508 2883 629 2948 suam,
646 2874 681 2932 et
699 2874 868 2956 sequatur
885 2885 962 2951 me,
977 2890 996 2928 ιι
1014 2861 1084 2934 hoc
1098 2876 1169 2951 est,
1186 2861 1367 2958 passiones
1383 2861 1560 2931 sustinens
1578 2884 1637 2930 me
1654 2861 1822 2930 imitetur.

241 2975 333 3046 Filiae
362 2977 481 3072 itaque
508 2979 616 3067 Sion,
636 2978 744 3050 idest
768 2979 984 3066 Jerusalem,
1005 3004 1078 3051 non
1103 2978 1310 3075 Babylonis,
1332 2977 1455 3050 fideles
1479 2978 1605 3051 animae
1628 2992 1729 3066 sunt,
1749 3000 1828 3072 quae
1889 3003 1890 3006 ¹

241 3094 288 3164 ad
305 3097 482 3166 civitatem
499 3098 565 3168 Dei
584 3112 754 3192 tauquam
777 3099 872 3169 cives
889 3099 1090 3195 pertinent,
1110 3123 1184 3170 non
1198 3097 1344 3169 diaboli.
1361 3100 1434 3170 Has
1450 3110 1620 3192 tanquam
1639 3095 1730 3170 [ilias
1743 3119 1827 3166 vera

242 3215 455 3304 Jerusalem,
471 3215 543 3286 hoc
560 3231 612 3288 est
630 3229 742 3288 mater
757 3217 910 3288 Ecclesia
931 3221 1006 3289 Deo
1024 3221 1117 3315 parit
1139 3217 1194 3290 vel
1218 3232 1384 3312 generat,
1407 3216 1495 3286 dum
1516 3240 1575 3286 eas
1599 3214 1825 3314 praedicando

242 3332 402 3421 instruit,
422 3333 477 3404 vel
494 3333 708 3431 baptizando
728 3349 922 3430 regenerat.
947 3335 1050 3406 Unde
1067 3349 1101 3407 et
1121 3333 1310 3432 Apostolus
1328 3349 1401 3406 tam
1421 3335 1524 3407 matri
1545 3358 1653 3429 quarn
1675 3334 1768 3430 patri
1790 3357 1828 3404 se

242 3474 454 3550 comparans
475 3453 566 3522 ait⁸:
588 3481 606 3520 s
621 3451 735 3526 Filioli
755 3452 822 3524 mei
835 3477 957 3548 ,equos
972 3453 1091 3525 adhuc
1108 3452 1287 3549 penurie,
1305 3451 1422 3524 donec
1434 3450 1593 3524 Christus
1604 3451 1776 3522 formetur
1789 3451 1826 3520 in

242 3569 355 3640 vobis.
374 3575 451 3640 »Et
469 3574 652 3642 rursusn‘:
673 3599 690 3638 ιι
708 3575 797 3642 Nam
811 3571 877 3647 etsi
892 3570 1024 3643 multos
1041 3571 1177 3646 habetis
1193 3571 1422 3668 pedagogos,
1438 3569 1500 3642 sed
1516 3593 1592 3640 non
1610 3569 1741 3643 multos
1768 3593 1828 3666 pa-

244 3702 325 3758 tres.
346 3693 383 3758 ln
398 3688 537 3762 Christo
552 3691 648 3760 enim
661 3695 742 3762 Jesu
757 3699 821 3786 pe'r
839 3690 1068 3785 Evangelium
1082 3713 1148 3785 ego
1163 3714 1226 3762 vos
1242 3689 1361 3785 genui.
1378 3718 1396 3756 ιι
1416 3693 1469 3762 De
1484 3689 1550 3762 hec
1567 3705 1678 3760 matre
1691 3703 1829 3774 nostra,

244 3808 344 3902 cujus
373 3809 661 3886 conversatioem
686 3808 783 3880 coelis
808 3823 881 3895 est,
908 3823 944 3880 et
967 3833 1030 3905 per
1054 3801 1438 3906 desiderium‘semper
1464 3833 1603 3880 sursum
1632 3808 1825 3895 inhabitat,

245 3925 339 3996 idem
362 3927 544 4025 apostolus
567 3928 635 3999 ait⁸
652 3954 660 3996 ι
680 3926 773 3998 sllla
793 3941 930 4014 autern,
950 3950 1029 4022 quse
1051 3949 1190 4000 sursum
1209 3925 1496 4015 estJerusalem,
1518 3926 1629 4001 bbere
1650 3941 1721 4014 est,
1749 3951 1827 4020 quac

246 4058 298 4114 est
317 4060 428 4117 mater
443 4060 576 4116 nostra.
594 4073 611 4112 ιι
1037 4115 1040 4122 ,
1407 4129 1414 4143 ,

295 4163 407 4256 Hujus
423 4165 540 4260 itaque
557 4164 644 4236 Sion
661 4163 842 4261 praedictas
864 4161 953 4234 filias
970 4161 1140 4237 Salomon
1161 4161 1382 4246 exhortatur,
1403 4161 1545 4258 egredi,
1566 4176 1605 4232 ut
1621 4184 1744 4231 verum
1768 4165 1828 4230 Sa·

248 4278 430 4352 lomonem
449 4296 626 4372 nostrum,
640 4281 679 4356 id
692 4297 744 4353 est
755 4280 948 4370 Christum,
964 4305 1110 4378 egressae
1122 4294 1325 4354 ntereantur
1332 4278 1467 4350 videre.
1484 4283 1649 4375 Egressae,
1664 4279 1824 4373 inquam,

247 4401 399 4470 maxime
424 4400 469 4472 de
494 4415 635 4482 terrena
656 4401 956 4495 conversatione,
968 4415 1006 4472 ut
1024 4401 1060 4473 in
1077 4399 1133 4470 his
1151 4414 1224 4472 tam
1243 4400 1375 4490 sanctis
1393 4397 1518 4472 diebus
1538 4396 1725 4471 dominice
1747 4420 1828 4493 pas·

180 4549 182 4553 ’
247 4517 355 4589 sionis
373 4543 437 4616 per
454 4519 702 4595 abstinentiam
723 4543 867 4596 carnem
887 4533 1123 4608 macerantes,
1143 4541 1285 4593 crucem
1301 4518 1378 4613 ejus
1395 4515 1561 4591 tollamus
1579 4543 1587 4586 t
1607 4513 1828 4586 attendentes

248 4636 346 4732 quod
364 4639 534 4738 scriptum
553 4655 624 4728 est,
645 4641 748 4736 quia³
767 4640 828 4712 «si
849 4641 1098 4736 compatimur,
1119 4653 1154 4710 et
1177 4636 1484 4734 conregnabimus.
1500 4637 1570 4723 Qui
1583 4635 1680 4709 enim
1692 4634 1779 4706 dicit
1791 4659 1829 4706 se
1926 4631 1930 4640 '

249 4756 284 4827 in
310 4758 450 4830 Christo
470 4783 632 4848 manere,
653 4757 759 4832 debet
776 4759 866 4832 sicut
887 4757 944 4830 ille
962 4757 1155 4832 ambulavit
1173 4759 1300 4855 etipse
1319 4755 1513 4831 ambulare.
1532 4785 1549 4836 ιι
1575 4758 1766 4840 Mactautes
1791 4754 1826 4825 iu

285 4996 291 5021 ‘
312 4996 392 5054 Coun,
407 5012 462 5061 cap.
476 5013 515 5058 ιιι,
528 5013 552 5046 ι.
573 5001 610 5046 tt.
620 5023 648 5032 -
659 4994 669 5022 ³
682 4995 756 5059 lbid.‚
770 5012 794 5045 v.
807 4999 846 5046 10.
857 5021 888 5032 -
899 4997 909 5022 ¹
922 4996 1017 5056 llattlr,
1059 4957 1147 5047 multos
1160 5005 1250 5061 patres.
1263 5015 1274 5040 ι
1287 4985 1410 5058 (sceatta
1423 4997 1452 5054 1,
1465 5010 1520 5060 cap.
1532 5009 1565 5053 ιι,
1575 5009 1598 5044 ι.
1613 4993 1702 5054 11).)-
1713 4991 1723 5020 ⁸
1734 4994 1828 5051 Galus,

253 5093 306 5143 cap.
318 5094 372 5136 su.
386 5095 408 5130 v.
424 5083 464 5130 21.
481 5106 495 5115 -
519 5079 529 5106 ⁴
542 5081 635 5138 Getes,
648 5095 705 5146 cap.
717 5096 749 5138 ιι,
759 5095 783 5128 v.
797 5079 836 5128 ts.
847 5105 879 5118 -
889 5077 899 5105 ⁸
910 5079 990 5129 silam
999 5081 1019 5129 si
1060 5094 1114 5145 cap.
1129 5094 1161 5136 u.
1172 5095 1193 5128 v.
1203 5081 1282 5128 26.-
1295 5078 1304 5104 ²
1317 5079 1364 5128 «st
1373 5076 1543 5129 sustinebimus
1555 5088 1580 5128 et
1591 5076 1800 5142 conregnabimus.
1814 5095 1825 5120 ι

253 5161 422 5214 decem-mittis
435 5163 620 5230 paedagogorum
633 5162 744 5214 habeatis
754 5163 778 5214 ιἰι
789 5162 899 5225 Christo,
911 5161 954 5214 ssd
971 5177 1019 5212 noo
1061 5163 1132 5226 (Tim.
1148 5163 1186 5222 11,
1198 5177 1254 5228 cap.
1266 5177 1295 5220 rs,
1307 5177 1332 5212 v.
1350 5162 1399 5225 12.)
