4588 6106
492 645 562 716 462
921 643 1049 714 PE‘llll
1078 639 1312 715 tentatur
1337 639 1393 712 ET
1417 637 1643 712 HELOlSSAE

491 789 607 858 amico
623 801 745 884 parata
761 799 836 856 erat
851 784 991 857 dicere¹
1012 813 1019 854 :
1044 813 1061 854 a
1080 785 1165 855 Lavi
1182 782 1291 881 pedes
1310 807 1432 875 meos,
1450 780 1643 880 quomodo
1655 777 1852 877 inquinabo
1870 779 1975 851 illos?
1996 807 2013 848 a
2041 783 2072 852 Ο

490 919 630 1003 quantae
648 905 713 977 sibi
732 907 948 1003 imputarent
962 905 1099 1002 injuriae
1120 903 1278 1005 episcopi
1297 903 1353 975 vel
1376 902 1510 1002 prelati
1528 902 1634 997 hujus
1652 901 1844 1000 temporie,
1866 901 1895 970 si
1917 898 2019 980 banc¹
2028 900 2072 973 ab

490 1026 635 1098 arsenio
651 1024 707 1096 vel
723 1023 769 1096 ab
782 1024 850 1097 hac
868 1025 1003 1122 virgine
1014 1025 1192 1124 repulsam
1205 1021 1451 1124 pertulissent!
1465 1021 1684 1094 Erubescant
1694 1021 1739 1094 ad
1756 1023 1839 1111 ista,
1856 1018 1962 1117 siqui
1975 1045 2070 1092 nunc

487 1145 523 1214 in
532 1144 723 1217 solitudine
731 1160 917 1216 morantur
928 1145 1109 1237 monachi,
1123 1165 1237 1243 quum
1248 1144 1500 1243 episcoporum
1510 1141 1883 1240 frequentiagaudent,
1894 1164 2007 1238 quum
2020 1141 2068 1212 eis

487 1265 661 1362 proprias,
682 1265 719 1336 in
735 1263 865 1362 quibus
880 1265 1137 1362 suscipiantur,
1156 1263 1328 1336 fabricant
1344 1262 1473 1335 domos
1488 1255 1629 1359 :quum
1647 1260 1756 1334 seculi
1772 1276 1960 1360 potentes,
1979 1282 2068 1357 quos

487 1385 590 1456 turba
607 1387 821 1476 comitatur,
841 1386 898 1459 vel
916 1385 962 1457 ad
979 1410 1072 1483 quos
1089 1386 1259 1476 confluit,
1278 1409 1352 1456 non
1371 1383 1488 1456 solum
1505 1407 1581 1454 non
1599 1383 1757 1479 fugiunt,
1777 1382 1842 1456 sed
1853 1381 2065 1469 adsciscunt,

485 1520 520 1576 et
538 1507 726 1578 occasione
745 1504 928 1604 hospitum
947 1505 1077 1577 dornos
1094 1505 1385 1604 multiplicantesfl,
1401 1527 1511 1601 quam
1524 1503 1736 1600 quaesierunt
1753 1501 1995 1591 solitudinem,
2013 1523 2067 1572 re·

484 1623 610 1723 digunt
640 1627 676 1698 in
702 1626 893 1698 civitatem.
922 1628 996 1696 Hac
1025 1625 1186 1724 profecto
1215 1625 1352 1722 antiqui
1378 1639 1415 1697 et
1443 1622 1560 1696 callidi
1591 1624 1775 1696 tentatoris
1802 1621 2064 1694 machinatione

484 1747 606 1818 omnia
625 1746 697 1818 lere
717 1745 825 1841 hujus
844 1747 1014 1845 temporis
1026 1745 1264 1835 monasteria,
1285 1768 1398 1842 quum
1410 1745 1508 1842 prius
1524 1745 1560 1814 in
1576 1743 1766 1815 solitudine
1779 1743 1971 1814 constituta
1984 1741 2064 1832 fitis·

484 1879 582 1956 sent,
603 1879 642 1938 ut
663 1864 828 1936 homines
854 1865 1079 1962 fugerentur,
1101 1877 1225 1962 postea
1243 1861 1581 1959 fervore'religionis
1606 1861 1876 1960 refrigescente,
1900 1860 2063 1932 homines

483 1984 730 2076 adsciverunt,
752 1999 788 2056 et
805 2009 926 2057 servos
943 1999 1050 2081 atque
1067 1982 1211 2055 ancillas
1228 1997 1506 2080 congregantes,
1526 1981 1624 2054 villas
1640 1983 1811 2054 maximas
1830 1983 1867 2052 in
1885 1981 1973 2052 locis
1984 2005 2061 2052 mo·

482 2104 623 2176 nasticis
639 2118 935 2194 construxerunt3
955 2117 991 2174 et
1008 2103 1058 2174 sic
1078 2101 1125 2174 ad
1145 2102 1305 2174 seculum
1324 2102 1527 2191 redierunt,
1549 2103 1624 2172 imo
1644 2101 1692 2173 ad
1710 2127 1749 2174 se
1768 2115 1949 2174 traxerunt
1962 2123 2060 2172 secu·

480 2221 569 2295 lum.
594 2226 665 2312 Qui
682 2249 719 2297 se
739 2223 887 2296 miseriis
907 2223 1069 2296 maximis
1088 2222 1331 2321 implicantes,
1352 2237 1387 2295 et
1405 2223 1566 2295 maximae
1588 2222 1745 2294 servituti
1760 2236 1834 2293 tam
1855 2219 2060 2293 ecclesiasti·

481 2365 603 2416 carum
624 2369 733 2443 quam
751 2327 973 2416 terrenarum
987 2357 1204 2441 potestatum
1220 2343 1421 2440 alligantes,
1441 2341 1529 2414 dum
1556 2343 1670 2414 otiose
1685 2355 1894 2441 appeterent
1912 2337 2056 2428 livere,

479 2479 515 2535 et
534 2463 581 2536 de
597 2465 715 2538 alieno
731 2465 889 2537 victitare
908 2461 1053 2556 labore,
1078 2464 1196 2563 ipsum
1215 2487 1359 2562 quoque
1379 2463 1571 2556 monachi,
1600 2463 1672 2536 boe
1692 2477 1746 2536 est
1763 2463 1908 2534 solitarii
1926 2485 2057 2534 nomen

479 2585 610 2681 pariter
625 2587 820 2658 amiserunt
835 2599 871 2657 et
888 2585 1010 2656 vitam.
1026 2584 1101 2672 Qui
1110 2583 1218 2656 etiam
1235 2609 1326 2683 saepe
1342 2585 1448 2656 tantis
1465 2598 1636 2682 urgentur
1648 2583 1907 2673 incommodis,
1924 2580 2057 2655 utdurn

478 2729 562 2776 suos
585 2722 621 2777 et
640 2731 696 2778 res
716 2729 842 2778 eorum
859 2705 965 2776 tutari
984 2701 1169 2795 laborant,
1190 2704 1353 2803 proprias
1377 2704 1562 2795 amittant,
1583 2719 1618 2776 et
1632 2703 1810 2802 frequenti
1825 2701 1991 2775 incendio
2008 2703 2057 2772 vi·

478 2824 638 2897 cinarum
663 2825 858 2897 domorum
877 2825 955 2923 ipsa
970 2845 1115 2923 quoqne
1137 2824 1352 2896 monasteria
1369 2839 1585 2898 cremantur.
1604 2828 1677 2896 Nec
1695 2823 1747 2896 sic
1768 2839 1887 2896 tamen
1908 2822 2058 2895 ambitio

477 2946 684 3020 refrenatur.
707 2948 750 3018 Hi
770 2971 918 3045 quoque
931 2936 1191 3052 disttfctionem
1211 2945 1416 3018 monasterii
1432 2945 1719 3045 qualemcunque
1744 2970 1819 3017 non
1838 2945 1999 3036 ferentes,
2015 2967 2057 3018 ac

476 3092 540 3164 per
567 3069 689 3158 villas,
719 3067 882 3159 castella,
910 3059 1069 3175 civitates
1093 3091 1170 3140 sese
1198 3066 1463 3166 dispergentes,
1494 3065 1640 3164 binique
1659 3066 1715 3138 vel
1730 3065 1846 3154 terni,
1867 3079 1929 3137 aut
1950 3066 2055 3138 etiarn

475 3186 602 3286 singuli
618 3189 695 3260 sine
713 3187 831 3284 aliqua
849 3185 1098 3260 observatione
1115 3188 1244 3282 regulae
1268 3185 1493 3275 victitantes,
1512 3200 1612 3258 tanto
1625 3183 1841 3256 secularibus
1858 3183 2058 3256 deteriores

475 3321 558 3376 sunt
574 3303 800 3398 bominibus,
822 3321 959 3404 quanto
975 3331 996 3378 a
1012 3306 1314 3406 professionesua
1332 3303 1484 3404 amplius
1503 3319 1759 3404 apostatantur.
1781 3305 1848 3392 Qui
1868 3303 2053 3376 habitatio·

474 3449 562 3497 num
578 3450 723 3524 quoque
741 3451 887 3498 suarum
902 3427 993 3498 sicut
1021 3439 1057 3498 et
1083 3450 1146 3497 sua
1173 3424 1380 3517 abutentes,
1404 3423 1634 3498 Obedientias
1654 3424 1733 3498 loca
1753 3447 1817 3496 sua
1843 3425 2049 3514 nominant,

474 3544 536 3615 ubi
556 3544 654 3618 nulla
668 3545 789 3643 regula
806 3559 970 3637 tenetur,
991 3543 1052 3616 ubi
1068 3544 1158 3616 nulli
1174 3545 1226 3616 rei
1239 3545 1307 3616 nisi
1321 3545 1436 3616 ventri
1445 3560 1480 3616 et
1494 3545 1592 3618 carni
1601 3543 1786 3637 obeditur,
1809 3542 1868 3616 ubi
1881 3569 1965 3618 cum
1975 3569 2054 3644 pro·

472 3666 615 3764 pinquis
632 3665 688 3737 vel
700 3665 931 3738 familiaribus
948 3667 1020 3738 suis
1034 3679 1231 3754 manentes,
1248 3679 1349 3737 tanto
1365 3664 1510 3738 liberius
1527 3681 1636 3762 agunt
1649 3665 1749 3764 quod
1766 3664 1903 3754 volunt,
1919 3682 2052 3763 quanto

472 3786 590 3858 minus
609 3810 630 3858 a
651 3787 878 3859 conscientiis
899 3786 971 3858 suis
989 3801 1171 3858 verentur.
1187 3791 1227 3857 ln
1242 3784 1372 3883 quibus
1384 3786 1544 3885 profecto
1558 3785 1874 3884 impudentissimis
1886 3787 2052 3885 apostatis

471 3933 632 3982 excessus
645 3909 726 3982 illos
739 3909 940 3982 criminales
955 3933 1032 3981 esse
1050 3906 1201 3981 dubium
1221 3933 1295 3980 non
1318 3922 1395 3998 est,
1414 3908 1529 4005 quiin
1550 3908 1684 3980 ceteris
1707 3906 1862 3981 veniales
1885 3924 1968 3981 sunt
1987 3907 2051 3980 ho·

471 4029 639 4102 minibus.
660 4030 829 4117 Qualium
852 4029 1001 4102 omnino
1024 4030 1134 4101 vitam
1153 4052 1229 4099 non
1255 4027 1373 4100 solum
1401 4028 1595 4124 attingere,
1624 4027 1688 4100 sed
1711 4053 1780 4100 nec
1801 4029 1925 4101 audire
1953 4029 2052 4100 susti·

470 4151 594 4222 neatis.
615 4153 748 4223 Vosne
764 4175 849 4222 vero
869 4148 1064 4222 infirmitati
1080 4162 1180 4220 tanto
1195 4148 1306 4245 magis
1325 4163 1379 4220 est
1401 4147 1557 4219 solitudo
1579 4150 1796 4240 necessaria,
1823 4165 1958 4247 quanto
1978 4173 2051 4221 can

468 4269 603 4340 nalium
632 4269 871 4342 tentationum
894 4268 997 4341 bellis
1017 4269 1136 4340 minus
1155 4267 1215 4338 bic
1240 4267 1469 4356 infestamur,
1498 4283 1534 4340 et
1558 4251 1745 4341 minusad
1767 4267 1967 4368 corporalia
1986 4293 2051 4367 per

468 4411 590 4460 sensus
608 4412 811 4485 evagamur.
834 4387 939 4460 Unde
956 4403 992 4458 et
1010 4386 1135 4458 beatus
1156 4385 1375 4456 Antonius¹:
1400 4417 1417 4454 α
1435 4387 1506 4474 Qui
1524 4385 1648 4476 sedet,
1671 4389 1691 4456 u'
1713 4388 1848 4484 inquit,
1878 4417 1896 4455 a
1912 4389 1948 4458 in
1967 4387 2048 4460 soli·

466 4507 611 4598 tudine,
631 4522 668 4580 et
679 4508 851 4604 quiescit,
873 4532 894 4578 a
914 4507 1026 4578 tribus
1043 4506 1148 4579 bellis
1162 4506 1332 4606 eripitur,
1354 4506 1389 4578 id
1401 4507 1629 4598 estauditus,
1649 4506 1859 4600 locutionis,
1878 4525 1913 4581 et
1930 4511 2045 4598 visus,

467 4641 502 4698 et
517 4641 641 4699 conua
661 4651 772 4699 unum
793 4625 1044 4698 tantummodo
1062 4624 1209 4697 habebit
1224 4649 1405 4724 pugnam,
1423 4626 1461 4698 id
1479 4641 1532 4698 est
1547 4627 1679 4699 cordis.
1703 4655 1722 4696 n
1742 4633 1813 4700 Has
1830 4628 1977 4727 quidem
1994 4631 2048 4702 vel

466 4761 608 4818 caeteras
622 4745 759 4818 heremi
774 4744 1048 4817 commoditates
1064 4745 1208 4842 insignis
1225 4745 1388 4818 Ecclesiae
1403 4744 1531 4818 doctor
1543 4748 1781 4844 Hieronymus
1796 4748 1983 4847 diligenter
2000 4765 2048 4824 at·

464 4865 636 4957 tendens,
662 4881 697 4938 et
719 4865 766 4939 ad
791 4890 850 4937 eas
879 4864 1113 4938 Heliodorum
1140 4865 1359 4937 monachum
1377 4865 1606 4939 vebernenter
1630 4867 1845 4962 adhortans,
1876 4869 2048 4944 exclamat

463 4987 629 5060 dicens·:
653 5016 671 5054 a
690 4989 722 5057 Ο
738 4985 906 5058 heremus
924 4986 1084 5057 familiari
1099 4989 1176 5057 Deo
1191 4985 1370 5083 gaudens!
1392 4986 1490 5074 Quid
1508 4987 1598 5085 agis,
1620 4985 1747 5079 frater,
1767 4990 1803 5061 in
1822 4990 1943 5064 seculo
1958 5045 1967 5082 ,
1984 4993 2045 5089 qui

499 5267 506 5292 ¹
527 5263 605 5308 rant..
622 5277 677 5312 ean.
693 5279 717 5312 v.
732 5279 756 5313 v.
779 5261 867 5330 ³¹⁸¹.
886 5265 932 5306 Vn.
952 5265 1066 5312 Patrius.
1082 5262 1126 5312 lib.
1143 5261 1172 5326 V,
1191 5267 1221 5316 de
1240 5267 1335 5326 Quiete,
1349 5279 1375 5332 p.
1390 5268 1488 5317 tta-
1499 5265 1509 5293 ¹
1521 5265 1598 5334 Epist.
1612 5282 1651 5330 n,
1663 5267 1723 5333 οη.
1736 5277 1755 5320 t.
1768 5267 1811 5330 ll,
1822 5268 1872 5320 col.
1887 5275 1927 5322 tt.
