4588 6106
916 630 1152 702 EPlSTOLAE.
1745 628 1814 698 ⁴77

235 769 322 866 quid
344 761 482 840 tuturus
505 769 560 840 sit.
581 797 598 835 a
619 772 730 840 ltem’
756 795 765 838 ε
796 795 816 836 u
829 773 900 841 Cor
918 771 1130 869 sapientium
1148 772 1209 844 ubi
1233 774 1368 845 tristitia
1397 787 1461 843 est.
1482 801 1500 839 u
1526 771 1708 844 Defunctae
1730 792 1815 840 vero

235 890 486 990 corpusculum
508 915 529 961 a
551 888 734 961 sororibus
754 889 872 962 statim
892 890 1073 982 abluatur,
1095 907 1129 964 et
1147 891 1264 990 aliqua
1283 894 1364 982 vili,
1385 893 1448 964 sed
1467 890 1602 963 munda
1618 889 1769 962 interula
1783 903 1816 962 et

234 1011 351 1108 caligis
363 1010 531 1083 indutum
540 1009 670 1082 ieretm
682 1010 911 1109 imponatur,
928 1011 1008 1082 velo
1022 1013 1136 1111 capite
1149 1012 1333 1085 obvoluto.
1352 1015 1439 1100 Quae
1449 1010 1595 1108 quidem
1605 1009 1817 1081 indumenta

235 1130 381 1202 firmiter
397 1130 542 1228 corpori
559 1143 777 1200 consuantur
794 1130 869 1203 sive
891 1129 1065 1228 ligentur,
1088 1155 1154 1203 uec
1172 1131 1318 1204 ulterius
1344 1145 1564 1204 moveantur.
1590 1134 1711 1228 ipsum
1734 1151 1814 1198 cor-

236 1277 302 1349 pus
314 1275 334 1322 a
348 1249 530 1322 sororibus
538 1251 574 1321 in
584 1249 768 1322 ecclesiam
784 1248 942 1322 delatum
955 1249 1123 1323 monachi
1134 1275 1247 1348 quum
1260 1251 1457 1349 oportuerit
1467 1249 1653 1348 sepulturae
1662 1245 1815 1331 tradant,

235 1385 269 1442 et
282 1395 421 1442 sorores
434 1371 575 1442 interim
594 1371 632 1440 in
649 1369 807 1440 oratorio
825 1369 1032 1468 psalmodiae
1056 1370 1112 1443 vel
1134 1369 1356 1442 orationibus
1373 1370 1508 1440 intente
1527 1366 1716 1439 vacabunt.
1738 1364 1817 1436 Dia·

236 1489 380 1560 conissae
397 1514 484 1560 vero
504 1489 686 1587 sepultura
706 1487 744 1558 id
769 1503 909 1560 tantum
930 1515 1001 1587 prae
1028 1491 1160 1562 (veteris
1181 1488 1311 1562 babeat
1333 1489 1503 1577 honoris,
1535 1500 1573 1557 ut
1601 1485 1715 1558 cilicio
1738 1481 1816 1555 solo

237 1621 350 1678 totum
364 1607 439 1704 ejus
454 1633 586 1706 corpus
599 1607 821 1698 involvatur,
838 1622 873 1680 et
886 1609 923 1679 in
936 1632 980 1680 eo
994 1611 1095 1707 quasi
1109 1611 1147 1681 in
1158 1634 1262 1681 sacco
1277 1623 1351 1680 tota
1365 1623 1569 1680 consuatur.

283 1728 451 1800 Vestiaria
469 1742 586 1800 totum
603 1727 702 1824 qnod
729 1727 775 1799 ad
800 1726 922 1802 curam
946 1729 1240 1803 indumentorum
1267 1743 1402 1829 spectat
1430 1727 1653 1828 providebit,
1684 1726 1816 1798 tamin

235 1847 472 1922 calciamentis
494 1848 627 1920 scilicet
647 1873 755 1945 quam
775 1849 811 1920 in
831 1850 963 1922 caeteris
990 1849 1168 1921 omnibus.
1198 1854 1275 1948 lpsa
1300 1850 1439 1922 tonderi
1464 1873 1550 1921 oves
1573 1849 1693 1939 faciet,
1721 1845 1817 1920 coria

235 1968 547 2040 calciamentorum
561 1969 738 2066 suscipiet.
755 1968 883 2040 Linum
896 1993 959 2041 seu
973 1969 1092 2040 lanam
1106 1969 1243 2042 excolet
1261 1985 1297 2042 et
1315 1968 1480 2066 colliget,
1500 1983 1536 2040 et
1557 1983 1670 2039 totam
1693 1989 1815 2037 curam

236 2088 383 2161 telarum
401 2087 558 2161 habebit.
581 2087 694 2159 Filum
712 2103 747 2160 et
771 2111 876 2160 acum
893 2103 929 2160 et
947 2089 1087 2161 forfices
1107 2089 1274 2162 omnibus
1293 2088 1516 2161 ministrabit.
1537 2093 1662 2159 Totam
1685 2087 1818 2157 dormi-

236 2210 316 2280 torii
333 2233 456 2281 curam
474 2207 640 2298 habebit,
661 2224 697 2280 et
714 2209 830 2281 stratis
843 2208 1011 2281 omnibus
1028 2209 1244 2310 providebit.
1261 2213 1314 2282 De
1332 2208 1538 2282 mantilibus
1553 2231 1699 2306 quoque
1717 2231 1817 2278 men·

235 2353 353 2402 sarum
377 2344 413 2402 et
437 2331 665 2427 manutergiis
688 2345 724 2401 et
749 2331 923 2402 universis
953 2332 1082 2430 pannis
1114 2355 1237 2404 curam
1263 2347 1364 2428 aget,
1394 2329 1616 2420 incidendis,
1645 2328 1814 2419 suendis,

236 2449 432 2525 abluendis.
454 2450 508 2523 Ad
525 2450 619 2521 banc
635 2451 788 2522 maxime
806 2450 896 2528 illud
914 2452 1091 2547 pertinet:
1117 2451 1319 2539 «Quaesivit
1338 2451 1457 2523 lanam
1475 2466 1511 2523 et
1527 2451 1658 2539 linum,
1684 2465 1719 2520 et
1734 2474 1818 2547 ope·

235 2586 308 2642 rata
328 2586 382 2643 est
395 2569 545 2642 consilio
569 2555 743 2642 manuum
764 2595 910 2642 suarum
921 2574 942 2641 ¹.
963 2575 1109 2643 Manum
1128 2597 1229 2643 suam
1249 2573 1344 2644 misit
1360 2571 1407 2642 ad
1420 2570 1560 2662 colum,
1582 2585 1617 2643 et
1639 2570 1739 2668 digiti
1764 2571 1817 2641 sui

235 2689 548 2789 apprehenderunt
562 2691 678 2762 fusum
691 2693 713 2762 ¹.
738 2695 818 2762 Non
837 2689 975 2763 timebit
991 2691 1116 2764 domui
1130 2717 1235 2790 suaea
1250 2692 1438 2786 frigoribus
1455 2693 1558 2764 nivis.
1575 2695 1711 2762 Omnes
1726 2691 1822 2761 enim

236 2811 418 2885 domestici
440 2810 515 2906 ejus
535 2810 644 2882 vestiti
664 2810 889 2909 duplicibus,
915 2825 951 2882 et
967 2809 1097 2882 ridebit
1120 2812 1157 2882 in
1176 2811 1234 2882 die
1252 2813 1445 2883 novissimo
1458 2813 1480 2880 ⁸.
1501 2809 1748 2882 Consideravit
1766 2834 1819 2880 se·
1913 2875 1921 2896 ,

235 2931 338 3002 mitas
356 2931 485 3005 domus
505 2955 599 3021 suae,
619 2945 655 3003 et
667 2955 798 3031 panem
817 2932 931 3002 otiosa
943 2927 1201 3004 non'comedit.
1218 2934 1455 3005 Surrexerunt
1469 2931 1530 3003 filii
1552 2931 1628 3027 ejus
1641 2947 1677 3003 et
1694 2930 1821 3002 beatis-

234 3051 361 3122 simam
388 3050 668 3148 predicaverunt
696 3075 774 3124 eam
787 3055 808 3122 ⁸.
830 3079 846 3119 a
871 3045 952 3124 Haec
976 3077 1124 3124 suorum
1144 3077 1296 3151 operum
1321 3051 1468 3124 habebit
1495 3053 1756 3142 instrumenta,
1785 3068 1820 3124 et

234 3170 437 3270 providebit
454 3173 499 3245 de
517 3175 588 3244 suis
607 3172 798 3271 operibus,
820 3197 899 3270 quae
916 3173 1047 3271 quibus
1061 3172 1189 3246 debeat
1206 3175 1391 3270 injungere
1412 3173 1607 3246 sororibus.
1620 3178 1704 3272 ipsa
1724 3173 1820 3246 enim

236 3294 449 3366 novitiarum
466 3319 589 3365 curam
609 3309 710 3391 aget,
731 3294 848 3366 donec
866 3295 903 3364 in
922 3295 1236 3391 congregationem
1253 3295 1502 3392 suscipiantur.

282 3413 468 3486 Celleraria
481 3439 603 3486 curam
617 3411 762 3486 habebit
776 3413 822 3485 de
836 3413 878 3484 iis
891 3413 1060 3485 omnibus
1074 3437 1152 3512 quae
1163 3415 1343 3511 pertinent
1357 3413 1402 3485 ad
1415 3413 1550 3484 victum
1564 3467 1574 3503 ,
1593 3411 1639 3484 de
1652 3410 1794 3484 cellario
1810 3467 1819 3502 ,

235 3531 444 3622 refectorio,
465 3535 643 3630 coquina,
670 3531 901 3622 molendino,
922 3533 1175 3630 pistrinorum
1196 3531 1325 3623 furno,
1346 3533 1393 3604 de
1421 3531 1534 3603 hortis
1558 3531 1665 3603 etiam
1685 3547 1721 3603 et
1741 3532 1823 3602 viri·

236 3651 364 3743 dariis,
381 3667 422 3726 et
440 3677 608 3750 agrorum
621 3667 697 3724 tota
713 3652 850 3724 cultura
868 3679 875 3722 :
898 3651 944 3724 de
958 3651 1084 3751 apibus
1098 3677 1267 3749 quoque,
1289 3653 1459 3724 armentis
1473 3669 1508 3724 et
1523 3650 1714 3751 pecoribus
1734 3676 1822 3724 cun·

235 3775 317 3865 ctis,
348 3799 409 3846 seu
432 3773 555 3845 avibus
577 3773 793 3846 necessariis.
817 3771 870 3844 Ab
894 3773 970 3870 ipsa
991 3773 1191 3868 requiretur
1211 3772 1387 3870 quidquid
1405 3773 1450 3844 de
1476 3771 1563 3844 cibis
1584 3772 1822 3844 necessarium

235 3894 311 3965 erit.
333 3898 434 3966 Hanc
448 3895 688 3964 maximenon
702 3917 778 3964 esse
792 3915 936 3962 avaram
948 3891 1141 3980 convenit,
1164 3891 1227 3962 sed
1239 3907 1444 3991 promptam
1466 3905 1502 3962 et
1521 3891 1758 3963 voluntariam
1776 3889 1823 3961 ad

236 4015 356 4085 omnia
371 4015 567 4088 necessaria
586 4012 785 4086 tribuenda.
809 4011 964 4084 Hilarem
982 4013 1078 4083 enim
1097 4011 1259 4084 datorem
1278 4011 1391 4108 diligit
1404 4015 1511 4082 Deus.
1536 4015 1653 4099 Quam
1672 4011 1822 4082 omnino

236 4133 488 4231 prohibemus,
509 4159 555 4205 ne
569 4134 614 4205 de
627 4133 942 4204 administrationis
961 4157 1032 4203 suae
1046 4131 1310 4231 dispensatione
1332 4131 1400 4202 sibi
1419 4131 1530 4228 magis
1554 4155 1662 4228 quam
1684 4129 1761 4201 aliis
1778 4129 1824 4202 sit

235 4255 412 4353 propitia,
434 4279 501 4326 nec
523 4255 659 4352 privata
682 4251 748 4324 sibi
768 4266 870 4350 paret
892 4250 1047 4340 fercula,
1068 4275 1135 4324 nec
1157 4250 1223 4322 sibi
1241 4237 1397 4323 reservet
1410 4273 1501 4347 ¹quae
1525 4249 1601 4320 aliis
1622 4247 1819 4320 defraudet.

239 4403 255 4440 a
270 4375 461 4473 Optimus,
480 4401 499 4442 »
528 4373 643 4469 inquit
662 4371 946 4468 Hieronymus⁸,
975 4400 992 4438 α
1011 4385 1063 4442 est
1076 4370 1323 4469 dispensator,
1344 4370 1405 4468 qui
1424 4368 1490 4440 sibi
1508 4368 1598 4442 nibil
1616 4381 1784 4474 reservat.
1803 4393 1820 4432 a

238 4493 344 4565 ludas
357 4517 430 4564 suae
441 4493 714 4591 dispensationis
729 4491 879 4565 abutens
897 4489 1039 4580 officio,
1061 4515 1174 4587 quum
1195 4490 1334 4563 loculos
1350 4489 1518 4580 haberet,
1540 4489 1586 4561 de
1607 4501 1700 4560 coetu
1721 4486 1824 4587 periit

238 4612 446 4711 apostolico.
475 4613 640 4687 Ananias,
657 4635 801 4708 quoque
824 4624 859 4681 et
882 4609 1031 4708 Saphira
1057 4634 1148 4682 uxor
1168 4610 1243 4706 ejus
1260 4609 1449 4682 retinendo
1467 4607 1679 4704 sententiam
1700 4606 1825 4677 mortis

239 4747 464 4832 excepertmt.

287 4852 339 4926 td
353 4854 569 4952 portariam,
593 4853 666 4925 sive
679 4852 885 4941 ostiariam,
905 4848 1005 4947 quod
1019 4848 1114 4923 idem
1128 4863 1204 4940 est,
1225 4851 1379 4950 pertinet
1397 4848 1442 4923 de
1461 4846 1693 4948 suscipiendis
1706 4846 1826 4945 hospi·

274 5170 280 5195 ¹
299 5173 407 5231 Baetes„
418 5185 475 5237 cap.
487 5188 534 5230 ru,
546 5187 570 5222 v.
582 5173 607 5222 ὅ.
618 5195 651 5208 -
666 5171 675 5196 ¹
690 5171 775 5230 Pron,
788 5183 843 5236 cap.
857 5185 932 5230 xxxv,
944 5183 968 5218 r.
983 5169 1022 5218 ta.
1035 5169 1088 5208 -“
1103 5169 1177 5232 ibid,
1191 5186 1216 5220 r.
1229 5170 1270 5220 tv.
1281 5195 1314 5207 -
1324 5169 1335 5197 ⁸
1344 5167 1420 5232 ibid,
1429 5182 1452 5220 r.
1464 5169 1506 5218 tt.
1517 5193 1549 5205 —
1560 5165 1570 5192 ⁸
1580 5165 1656 5231 ibid,
1667 5179 1692 5215 r.
1702 5166 1733 5215 tt
1748 5173 1774 5214 et
1783 5163 1825 5214 tt.

242 5283 271 5295 -
282 5258 292 5285 ⁸
302 5259 379 5325 Epist.
397 5275 484 5320 mn,
497 5263 531 5310 od
544 5259 720 5322 Nepotianum,
735 5259 796 5321 opp.
807 5268 825 5307 t.
837 5255 878 5319 tv,
888 5255 936 5308 col.
949 5257 1005 5307 266.

357 5365 367 5408 ι
1666 5343 1705 5402 23
