4520 6104
901 593 1139 666 EPlSTOLAE.
1749 595 1819 666 483

228 729 406 816 ¹Quotiens
429 745 548 800 autern
574 756 667 830 opus
691 749 743 806 est
768 735 939 826 consilio,
974 707 1048 806 nob
1077 735 1273 808 dill'eratrrr.
1299 739 1342 806 Et
1364 735 1394 805 si
1418 733 1464 805 dc
1496 732 1603 806 rebus
1633 737 1820 833 praecipuis

233 865 285 921 est
308 849 603 941 deliberandum,
631 871 850 928 convocetur
878 873 1088 929 conventus.
1119 862 1158 928 ln
1186 856 1384 930 minoribus
1411 870 1530 928 autem
1567 855 1673 927 rebus
1703 855 1820 928 discu-

232 970 381 1057 tiendis,
401 971 551 1044 sulliciet
572 974 771 1048 diaconissa
792 980 915 1076 paucis
928 979 975 1050 ad
988 1003 1026 1050 se
1045 978 1091 1050 de
1106 977 1301 1074 majoribus
1318 977 1481 1075 personis
1494 977 1711 1048 convocatis.
1730 978 1821 1048 Scri-

233 1103 334 1184 pturn
347 1113 493 1186 quoquc
506 1107 556 1162 est
576 1093 622 1164 de
640 1095 814 1167 consilio:
835 1126 853 1166 <r
870 1097 939 1168 Ubi
957 1121 1030 1168 non
1045 1112 1097 1168 est
1111 1096 1351 1194 gubernator,
1372 1095 1528 1195 populus
1549 1095 1694 1166 corruit.
1722 1094 1821 1166 Salus

233 1223 364 1297 autern,
382 1209 566 1282 ubimulta
585 1215 762 1287 consilia¹.
781 1217 846 1288 Via
860 1217 955 1289 stulti
971 1232 1066 1288 recta
1081 1217 1117 1288 in
1133 1216 1245 1288 oculis
1259 1217 1347 1313 ejus‘.
1366 1216 1437 1302 Qui
1450 1229 1568 1286 autem
1583 1217 1747 1313 sapiens,
1763 1241 1822 1286 au·

234 1326 285 1397 dit
302 1328 449 1400 consilia
461 1334 483 1400 ².
506 1331 588 1418 Fili,
607 1333 683 1404 sine
700 1335 848 1406 consilio
863 1335 951 1407 nibil
963 1337 1091 1426 facias,
1111 1351 1245 1434 etpost
1262 1336 1392 1410 factum
1412 1359 1487 1406 non
1504 1333 1693 1433 poenitebis
1703 1337 1724 1404 ¹.
1746 1363 1763 1400 u
1785 1336 1821 1404 Si

235 1446 323 1518 sorte
341 1449 417 1520 sine
434 1450 584 1522 consilio
603 1451 737 1548 aliquid
756 1479 969 1553 prosperum
982 1455 1091 1526 habet
1109 1470 1299 1540 eventum,
1323 1478 1397 1525 non
1416 1469 1558 1525 excusat
1571 1453 1726 1524 lromirris
1739 1477 1823 1551 prae-
1888 1533 1896 1542 ⁴

232 1569 473 1663 sumptionem
493 1568 642 1642 fortunae
660 1570 887 1644 beneficium.
905 1576 966 1644 Sin
980 1589 1099 1646 autem
1113 1589 1196 1672 post
1209 1574 1396 1645 consilium
1412 1597 1674 1669 nonnunquam
1688 1583 1819 1660 erra‘nt,

234 1703 389 1782 potestas
407 1716 486 1787 quse
503 1693 690 1764 consilium
710 1697 885 1792 quaesivit,
903 1721 961 1768 rea
980 1721 1054 1767 non
1075 1710 1236 1768 teneatur
1254 1696 1550 1794 praesumptionis.
1566 1698 1639 1765 Nec
1657 1707 1728 1764 tam
1746 1692 1821 1764 cul-

234 1809 373 1902 pandus
388 1812 517 1907 estqui
537 1813 707 1902 credidit,
729 1839 837 1912 quarn
856 1814 987 1913 quibus
1005 1817 1080 1914 ipse
1099 1815 1254 1887 errando
1272 1815 1459 1911 acquievit.

282 1931 435 2023 Egressus
453 1956 538 2000 roro
553 1933 746 2031 capitulum
760 1934 801 2004 iis
817 1934 946 2032 quibus
962 1950 1104 2034 oportet
1116 1934 1285 2032 operibus
1301 1932 1510 2020 intendant,
1528 1930 1680 2028 legendo
1691 1931 1824 2002 scilicet

234 2044 289 2115 vel
312 2048 513 2137 cantando,
537 2051 609 2122 sive
633 2051 797 2123 manibus
824 2052 1009 2150 operando
1039 2077 1152 2150 usque
1178 2051 1223 2124 ad
1243 2053 1396 2124 tertiam.
1428 2055 1513 2121 Post
1539 2050 1677 2120 tertiam
1703 2065 1821 2120 autern

235 2164 339 2236 missa
357 2165 516 2257 dicatur,
539 2170 585 2240 ad
603 2195 712 2268 quarn
729 2171 874 2268 quidem
902 2171 1153 2243 celebrandam
1182 2163 1273 2242 unus
1295 2195 1338 2241 ex
1358 2167 1545 2240 monachis
1571 2169 1737 2239 sacerdos
1761 2167 1822 2239 he-

235 2283 488 2358 bdomadarius
506 2290 721 2360 instituatur.
746 2295 862 2378 Quem
883 2290 1069 2389 prolecto*
1095 2291 1124 2361 si
1143 2290 1247 2387 copia
1275 2305 1372 2360 tanta
1398 2289 1463 2376 sit,
1493 2311 1576 2358 curn
1604 2287 1758 2358 diacono
1789 2301 1824 2358 et

233 2401 454 2478 subdiacono
475 2409 597 2479 venire
616 2424 779 2507 oportet,
801 2411 863 2506 qui
881 2412 913 2480 ei
929 2409 1029 2506 quod
1045 2409 1284 2480 necessarium
1298 2422 1349 2478 est
1363 2406 1634 2495 administrent,
1653 2405 1710 2477 vel
1724 2406 1823 2503 quod

232 2546 338 2594 suurn
357 2540 458 2598 estet
475 2527 542 2624 ipsi
562 2544 768 2626 operentur.
792 2533 955 2616 Quorum
974 2554 1135 2600 accessus
1153 2528 1209 2600 vel
1228 2553 1385 2600 recessus
1403 2529 1450 2598 ita
1469 2525 1578 2614 liant,
1599 2542 1639 2598 ut
1657 2551 1822 2598 sororum

233 2645 426 2716 conventui
435 2646 641 2752 nullatenus
659 2663 815 2746 pateant.
838 2652 874 2720 Si
891 2674 975 2721 vero
997 2649 1116 2747 plures
1134 2648 1322 2721 necessarii
1340 2649 1493 2736 luerint,
1514 2662 1549 2719 et
1568 2647 1616 2719 de
1631 2647 1687 2717 his
1705 2649 1824 2746 provi·

234 2760 394 2834 dendum
414 2766 500 2855 erit,
524 2781 557 2836 et
577 2767 624 2836 ita
645 2791 798 2866 semper,
821 2769 851 2840 si
871 2767 944 2839 lieri
966 2783 1102 2866 potest,
1127 2783 1167 2838 ut
1186 2767 1356 2838 monachi
1376 2781 1525 2865 propter
1542 2766 1666 2838 missas
1684 2767 1823 2838 monia·

234 2879 320 2952 lium
341 2906 526 2980 nunquam
544 2887 737 2958 conventui
755 2912 821 2958 suo
833 2887 870 2958 in
884 2887 1009 2959 officiis
1029 2887 1147 2958 desint
1160 2886 1301 2958 divinis.
1323 2887 1360 2956 Si
1376 2910 1462 2957 vero
1481 2885 1823 2957 communicandum

233 3023 254 3070 a
271 3000 454 3074 sororibus
473 3002 596 3094 suerit,
618 3005 737 3076 senior
753 3006 901 3103 eligatur
928 3006 1116 3094 sacerdos,
1137 3006 1200 3102 qui
1216 3020 1299 3103 post
1315 3005 1460 3076 missanr
1478 3028 1536 3075 eas
1555 3003 1820 3092 communicet,

234 3123 381 3216 egressis
398 3121 483 3194 inde
505 3124 604 3222 prius
622 3123 776 3196 diacono
796 3139 832 3197 et
850 3123 1089 3216 subdiacono,
1112 3139 1261 3224 propter
1278 3123 1474 3196 tollendam
1495 3124 1702 3195 tentationis
1722 3146 1824 3194 occa·

233 3241 387 3314 sionem.
402 3247 468 3314 Ter
482 3269 567 3315 vero
583 3245 628 3317 ad
643 3246 761 3318 minus
774 3246 810 3316 in
827 3270 923 3318 anno
938 3260 1035 3316 totus
1049 3245 1292 3316 eommunicet
1305 3258 1522 3333 conventus,
1543 3243 1582 3315 id
1600 3258 1653 3314 est
1667 3241 1821 3333 Pascha,

236 3365 463 3452 Pentecoste,
487 3379 523 3435 et
540 3364 656 3436 natale
684 3367 851 3455 Domini,
878 3367 969 3438 sicut
993 3390 1014 3437 a
1043 3364 1202 3464 patribus
1229 3379 1282 3437 est
1309 3365 1509 3436 institutum
1534 3363 1581 3434 de
1608 3362 1825 3436 secularibus

233 3483 340 3554 etiam
357 3482 578 3556 hominibus.
602 3487 665 3556 His
685 3501 804 3557 autem
822 3485 1139 3558 communionibus
1157 3487 1206 3557 ita
1221 3509 1259 3557 se
1277 3498 1477 3586 praeparent
1496 3499 1535 3556 ut
1553 3485 1656 3556 tertio
1673 3484 1730 3556 die
1743 3498 1826 3556 ante

233 3600 278 3672 ad
299 3602 560 3674 consessionem
582 3619 616 3676 et
634 3629 830 3702 congruam
851 3606 1126 3678 satisfactionem
1146 3629 1273 3677 omnes
1292 3605 1486 3692 accedant,
1509 3618 1546 3675 et
1561 3621 1663 3674 terno
1676 3604 1826 3700 sepanis

234 3733 269 3790 et
285 3743 385 3816 aquae
395 3721 531 3818 jejunio
550 3737 585 3794 et
604 3724 767 3795 oratione
787 3723 961 3821 frequenti
977 3723 1168 3822 purificent
1180 3748 1264 3794 cum
1276 3723 1377 3794 omni
1388 3721 1588 3794 humilitate
1600 3737 1636 3794 et
1651 3737 1823 3811 tremore;

233 3837 330 3912 illam
350 3841 509 3939 Apostoli
528 3841 722 3915 terribilem
742 3844 839 3943 apud
857 3869 895 3916 sc
911 3857 1141 3915 retractantes
1158 3843 1420 3914 seutentiam⁸t
1445 3871 1462 3910 u
1480 3847 1624 3939 ltaque,
1641 3869 1659 3909 n
1684 3842 1822 3938 inquit,

237 3989 253 4026 «
271 3962 475 4058 quicunque
496 3962 765 4035 manducaverit
786 3986 918 4066 panem
934 3963 991 4035 vel
1009 3961 1139 4034 biberit
1156 3961 1304 4032 calicem
1317 3963 1464 4032 Domini
1481 3961 1648 4058 indigne,
1666 3986 1748 4033 reus
1761 3961 1827 4031 erit

235 4081 395 4176 corporis
418 4097 453 4153 et
469 4083 649 4179 sanguinis
665 4083 823 4154 Domini.
849 4081 979 4154 Probet
996 4096 1117 4153 autem
1135 4080 1291 4179 seipsum
1308 4080 1442 4171 hom0,
1464 4097 1500 4153 et
1517 4083 1567 4152 sic
1584 4080 1631 4152 de
1649 4105 1743 4180 pane
1765 4079 1826 4152 illo

235 4197 338 4292 edat,
364 4199 465 4273 etde
494 4189 604 4274 calice
622 4203 732 4275 bibat.
762 4202 834 4291 Qui
860 4204 956 4274 enirn
977 4199 1170 4273 manducat
1189 4215 1225 4272 et
1249 4199 1340 4272 bibit
1364 4201 1530 4300 indigne,
1557 4201 1733 4297 judicium
1759 4199 1826 4271 sibi

234 4317 606 4411 manducarentur,
630 4347 704 4394 non
725 4315 926 4418 dijudicans
946 4346 1077 4420 corpus
1097 4320 1254 4391 Domini.
1277 4317 1364 4390 ldeo
1384 4319 1477 4391 inter
1494 4343 1559 4390 vos
1578 4317 1681 4389 multi
1694 4317 1826 4388 infirmi

231 4455 271 4512 et
284 4439 501 4531 imbecilles,
525 4457 558 4515 et
582 4443 767 4514 dormiunt
790 4442 904 4513 multi.
928 4438 1036 4528 Quod
1056 4441 1085 4511 si
1103 4440 1341 4539 nosmetipsos
1359 4438 1649 4535 dijudicaremus,
1667 4461 1741 4508 non
1761 4437 1826 4508 uti·

228 4587 305 4658 quc
322 4561 613 4658 dijudicaremur.
634 4591 651 4632 u
673 4568 758 4636 Post
774 4564 916 4634 missam
943 4586 1087 4660 quoque
1110 4561 1156 4633 ad
1181 4585 1292 4662 opera
1309 4559 1458 4632 redeant
1476 4557 1649 4656 usquead
1668 4572 1822 4647 sextam,

227 4697 272 4754 et
291 4682 390 4754 nullo
409 4697 571 4782 tempore
590 4684 706 4757 otiose
723 4685 867 4774 vivant,
888 4683 952 4755 sed
972 4707 1196 4780 unaquaque
1212 4681 1249 4753 id
1267 4680 1366 4779 quod
1385 4694 1503 4779 potest
1521 4695 1555 4751 et
1568 4679 1668 4777 quod
1684 4693 1826 4776 oportet

267 5123 280 5149 ⁸
300 5123 384 5184 Prota,
400 5139 455 5192 esp.
477 5141 509 5186 u,
530 5141 552 5176 r.
572 5125 653 5174 tt,..
664 5125 673 5152 ¹
684 5129 769 5186 Pron,
785 5145 839 5194 cap.
861 5145 910 5188 xrr,
929 5145 953 5178 r.
977 5125 1184 5186 rs.--¹1tcctr.‚
1205 5139 1262 5192 cap.
1279 5141 1361 5183 xxxrr.
1378 5141 1401 5176 rr.
1421 5127 1461 5175 st.
1474 5151 1496 5160 -·
1511 5123 1628 5174 ‘Proertc
1647 5123 1697 5173 llS.
1712 5120 1783 5172 rlmb.
1796 5145 1826 5157 -

218 5213 233 5239 “
254 5214 370 5266 &trinta
386 5215 413 5274 l,
427 5230 485 5280 cap.
496 5231 527 5274 rr,
542 5231 565 5265 r.
577 5219 606 5265 tt
621 5229 645 5267 et
659 5233 696 5284 sq.
