4536 6102
745 631 757 650 '
860 649 1105 723 stanneum.

574 1009 632 1096 IN
665 1008 869 1098 Narem
904 1009 1099 1097 SANGTI
1135 1005 1438 1116 STEPHANI,

222 1238 293 1301 VEL
314 1237 556 1306 CAETERORUM
578 1239 847 1322 DIACONORUM,
870 1243 938 1324 QUI
963 1244 1012 1308 AB
1041 1241 1248 1308 APOSTOLlS
1273 1242 1455 1308 nultlvtrl
1485 1241 1584 1308 SUNT
1609 1239 1802 1322 OBSEQUIO

778 1367 1008 1434 sanctarum
1028 1364 1240 1432 tiburtum.

891 1589 1003 1637 SERMO
1035 1589 1132 1640 XXXI.

276 1831 293 1870 ιι
310 1805 351 1874 Ιιι
364 1801 534 1875 lectulum
550 1803 751 1877 Salomonis
768 1805 948 1902 sexaginta
965 1804 1074 1877 lortes
1091 1804 1255 1877 ambiunt
1271 1831 1311 1877 ex
1329 1805 1528 1877 fortissimis
1543 1803 1663 1893 lsrael,
1678 1827 1804 1875 omnes

224 1935 385 1994 tenentes
402 1922 555 2018 gladios,
576 1925 673 1996 etad
690 1923 784 2000 bella
799 1923 1010 1996 doctissimi.
1030 1926 1315 2023 Uniuscujusque
1332 1926 1425 1996 ensis
1445 1948 1554 2023 super
1569 1923 1685 1994 semur
1700 1945 1806 1993 suum

224 2056 372 2139 propter
384 2042 529 2126 timores
542 2045 769 2116 noctumos¹,
786 2073 804 2111 u
823 2049 941 2130 Quam
958 2043 1133 2139 gloriosus
1145 2059 1181 2114 et
1196 2069 1306 2142 quam
1321 2045 1511 2142 pretiosus,
1530 2043 1667 2131 fratres,
1681 2043 1747 2113 iste
1762 2043 1809 2113 sit

224 2157 374 2256 lectulus
389 2159 607 2250 Salomonis,
629 2163 685 2233 cui
709 2177 784 2234 tam
800 2163 950 2259 diligens
966 2161 1129 2234 custodia
1150 2177 1204 2266 tot
1223 2176 1457 2235 attentorum
1477 2164 1637 2233 virorum
1651 2163 1703 2232 sic
1720 2185 1808 2258 prte-

225 2293 451 2378 paratorum,
478 2281 528 2351 sic
555 2296 776 2353 armatorum
803 2280 1014 2380 deputatur,
1050 2283 1171 2352 mirari
1195 2283 1307 2378 magis
1328 2306 1438 2379 quam
1460 2267 1580 2389 eloqui
1603 2305 1806 2378 possumus.

227 2398 322 2486 Quid
337 2399 374 2470 in
392 2399 558 2471 noctibus
574 2425 634 2471 rex
653 2415 773 2472 tantus
785 2401 978 2492 metuebat,
991 2401 1055 2498 qui
1070 2426 1112 2472 ex
1124 2401 1203 2498 ipso
1217 2426 1363 2498 quoque
1377 2401 1526 2473 nomine
1542 2425 1620 2491 suo,
1638 2414 1810 2498 quantam
1927 2437 1935 2454 ·

227 2517 272 2590 sit
287 2515 436 2617 adeptus
452 2543 597 2617 pacem,
618 2521 795 2592 insinuat?
811 2519 925 2610 Quid,
946 2521 1111 2618 inquam,
1129 2523 1168 2591 in
1185 2520 1352 2593 noctibus
1367 2521 1488 2618 potius
1503 2544 1614 2620 quam
1630 2520 1667 2588 in
1684 2517 1811 2591 diebus

228 2637 429 2728 verebatur,
448 2654 487 2710 ut
503 2655 602 2722 tanta
618 2640 788 2713 custodiae
799 2639 1027 2739 providentia
1042 2639 1212 2716 lectulum
1228 2665 1334 2712 suum
1350 2640 1531 2712 ambiente
1547 2639 1723 2710 muniret?
1740 2641 1812 2708 Cur

229 2756 303 2828 haec
318 2756 475 2855 denique
494 2759 596 2854 quies
615 2759 691 2854 ejus
714 2757 844 2830 lectulo
861 2758 972 2855 magis
992 2783 1100 2855 quam
1123 2758 1216 2829 lecto
1233 2759 1482 2856 comparatur?
1502 2762 1650 2830 [ectum
1665 2755 1813 2852 quidem

229 2876 265 2945 in
282 2875 475 2971 Evangelio
491 2875 641 2972 legimus
657 2876 749 2949 duos
765 2877 802 2948 in
820 2901 858 2950 se
873 2878 1137 2965 continentem,
1161 2901 1318 2976 quorum
1338 2876 1489 2948 alterum
1506 2877 1655 2964 assumi,
1674 2889 1710 2946 et
1726 2875 1813 2946 alte·

229 3019 310 3066 rum
327 2995 480 3093 relinqui
490 2997 628 3068 Veritas
644 3011 805 3069 testatur.
829 3001 881 3069 De
897 2996 1028 3069 lectulo
1044 3012 1182 3087 autem,
1201 2998 1315 3095 quiin
1332 2997 1405 3076 hoc
1425 2999 1569 3067 Carataco
1590 2999 1815 3065 Canticorum

229 3115 356 3211 saepius
379 3131 617 3206 memoratur,
639 3115 732 3188 nihil
750 3115 821 3188 tale
842 3116 989 3206 dicitur;
1017 3141 1084 3188 nec
1107 3119 1298 3214 quisquam
1322 3117 1358 3186 in
1384 3138 1429 3188 eo
1450 3115 1643 3213 quiescens
1663 3113 1816 3211 relinqui

231 3233 450 3332 perhibetur.
470 3239 597 3306 Lectus
609 3236 729 3332 itaque
745 3236 807 3332 qui
823 3235 938 3333 major
954 3250 1024 3324 est,
1044 3251 1080 3307 et
1097 3235 1229 3308 multos
1244 3235 1353 3334 capit,
1372 3233 1616 3333 quorumlibet
1631 3233 1817 3306 continen-

231 3353 322 3424 tium
337 3355 449 3424 vitam
467 3353 641 3451 designat.
661 3356 706 3425 Hi
719 3380 876 3452 namque
892 3380 966 3452 quo
982 3355 1136 3453 amplius
1151 3356 1198 3428 ab
1215 3355 1464 3454 inquietudine
1475 3354 1697 3429 saecularium
1714 3378 1815 3426 cura·

232 3496 314 3544 rum
329 3487 413 3544 sunt
428 3475 571 3562 remoti,
591 3499 658 3545 nec
674 3473 922 3570 conjugalibus
939 3473 1110 3560 molestiis
1126 3474 1301 3573 impliciti,
1321 3475 1487 3572 ampliori
1501 3475 1621 3572 quiete
1638 3473 1816 3545 fruuntur.

233 3590 304 3661 Sed
314 3591 400 3687 quia
416 3603 451 3664 et
467 3593 558 3663 inter
574 3593 729 3688 virgines
745 3590 926 3666 nonnullae
944 3593 1047 3664 satuae
1061 3592 1293 3665 inveniuntur
1308 3618 1388 3690 quae
1401 3617 1568 3690 asponso
1580 3591 1700 3664 clausa
1710 3592 1821 3688 janua

234 3709 471 3810 repelluntur,
491 3726 528 3784 et
548 3711 650 3784 multi
672 3728 753 3810 post
774 3737 917 3784 sacrum
937 3713 1165 3811 propositum
1183 3727 1431 3811 apostatantur
1447 3727 1483 3784 et
1499 3713 1549 3784 ob
1564 3711 1636 3783 hoc
1652 3711 1784 3783 assumi
1800 3735 1821 3782 a

234 3855 368 3928 sponso
386 3856 461 3902 non
480 3845 675 3920 merentur,
695 3829 896 3927 derelinqui
913 3828 1094 3903 dicuntur.
1114 3823 1279 3901 lectulus
1295 3854 1397 3920 vere,
1409 3831 1471 3927 qui
1486 3830 1618 3902 arctior
1628 3843 1681 3901 est
1693 3844 1728 3900 et
1735 3854 1823 3927 pau-

235 3974 297 4022 cos
314 3951 422 4048 capit,
440 3965 571 4022 sanctae
587 3950 816 4021 continentiae
832 3950 991 4046 quietem
1008 3949 1186 4047 exprimit,
1205 3949 1306 4044 cujus
1321 3949 1402 4021 vire
1421 3948 1593 4046 perfectio
1609 3953 1687 4020 Deo
1710 3974 1748 4021 se
1765 3973 1822 4021 ar·

236 4069 326 4140 etius
340 4069 515 4166 astringit,
531 4084 566 4141 et
580 4070 681 4166 quasi
699 4094 783 4142 cum
795 4094 839 4141 eo
854 4093 947 4144 unus
964 4069 1108 4166 spiritus
1125 4066 1177 4143 fir.
1191 4067 1328 4140 Talium
1343 4069 1416 4139 vita
1432 4071 1510 4138 Deo
1522 4068 1663 4166 penitus
1677 4092 1820 4159 vacans,

238 4202 344 4284 atque
361 4187 411 4258 illi
428 4187 495 4260 soli
512 4187 651 4276 dedita,
670 4212 810 4287 sponsae
827 4187 974 4259 nomine
991 4200 1087 4258 recte
1103 4185 1368 4274 censetur,·sed
1384 4200 1472 4256 tunc
1487 4185 1618 4256 rectius
1635 4199 1670 4255 et
1686 4186 1822 4284 specia-

237 4307 329 4396 liter,
349 4331 463 4404 quum
478 4321 580 4380 tanta
596 4309 709 4379 virtus
726 4309 762 4378 in
781 4307 922 4379 seminis
938 4306 1142 4404 praeminet,
1163 4330 1261 4403 quae,
1279 4304 1374 4377 virili
1387 4303 1518 4404 copula
1530 4318 1665 4402 spreta,
1684 4318 1720 4376 et
1735 4329 1824 4376 con·
1880 4325 1890 4354 ⁸

238 4427 382 4524 temptis
398 4425 655 4524 voluptatibus,
675 4426 857 4518 Christum
874 4426 941 4498 sibi
955 4451 1023 4524 pro
1041 4427 1170 4496 marito
1187 4439 1471 4524 proposuerunt,
1494 4449 1569 4495 non
1585 4421 1703 4495 solum
1718 4425 1825 4520 virgi·

240 4570 322 4634 nm,
348 4560 388 4616 ut
413 4547 545 4636 Maria,
564 4547 634 4628 ‚sed
662 4549 771 4619 etiam
792 4547 926 4636 viduae,
945 4547 1036 4618 sicut
1060 4551 1181 4636 Anna,
1206 4560 1241 4618 et
1261 4571 1341 4645 quae
1365 4545 1657 4617 abrenuntiantes
1678 4543 1825 4633 saeculo,

241 4662 438 4760 apostolico
456 4665 687 4760 adhaerebant
703 4666 866 4761 collegio.
886 4669 984 4753 Quas
1000 4665 1157 4763 denique
1173 4665 1326 4764 apostoli
1336 4665 1588 4762 tantopietatis
1605 4685 1729 4734 amore
1745 4678 1829 4737 sunt

241 4779 408 4880 amplexi,
422 4797 461 4854 ut
473 4807 557 4853 cum
575 4799 755 4880 crescente
772 4809 924 4856 numero
942 4782 1102 4854 fidelium
1119 4784 1186 4881 ipsi
1199 4783 1276 4878 jam
1293 4797 1334 4854 ut
1350 4797 1455 4855 antea
1468 4781 1600 4853 mensis
1614 4765 1738 4866 earum
1755 4804 1830 4852 non

242 4903 446 4977 sufficerent
466 4907 686 4999 ministrare,
706 4922 843 5006 septem
859 4907 943 4978 lruic
959 4905 1079 4978 officio
1096 4905 1288 4998 diaconos,
1307 4905 1345 4976 id
1362 4920 1414 4977 est
1436 4905 1618 4976 ministros
1635 4902 1830 5002 deputave-

244 5022 330 5111 rint,
349 5024 479 5120 quibus
501 5049 626 5098 earum
649 5025 902 5099 necessitudini
920 5024 1112 5120 diligenter
1132 5022 1424 5123 providentibus,
1444 5023 1528 5120 ipsae
1545 5019 1693 5121 spiritali
1714 5019 1833 5094 lectuli

281 5237 288 5263 ¹
306 5239 411 5299 Guntia,
422 5213 478 5306 cap.
491 5257 530 5303 nr,
543 5257 568 5291 ι.
582 5243 606 5292 l.

372 5339 382 5393 ι
1260 5323 1264 5330 ’
1678 5326 1717 5388 70
