4496 6102
709 565 754 636 lN
778 563 988 640 PASSlONE
1013 563 1170 638 coalitu
1196 563 1358 636 SERMO.
1758 565 1829 638 435

242 702 386 798 propria
420 703 539 790 venit,
562 703 676 774 et'sui
699 730 783 777 eum
809 729 884 777 non
911 711 1157 806 receperunt²3
1179 735 1196 774 »
1214 705 1430 794 Jerusalem,
1452 704 1526 776 imo
1544 704 1619 800 jam
1640 730 1714 778 non
1733 712 1830 780 Jeru-

241 821 372 912 salem,
393 847 472 919 quae
499 823 629 896 dicitur
656 827 745 898 visio
771 829 886 925 pacis,
915 827 978 900 sed
1003 828 1141 924 asylum
1169 829 1296 900 iactam
1322 825 1530 924 tyrannidis.
1558 829 1636 898 lam
1663 829 1760 900 enim
1792 830 1828 900 in

241 966 324 1014 eum
350 944 398 1015 ita
422 945 606 1018 manifeste
629 947 918 1046 conspiraverant
942 949 1095 1044 majores
1120 949 1269 1021 civitatis
1291 949 1385 1020 utin
1407 971 1448 1018 ea
1465 945 1661 1046 hospitium
1676 973 1752 1018 non
1772 931 1830 1020 in-

241 1066 388 1136 veniret.
410 1069 482 1137 Neo
495 1079 616 1138 tamen
634 1065 706 1139 boc
723 1067 799 1163 ejus
821 1069 1061 1168 impotentiae,
1081 1067 1145 1142 sed
1163 1069 1340 1168 patientiae
1356 1066 1586 1140 tribuendum
1603 1082 1670 1139 est.
1693 1073 1827 1160 Posset,

242 1185 310 1256 nisi
327 1183 448 1276 vellet,
468 1211 614 1258 securus
632 1187 822 1285 hospitari,
843 1190 902 1260 cui
920 1204 1058 1262 certum
1076 1203 1129 1260 est
1149 1213 1170 1260 a
1188 1191 1332 1262 nemine
1355 1211 1460 1286 posse
1477 1187 1549 1258 vim
1569 1187 1708 1278 inferri,
1729 1189 1831 1284 cujus

241 1307 408 1404 potentiae
429 1323 482 1380 est
501 1307 612 1379 corda
625 1307 814 1382 hominum
828 1333 901 1407 quo
916 1310 1069 1382 voluerit
1083 1310 1266 1383 inclinare.
1284 1314 1373 1382 Nam
1391 1325 1425 1380 et
1442 1333 1557 1405 quum
1572 1308 1699 1399 voluit,
1721 1308 1831 1381 libere

240 1427 374 1500 ibidem
392 1429 569 1527 quidquid
588 1429 797 1504 decreverat
814 1432 896 1529 egit.
924 1430 1124 1530 Discipulos
1148 1431 1231 1503 illuc
1253 1431 1408 1528 dirigens
1427 1444 1467 1501 ut
1483 1430 1619 1501 asinam
1637 1446 1673 1501 et
1691 1431 1830 1529 pullum

241 1547 420 1620 solverent
435 1563 478 1621 et⁴
486 1549 554 1620 sibi
566 1549 786 1623 adducerent
799 1552 943 1624 nemine
959 1551 1246 1640 contradicente,
1263 1551 1353 1622 sicut
1370 1550 1505 1622 dixerat
1522 1547 1701 1648 implevit,
1718 1574 1830 1648 quum

241 1669 420 1740 tamenin
443 1695 482 1742 se
499 1672 803 1770 conspirationem
827 1671 955 1744 factam
980 1696 1055 1744 non
1081 1673 1292 1769 ignoraret:
1320 1670 1366 1744 de
1390 1695 1461 1770 qua
1485 1669 1558 1760 his,
1581 1695 1673 1766 quos
1700 1673 1829 1762 mittit,

241 1787 421 1886 discipulis
439 1791 510 1862 ait:
529 1820 546 1860 r
562 1797 616 1864 lte
628 1793 664 1863 in
682 1793 865 1866 castellum
885 1793 985 1892 quod
1001 1808 1126 1866 contra
1139 1818 1203 1866 vos
1217 1809 1291 1884 est,
1309 1820 1327 1860 a
1346 1791 1417 1864 hoc
1430 1793 1533 1865 estin
1549 1793 1668 1864 locum
1682 1796 1759 1865 Deo
1773 1817 1833 1894 pa-

240 1909 325 1982 riter
338 1925 373 1981 et
386 1911 487 1983 vobis
501 1910 766 2004 adversantem,
784 1938 851 1987 nec
861 1915 935 2017 jam
949 1916 1127 1987 civitatem
1142 1914 1354 2004 dicendum,
1370 1913 1442 1984 hoe
1460 1926 1513 1983 est
1525 1928 1746 1984 conventum
1764 1913 1830 1984 ho·

239 2030 379 2102 minum
392 2030 440 2102 ad
450 2031 531 2127 jure
544 2033 762 2124 vivendum,
786 2034 850 2106 sed
869 2036 1060 2132 tyrannicae
1071 2035 1279 2107 munitionis
1293 2033 1488 2107 castellnm.
1507 2037 1577 2123 lte,
1595 2035 1729 2129 inquit,
1746 2057 1832 2106 con·

166 2193 174 2202 ·
241 2146 393 2222 fidenter
406 2150 442 2222 in
456 2149 579 2224 locum
591 2156 753 2251 quamvis
767 2155 890 2246 talem,
905 2171 1012 2254 atque
1025 2155 1116 2228 adeo
1128 2155 1233 2228 vobis
1244 2154 1483 2244 contrarium,
1503 2169 1538 2226 et
1551 2155 1651 2252 quod
1663 2157 1831 2254 praecipio

240 2273 352 2344 securi
367 2275 535 2372 peragite.
554 2274 658 2348 Unde
676 2292 712 2349 et
729 2277 907 2351 subnectit
914 2282 949 2350 ¹¹:
971 2307 989 2348 u
1001 2283 1044 2350 Et
1057 2279 1087 2350 si
1098 2278 1178 2375 quis
1196 2277 1299 2350 vobis
1316 2277 1608 2375 aliquiddixerit,
1625 2277 1732 2350 dicite
1749 2279 1832 2375 quia

240 2393 417 2464 Dominus
439 2394 494 2466 his
517 2419 610 2495 opus
628 2396 756 2489 habet,
784 2413 820 2472 et
840 2399 1028 2472 confestim
1048 2399 1202 2471 dimittet
1223 2423 1297 2471 eos.
1318 2427 1336 2466 »
1357 2402 1389 2470 O
1415 2398 1505 2470 mira
1529 2398 1697 2497 potentiae
1718 2399 1831 2471 conii-
1877 2431 1883 2442 ·

241 2509 376 2584 dential
399 2527 571 2612 tanquam
582 2517 761 2589 Dominus
777 2543 820 2590 ex
838 2521 990 2618 imperio
1009 2519 1156 2591 mandat
1170 2517 1208 2590 id
1226 2519 1292 2608 eie,
1312 2543 1403 2616 quos
1420 2518 1456 2590 in
1476 2532 1628 2590 mortem
1647 2543 1748 2592 suam
1757 2519 1830 2615 jam

240 2633 393 2704 omniuo
410 2636 632 2734 conspirasse
650 2654 811 2710 noverat.
828 2640 886 2710 Sic
904 2638 1070 2730 mandat,
1092 2640 1142 2710 sic
1159 2639 1333 2737 praeoipit,
1351 2653 1388 2710 et
1402 2637 1619 2710 sicobedire
1634 2639 1829 2736 compellit.

240 2757 312 2825 Nec
330 2754 496 2828 dubitant
509 2757 607 2829 missi
627 2759 728 2856 quod
748 2760 797 2831 eis
818 2759 1015 2856 injungitur
1036 2783 1224 2858 peragere,
1245 2757 1373 2832 conlisi
1389 2759 1436 2831 de
1453 2759 1623 2831 mittentis
1642 2772 1829 2856 potestate.

239 2878 357 2962 Quam
371 2890 407 2948 et
424 2876 474 2948 illi
495 2879 557 2974 qui
576 2878 670 2950 hane
689 2880 842 2951 maxime
861 2881 1165 2980 conspirationem
1188 2879 1344 2952 fecerant
1366 2879 1521 2977 experti,
1543 2877 1589 2949 de
1607 2878 1740 2978 templo
1758 2903 1832 2951 non

239 2995 348 3078 semel
370 3013 454 3068 sunt
471 2998 593 3094 ejecti,
615 3024 727 3095 quum
745 3003 808 3071 uni
829 3001 990 3072 resistere
1012 3025 1086 3072 non
1111 2998 1271 3076 valerent
1283 2997 1398 3070 multi.
1419 2999 1489 3086 Qui
1511 2999 1617 3070 etiam
1638 2997 1833 3096 posthanc

240 3115 465 3211 ejectionem,
480 3133 667 3209 eteorum,
686 3120 899 3212 utdiximus,
914 3122 1230 3220 conspirationem,
1245 3145 1358 3218 quum
1371 3134 1462 3192 esset
1472 3118 1635 3216 quotidie
1648 3117 1784 3191 docens
1796 3121 1832 3191 in

240 3237 397 3335 templo,
417 3263 526 3336 quam
543 3240 741 3340 intrepidus
760 3257 851 3314 esset
869 3234 1032 3340 patenter
1050 3241 1284 3333 ostendebat,
1304 3241 1364 3312 eui
1388 3239 1509 3311 omnia
1528 3255 1630 3337 pater
1649 3240 1686 3310 in
1706 3263 1834 3312 manus

181 3347 185 3352 ’
212 3343 217 3354 ’
239 3357 398 3433 dederat.
412 3364 575 3461 Denique
585 3388 697 3460 quum
708 3363 821 3436 voluit
830 3363 1030 3436 secundum
1038 3364 1154 3462 legem
1164 3362 1297 3435 Pascha
1307 3361 1488 3434 celebrare
1497 3361 1534 3432 in
1546 3361 1623 3459 ipsa
1634 3386 1705 3459 qua
1714 3362 1834 3460 dispo·

178 3566 182 3574 ι
238 3493 356 3575 suerat
373 3481 466 3552 tradi
484 3499 608 3574 nocte,
630 3484 745 3555 missis
765 3485 894 3568 iterum
919 3482 1102 3583 discipulis
1132 3482 1194 3554 ubi
1219 3481 1351 3572 voluit,
1379 3481 1530 3554 domum
1554 3480 1619 3552 sibi
1644 3482 1681 3553 in
1706 3483 1832 3578 quaid

243 3599 385 3691 iaceret,
399 3602 435 3672 in
447 3603 524 3698 ipsa
537 3605 677 3676 civitate
686 3606 834 3703 paravit.
848 3605 1012 3702 Quiergc
1024 3604 1154 3677 totiens
1164 3605 1201 3674 in
1214 3601 1345 3675 talibus
1357 3616 1523 3701 potenter
1535 3603 1621 3699 egit,
1636 3627 1734 3674 nunc
1748 3627 1834 3698 quo

241 3743 311 3816 que
332 3722 363 3792 si
382 3722 511 3813 vellet,
532 3723 738 3822 ubicunque
758 3725 866 3797 vellet
880 3750 1007 3824 parare
1027 3725 1224 3822 hospitium
1244 3738 1382 3820 posset,
1402 3703 1523 3795 necin
1544 3724 1751 3797 Bethaniam
1772 3747 1832 3796 co-

241 3855 339 3912 actns
355 3841 499 3914 rediret.
518 3848 599 3914 Duo
618 3845 737 3942 itaque
757 3845 793 3916 in
814 3843 884 3915 hoc
907 3845 978 3940 egit
994 3842 1160 3941 provide,
1183 3856 1221 3912 ut
1240 3842 1406 3914 videlicet
1422 3841 1502 3914 illos
1515 3867 1607 3940 quos
1617 3843 1751 3918 vitabat
1764 3843 1834 3916 hn-

239 3957 413 4034 bitatione
430 3987 492 4035 sua
509 3963 675 4061 indignos
695 3963 915 4052 ostenderet,
941 3975 976 4033 et
996 3960 1132 4034 dilectis
1154 3959 1355 4057 hospitibus
1372 3962 1514 4058 copiam
1532 3963 1586 4032 sui
1608 3963 1645 4032 in
1669 3959 1833 4034 extremis

240 4076 358 4172 daret,
378 4097 417 4154 ut
435 4081 506 4155 hoc
522 4084 640 4182 ipsum
658 4084 735 4180 jam
751 4085 852 4181 quasi
870 4079 1339 4179 mercedemhospitalitatis
1362 4079 1546 4154 haberent.

288 4203 393 4274 blane
421 4219 540 4276 autem
564 4203 677 4295 facto,
703 4206 778 4304 ipse
796 4229 881 4276 cnm
903 4201 1084 4301 discipulis
1108 4200 1155 4272 de
1177 4197 1347 4272 Bethania
1365 4199 1625 4295 lerosolymam
1649 4213 1831 4272 revertens

240 4322 380 4412 esuriit,
399 4341 439 4396 ut
455 4329 596 4397 Marcus
615 4327 707 4401 nit³2
729 4355 746 4395 r
762 4331 807 4398 Et
817 4325 945 4401 videns
959 4351 980 4398 a
993 4324 1101 4422 longe
1114 4321 1222 4394 licum
1236 4319 1429 4394 habentem
1443 4319 1545 4412 lolia,
1560 4321 1657 4392 venit
1670 4345 1833 4418 quaerens

240 4443 269 4512 si
291 4442 379 4540 quid
396 4443 488 4517 forte
502 4447 678 4519 inveniret
693 4447 731 4518 in
752 4471 812 4536 ea,
835 4461 869 4519 et
888 4445 978 4518 nihil
993 4444 1129 4517 invenit
1143 4458 1270 4542 praeter
1286 4439 1381 4514 lolia.
1399 4445 1479 4512 Non
1492 4441 1590 4514 enim
1603 4456 1678 4514 erat
1692 4456 1832 4539 tempus

242 4559 404 4636 ficorum.
434 4569 478 4636 Et
500 4567 549 4638 ait
563 4563 636 4638 illi:
656 4597 673 4635 r
689 4571 880 4666 Nunquam
901 4591 944 4638 ex
965 4581 999 4639 te
1022 4565 1155 4638 fructus
1177 4578 1343 4636 nascatur
1365 4563 1403 4635 in
1426 4576 1686 4662 perpetuum.»
1706 4565 1749 4634 Et
1769 4587 1832 4633 au·

242 4681 387 4755 diebant
416 4685 580 4786 discipuli
611 4689 703 4783 ejus,
724 4704 761 4761 et
782 4688 935 4762 arelabta
959 4703 1012 4760 cst
1033 4687 1206 4759 continuo
1229 4683 1399 4775 liculnea,
1428 4699 1464 4756 et
1482 4685 1630 4758 veniunt
1653 4683 1831 4780 lerosoly-

242 4823 351 4874 mam.
383 4808 425 4877 Et
450 4831 563 4904 quum
594 4808 798 4881 introissent
824 4808 1023 4907 templum,
1051 4807 1158 4905 coepit
1183 4805 1309 4902 ejicere
1335 4803 1531 4878 vendentes
1552 4819 1587 4876 et
1611 4817 1770 4876 ementes
1796 4803 1832 4874 in

242 4923 396 5021 templo,
418 4941 453 4997 et
471 4951 611 5000 mensas
631 4928 955 5018 nummulariorum
972 4943 1009 5001 et
1027 4925 1213 5001 cathedras
1232 4924 1467 5002 vendentium
1486 4923 1830 4998 columbasevertit.

279 5193 286 5219 ¹
305 5193 387 5258 loun„
400 5208 457 5262 cup.
472 5214 493 5254 r,
508 5215 532 5248 v.
547 5202 586 5248 11.
600 5227 624 5236 -
638 5197 649 5226 ²
661 5199 758 5262 blatta,
771 5215 826 5268 cap.
842 5217 901 5264 mr,
914 5217 936 5253 v.
950 5201 976 5252 3.
988 5227 1018 5238 -
1030 5199 1134 5261 ‘stara
1145 5213 1201 5266 cap.
1215 5160 1292 5256 xr,'v.
1308 5199 1335 5247 13
1347 5207 1422 5262 eteq.
