4520 6104
476 632 554 704 aas
979 579 984 590 ’
1082 627 1209 698 rarat
1236 627 1468 700 maulam

484 801 501 840 n
515 773 771 871 scripturarum
801 769 909 842 ardor
933 783 1008 842 erat
1029 766 1268 859 incredibilis,
1288 795 1501 870 semperque
1520 771 1685 847 cantabat
1708 800 1716 844 ε
1750 803 1767 842 u
1786 779 1825 846 ln
1850 777 1960 850 corde
1986 803 2064 852 meo

485 921 502 960 a
522 890 695 964 abscondi
707 888 848 988 eloquia
856 906 941 980 tua,
958 905 998 962 ut
1009 914 1084 962 uon
1097 913 1245 989 peccem
1258 889 1322 962 tibi
1335 895 1356 962 ¹.
1373 919 1391 958 n
1412 895 1454 962 Et
1467 889 1555 962 illud
1569 891 1615 964 de
1628 891 1785 992 perlecto
1803 896 1922 968 riro':
1941 927 1959 968 κ
1974 904 2016 972 Et
2030 903 2063 976 iu

486 1044 503 1082 a
524 1014 600 1110 lege
618 1013 764 1084 Domini
782 1001 947 1084 voluntas
960 1013 1055 1108 ejus,
1073 1025 1108 1084 et
1121 1013 1157 1083 in
1170 1011 1246 1109 lage
1260 1011 1336 1108 ejus
1354 1011 1582 1084 meditabitur
1599 1013 1658 1086 die
1675 1039 1717 1086 ac
1736 1031 1864 1109 nocte,
1885 1033 1952 1092 etc.
1968 1049 1986 1088 n
2008 1028 2065 1094 «l

484 1165 499 1200 a
521 1133 699 1206 mandatis
718 1134 787 1206 tuis
804 1131 990 1205 intellexi³.
1009 1161 1027 1200 n
1048 1133 1232 1229 Denique,
1253 1154 1366 1229 quum
1380 1147 1421 1204 et
1438 1139 1495 1204 rrle
1513 1137 1663 1206 Romam
1679 1159 1762 1206 cunr
1780 1141 1908 1209 sanctis
1919 1141 2063 1237 pontifi·

480 1256 579 1326 ribus
617 1253 766 1326 Paulino
796 1269 832 1325 et
862 1254 1082 1352 Epiphanio,
1111 1252 1347 1326 ecclesiastica
1389 1254 1548 1326 traxisset
1575 1257 1783 1346 necessitas,
1805 1273 1841 1330 et
1867 1263 2065 1335 verecunde

430 1417 431 1420 =
480 1375 654 1447 nobilium
675 1376 888 1450 lerninarum
905 1374 1030 1446 oculos
1046 1373 1262 1446 declinarem
1280 1403 1287 1444 :
1305 1377 1352 1446 ita
1372 1376 1462 1472 egit,
1486 1375 1686 1448 secundum
1702 1378 1912 1477 Apostolum
1923 1385 1953 1470 ⁸,
1972 1411 1990 1450 u
2003 1383 2065 1455 im·

482 1527 498 1564 a
519 1511 675 1597 portune
702 1511 929 1596 opportune,
959 1525 976 1563 n
1005 1510 1045 1568 ut
1069 1495 1247 1595 pudorem
1276 1520 1396 1568 meum
1417 1519 1481 1569 sua
1508 1513 1691 1596 superaret
1717 1497 1901 1572 industria.
1925 1507 1968 1574 m
1985 1505 2064 1600 quia

479 1617 626 1714 alicujus
650 1633 737 1688 tunc
764 1617 921 1688 nominis
947 1641 1024 1688 esse
1053 1616 1279 1690 existimabar
1305 1641 1413 1716 super
1435 1617 1554 1691 studio
1571 1619 1853 1717 scripturarum,
1882 1646 2064 1719 nunquam

479 1739 669 1827 convenit,
690 1737 778 1835 quin
798 1737 843 1810 de
861 1738 1050 1836 Scriptmis
1067 1735 1200 1834 aliquid
1217 1738 1470 1834 interrogaret,
1490 1763 1558 1810 nec
1576 1739 1692 1810 statim
1715 1740 1978 1836 acquiesceret,
2004 1744 2065 1816 sed

480 1875 640 1938 moverat
657 1885 677 1933 e
696 1862 875 1933 contrario
898 1862 1138 1957 quaestiones,
1161 1883 1236 1932 non
1255 1875 1295 1932 ut
1306 1860 1562 1950 contenderet,
1584 1861 1647 1934 sed
1660 1875 1699 1933 ut
1710 1863 1903 1959 quaerendo
1917 1863 2066 1939 disceret

480 2007 601 2054 earum
620 1981 838 2072 solutiones,
861 1963 949 2079 quas
966 1983 1103 2081 opponi
1124 2005 1229 2082 posse
1249 1980 1479 2078 intelligebat.
1500 1980 1597 2068 Quid
1624 1983 1660 2054 in
1686 1982 1745 2054 illa
1767 1984 1959 2076 virtutum,
1982 1987 2066 2084 quid
2108 1975 2115 1984 ¹

478 2105 611 2201 ingenii
628 2103 849 2194 invenerim,
869 2127 996 2176 vereor
1013 2103 1152 2194 dicere,
1174 2128 1220 2176 ne
1242 2101 1352 2175 fidem
1367 2101 1587 2176 credulitatis
1606 2103 1797 2192 excedam,
1824 2121 1859 2177 et
1877 2105 1941 2179 tibi
1957 2110 2064 2206 majo-

478 2250 553 2297 rem
580 2224 745 2298 dulorem
762 2225 955 2322 incutiam,
985 2223 1188 2296 recordanti
1212 2238 1349 2321 quanto
1376 2223 1475 2295 bono
1501 2225 1668 2297 carueris.
1690 2229 1768 2298 Hoc
1787 2225 1903 2298 solum
1922 2227 2063 2320 dicam,

479 2346 578 2444 quod
596 2345 772 2444 quidquid
785 2347 822 2418 in
840 2346 945 2418 nobis
962 2345 1071 2443 longo
1086 2345 1155 2419 fuit
1171 2345 1289 2418 studio
1308 2359 1589 2444 congregatum,
1606 2360 1640 2417 et
1655 2345 1887 2420 meditatione
1899 2348 2066 2422 diuturna

477 2449 576 2567 quasi
596 2469 633 2540 in
653 2483 817 2540 naturam
835 2493 1000 2558 versum,
1026 2466 1098 2539 hoc
1117 2467 1174 2539 illa
1190 2467 1333 2557 libavit,
1355 2467 1502 2559 didicit,
1525 2481 1632 2566 atque
1650 2466 1834 2565 possedit:
1860 2469 1907 2540 ita
1932 2484 1971 2540 ut
1988 2487 2067 2568 post

361 2637 365 2646 ·
476 2590 733 2689 perfectionem
751 2603 931 2678 nostram,
959 2589 989 2660 si
1008 2588 1045 2660 in
1071 2587 1190 2685 aliquo
1217 2587 1421 2660 testimonio
1440 2591 1704 2688 scripturarum
1721 2603 1814 2660 esset
1833 2588 1962 2661 oborta
1981 2614 2066 2662 con·

478 2711 614 2802 tentio,
633 2711 679 2782 ad
697 2708 794 2780 illam
807 2709 967 2806 judicem
989 2725 1206 2808 pergeretur.
1229 2713 1271 2782 Et
1290 2711 1373 2805 quia
1391 2709 1496 2781 valde
1514 2709 1673 2808 prudens
1686 2723 1779 2800 erat,
1795 2711 1845 2783 sic
1859 2709 1905 2782 ad
1918 2711 2068 2784 interro-

476 2847 556 2928 gata
582 2829 846 2928 respondebat,
869 2844 908 2901 ut
932 2831 1039 2902 etiarn
1060 2853 1123 2902 sna
1149 2854 1223 2902 non
1252 2855 1316 2902 sua
1335 2827 1489 2921 diceret,
1508 2830 1571 2903 sed
1596 2829 1653 2902 vel
1676 2855 1776 2920 mea,
1797 2831 1853 2902 rel
1880 2830 2068 2928 cujuslibet

476 2951 618 3026 alterius
646 2979 654 3022 ε
684 2965 724 3022 ut
743 2952 780 3022 in
798 2975 842 3024 eo
861 2952 960 3050 ipso,
982 2949 1082 3048 quod
1113 2949 1285 3039 docebat,
1313 2976 1350 3023 se
1374 2949 1585 3051 discipulam
1607 2949 1786 3024 fateretur.
1808 2951 1949 3025 Sciebat
1971 2955 2068 3025 enim

475 3072 672 3145 dictumab
692 3071 907 3171 Apostolo⁸2
931 3075 1102 3143 «Docere
1124 3085 1243 3142 autem
1266 3070 1407 3143 mulieri
1426 3096 1500 3143 non
1519 3073 1711 3171 permitt03
1732 3100 1749 3138 n
1766 3097 1813 3146 ne
1830 3073 1922 3145 virili
1946 3076 2066 3166 sexui,

475 3209 510 3265 et
526 3192 707 3266 interdum
726 3192 989 3284 sacerdotibus,
1017 3191 1063 3263 de
1089 3191 1268 3282 obscuris,
1290 3208 1325 3264 et
1344 3192 1517 3291 ambiguis
1534 3191 1809 3286 sciscitantibus,
1839 3194 1954 3266 lacere
1972 3195 2069 3268 vide·

475 3331 571 3386 retur
588 3314 765 3410 injuriam.
787 3313 990 3385 Absentiam
1012 3313 1125 3384 nostri
1144 3314 1276 3385 mutuis
1295 3313 1476 3389 solabatur
1495 3312 1680 3412 alloquiis,
1702 3330 1738 3387 et
1756 3315 1856 3413 quod
1872 3341 1979 3388 carne
1992 3342 2069 3389 non

471 3451 701 3544 poteramus,
724 3436 848 3534 spiritu
870 3433 1108 3508 reddebamus
1136 3463 1143 3506 ε
1175 3461 1317 3533 semper
1344 3436 1489 3509 obviare
1516 3435 1697 3537 epistolis,
1728 3462 1896 3538 superare
1914 3438 2067 3530 officiis,

471 3556 744 3628 salutationibus
768 3557 973 3655 praevenire.
995 3560 1076 3634 Non
1095 3556 1248 3628 multum
1270 3558 1444 3656 perdebat
1459 3559 1616 3631 absentia
1633 3613 1644 3651 ,
1664 3584 1744 3659 quae
1757 3561 1902 3659 jugibus
1923 3561 1992 3634 sibi
2006 3562 2070 3634 lit-

471 3678 557 3748 teris
567 3675 794 3775 Jungebatur.
816 3681 856 3747 ln
872 3675 1232 3774 bac'trauquillitate,
1256 3694 1291 3750 et
1306 3679 1453 3751 Domini
1472 3681 1661 3772 servitute,
1681 3679 1845 3784 baeretica
1860 3683 1897 3754 in
1911 3683 1968 3756 his
1983 3710 2072 3784 pro·

474 3797 597 3869 vinciis
616 3813 738 3869 exorta
757 3812 947 3896 tempestas
965 3812 1093 3870 cuncta
1117 3798 1292 3886 turbavit,
1318 3815 1353 3872 et
1379 3801 1416 3871 in
1446 3814 1582 3872 tantam
1611 3801 1747 3874 rabiem
1782 3803 1958 3877 concitata
1985 3821 2064 3896 est,

474 3933 514 3990 ut
535 3942 602 3991 nec
627 3917 713 4010 sabi,
740 3943 808 3993 nec
836 3917 900 3990 ulli
923 3918 1106 3990 bonorum
1128 3936 1312 4018 parceret,
1336 3935 1372 3993 et
1399 3921 1500 4017 quasi
1527 3945 1653 4020 parurn
1684 3938 1796 4012 esset,
1812 3924 1875 3997 bie
1899 3927 2071 3998 universa

474 4040 644 4131 movisse,
663 4063 791 4112 navem
805 4038 949 4139 plenam
970 4037 1273 4138 blasphemiarum
1291 4062 1442 4112 romano
1461 4041 1578 4112 intulit
1593 4043 1736 4141 portui,
1757 4069 1872 4140 quum
1889 4059 2071 4116 venenata

472 4183 670 4257 spurcaque
686 4157 850 4231 doctriua
866 4161 986 4230 Romae
1000 4159 1194 4245 invenerit,
1210 4182 1302 4255 quos
1321 4159 1517 4232 induceret.
1534 4163 1633 4232 Tunc
1646 4176 1768 4234 sancta
1782 4161 1963 4248 Marcella,
1984 4189 2071 4260 quae

472 4277 533 4349 diu
546 4303 584 4350 se
598 4277 819 4368 cohibuerat,
835 4302 881 4350 ne
892 4303 958 4376 par
970 4275 1235 4350 emulationem
1243 4279 1429 4377 quippiam
1443 4279 1557 4351 lacere
1570 4279 1763 4370 rideretur,
1780 4296 1972 4379 postquam
1985 4307 2073 4353 sen·

471 4399 515 4470 sit
529 4397 640 4471 fidem
655 4399 851 4497 apostolico
869 4424 933 4471 ore
950 4397 1132 4470 laudatam
1148 4398 1185 4470 in
1202 4397 1381 4498 plerisque
1399 4399 1543 4490 violari,
1562 4400 1609 4472 ita
1629 4416 1667 4474 ut
1680 4399 1883 4473 sacerdotes
1894 4427 2070 4500 quoque,

471 4537 507 4593 et
526 4520 720 4594 nonnullos
732 4521 1007 4612 monachorum,
1021 4521 1247 4618 maximeque
1263 4519 1380 4602 saectdi
1394 4521 1559 4595 homines
1569 4523 1606 4594 in
1621 4547 1806 4620 assensum
1819 4525 1873 4595 sui
1888 4523 2071 4612 traheret,

471 4667 513 4713 ac
526 4641 741 4741 simplicitati
758 4641 924 4714 illuderet
941 4642 1121 4741 episcopi,
1140 4641 1207 4750 qui
1227 4639 1273 4714 de
1293 4667 1360 4714 suo
1376 4643 1519 4742 ingenio
1538 4657 1684 4716 caeteros
1697 4643 1905 4736 aestimabat,
1921 4643 2076 4743 publice

472 4763 622 4852 restitit,
642 4761 779 4835 malens
798 4765 875 4835 Deo
886 4761 1027 4863 placere
1045 4786 1155 4859 quam
1171 4761 1442 4840 bominibus...
1463 4764 1712 4836 Damnationis
1724 4765 1974 4838 haereticorum
1985 4763 2078 4838 lraec

471 4880 536 4953 fuit
554 4883 793 4982 principium,
815 4882 903 4955 dum
918 4881 1064 4956 adducit
1081 4897 1210 4975 testes,
1234 4883 1296 4980 qui
1313 4883 1412 4982 prius
1428 4882 1474 4956 ab
1496 4884 1548 4957 eis
1564 4885 1711 4975 eruditi,
1733 4899 1769 4958 et
1786 4899 1911 4984 postea
1928 4883 1975 4956 ab
1991 4883 2078 4958 hae-

506 5189 512 5214 ·
540 5185 633 5238 Psalm·
660 5203 751 5248 maur,
778 5205 807 5239 vs
833 5192 872 5241 tt.
890 5217 915 5226 -
932 5188 942 5216 ¹
959 5189 1050 5241 Psalm.
1068 5207 1089 5249 r,
1107 5207 1133 5242 r.
1150 5185 1344 5241 aarum.
1365 5203 1452 5252 cxrnr,
1474 5205 1498 5240 r.
1520 5189 1683 5241 tut.-⁴tt
1696 5189 1840 5258 ll'm.,csp.
1860 5189 1975 5242 r.-⁸I
1987 5189 2079 5252 lim„

468 5291 526 5344 cap.
540 5292 571 5338 u,
581 5291 605 5327 v.
621 5279 661 5328 u.
