4536 6102
458 634 528 709 566
1053 630 1181 701 PETRI
1208 631 1438 702 ABAELARDI

457 802 530 851 una
544 777 731 876 provincia
747 774 839 844 facta
865 771 910 844 ad
927 773 1001 867 ejus
1026 774 1192 844 notitiam
1209 789 1471 871 pervenerunt,
1498 789 1589 870 quot
1609 788 1644 845 et
1671 789 1808 872 quanta
1831 772 1917 846 talia
1936 773 2022 845 vide·

455 895 537 968 licet
554 895 689 989 majora
706 895 742 964 in
766 893 899 963 caeteris
918 891 1043 962 mundi
1068 893 1229 990 partibus
1246 892 1291 965 ad
1313 893 1463 992 gloriam
1479 894 1533 965 sui
1551 893 1672 966 militis
1692 896 1869 966 Dominus
1893 896 2022 991 operari
2060 949 2063 958 .

455 1014 655 1086 credendus
671 1016 728 1085 sit.

504 1133 609 1204 Unde
630 1149 665 1204 et
685 1133 723 1203 id
740 1133 980 1230 praerogativae
998 1147 1210 1204 consecutus
1229 1149 1300 1223 est,
1320 1133 1414 1206 utin
1432 1133 1507 1229 ejus
1523 1129 1736 1232 memoridn
1752 1133 1905 1205 maxime
1919 1135 2023 1206 cathe-

455 1253 601 1326 drarum
618 1253 873 1351 episcopalium
886 1252 1048 1323 basilicas
1063 1253 1247 1324 videamus
1260 1269 1496 1326 consecratas.
1511 1255 1581 1340 Qui
1598 1255 1733 1351 primus
1745 1269 1880 1350 martyr
1889 1252 2021 1342 Christi,

455 1389 626 1471 tanquam
639 1374 727 1445 alter
733 1371 833 1460 Abel,
849 1373 985 1468 proprii
993 1373 1175 1466 sanguinis
1185 1372 1386 1462 effusione¹,
1398 1373 1560 1471 quidam,
1577 1389 1616 1444 ut
1626 1375 1675 1444 ita
1688 1373 1853 1463 dixerim,
1865 1372 2023 1444 fundator

456 1495 568 1564 extitit
585 1493 760 1579 Ecclesiae,
779 1493 935 1588 seipsum
953 1506 1124 1588 tanquam
1142 1491 1299 1588 lapidem
1319 1495 1441 1563 vivum
1458 1509 1493 1563 ct
1513 1493 1709 1564 multorum
1729 1493 1892 1591 lapidum
1909 1490 2037 1562 ictibus·

456 1611 626 1682 obtusum
651 1626 686 1682 et
708 1609 922 1706 quadratum
939 1611 976 1679 in
999 1610 1073 1705 ejus
1090 1609 1365 1681 fundamentum
1391 1609 1640 1700 substernens,
1658 1637 1766 1708 super
1787 1636 1896 1708 quem
1921 1609 2023 1681 eaeteri

456 1754 581 1801 omnes
594 1745 766 1825 tanquam
779 1730 816 1800 in
834 1730 912 1828 ipso
929 1727 1088 1825 quodam
1105 1727 1217 1799 modo
1234 1727 1373 1800 fundati
1389 1753 1430 1802 ae
1441 1728 1573 1800 firmati
1587 1730 1799 1817 innitantur,
1819 1729 1882 1826 qui
1898 1743 1935 1800 et
1950 1729 2022 1800 viris

455 1850 614 1920 exhibuit
630 1850 783 1920 formam
793 1850 999 1920 constantiae
1015 1863 1052 1920 et
1068 1848 1207 1919 seminis
1219 1849 1352 1947 pariter
1363 1848 1606 1919 eontinentiae.

505 1969 575 2040 Sed
591 1970 765 2065 quoniam
781 1983 910 2041 cuncta
926 1968 1001 2039 haec
1023 1968 1069 2039 ad
1085 1983 1241 2041 vestram
1262 1967 1430 2063 gloriam,
1445 1966 1634 2039 carissimae
1656 1991 1818 2054 sorores,
1837 1965 2025 2063 specialiter

456 2090 637 2187 pertinent
654 2114 733 2185 quae
757 2089 803 2160 de
820 2089 938 2187 primo
963 2104 1082 2159 vestro
1104 2088 1344 2186 praedicantur
1368 2089 1551 2176 ministro,
1578 2101 1679 2158 tanto
1706 2085 1858 2183 amplius
1885 2110 1906 2156 a
1932 2085 2025 2156 vohis

457 2206 658 2304 triumphus
669 2208 743 2302 ejus
753 2207 1008 2279 memorandus
1019 2223 1084 2295 est,
1097 2221 1234 2304 quanto
1246 2207 1321 2303 ejus
1330 2205 1505 2278 memoria
1517 2204 1621 2277 vobis
1631 2203 1842 2302 amphorem
1858 2203 2026 2274 honorem

457 2325 513 2396 vel
541 2327 714 2420 majorem
738 2327 964 2396 securitatem
990 2338 1143 2422 praestat.
1163 2324 1267 2395 Unde
1281 2325 1341 2423 pia
1365 2323 1469 2396 vobis
1491 2323 1738 2395 exhortatione
1761 2321 1978 2393 consulimus
1993 2335 2025 2390 ut

457 2469 598 2542 semper
617 2446 654 2516 in
668 2446 851 2518 matutinis
863 2461 898 2517 et
911 2446 1120 2544 vespertinis
1134 2443 1300 2516 laudibus
1316 2447 1354 2516 in
1371 2443 1571 2543 antiphona
1587 2445 1734 2542 propria
1750 2441 1954 2514 etcollecta
1962 2442 2026 2536 ejus

458 2569 669 2637 memoriam
682 2567 812 2638 devote
825 2565 1021 2657 celebretis,
1033 2582 1073 2638 ut
1083 2591 1192 2663 quem
1201 2566 1298 2664 apud
1306 2565 1472 2637 homines
1481 2565 1626 2636 fidelem
1633 2563 1807 2636 habuistis
1819 2565 2024 2650 ministrum,

457 2685 692 2758 salubriorem
713 2687 810 2786 apud
827 2692 943 2758 Deum
959 2687 1117 2759 sentiatis
1134 2686 1367 2776 advocatum,
1387 2687 1466 2785 ipso
1486 2686 1526 2757 id
1538 2684 1642 2757 vobis
1658 2686 1817 2756 Domino
1826 2695 2024 2783 prestante,

458 2807 515 2876 cui
533 2821 586 2878 est
596 2805 717 2878 honor
729 2822 765 2879 et
778 2807 891 2903 gloria
899 2832 964 2906 per
978 2805 1118 2878 infinita
1134 2806 1346 2878 saeculorum
1362 2805 1501 2879 saecula.
1521 2809 1648 2877 Amen.

801 3581 873 3668 DE
907 3581 1118 3672 sancto
1149 3583 1369 3675 tolttttn
1404 3581 1691 3675 Blarlstl.

1122 3831 1232 3880 SRRMO
1258 3832 1382 3880 xxxm.

507 4031 683 4102 Dominus
709 4030 756 4103 ad
777 4031 924 4104 beatum
947 4034 1016 4106 lob
1041 4037 1078 4107 in
1101 4037 1282 4134 parabolis
1302 4037 1476 4137 loquens,
1499 4060 1613 4134 quum
1643 4059 1707 4133 per
1737 4034 1846 4106 ibices
1867 4049 1903 4105 et
1919 4047 2038 4132 partu·

458 4149 589 4222 tientes
603 4173 725 4222 cervas
740 4167 922 4223 rectorum
936 4153 1101 4226 ordinem
1114 4155 1372 4256 descripsisset,
1392 4169 1665 4254 consequenter,
1684 4153 1902 4226 dilectissimi
1916 4153 2039 4223 fratres

459 4283 494 4338 et
510 4269 776 4359 commonachi,
796 4269 842 4341 ad
858 4272 1119 4345 institutionem
1134 4276 1243 4348 vestri
1251 4277 1427 4374 propositi
1440 4276 1572 4373 stylum
1588 4275 1779 4363 convertit,
1790 4287 1825 4344 et
1842 4272 1918 4369 ejus
1935 4269 2041 4342 liber·

458 4401 567 4458 tatem
584 4390 718 4460 eaeteris
737 4389 927 4487 praeferens
944 4394 1013 4464 ait¹
1032 4421 1041 4465 ε
1063 4395 1186 4482 «Quis
1203 4396 1337 4468 dimisit
1357 4420 1533 4493 onagrum
1551 4393 1718 4483 liberum,
1741 4408 1777 4464 et
1795 4391 1940 4463 vincula
1968 4388 2041 4485 ejus

458 4508 537 4604 quis
552 4508 680 4579 solvit?
698 4509 764 4581 Cui
789 4508 873 4582 dedi
895 4511 933 4582 in
957 4513 1151 4587 solitudine
1170 4515 1339 4608 domum,
1358 4531 1394 4588 et
1414 4513 1645 4588 tabernacula
1667 4513 1743 4609 ejus
1758 4513 1796 4583 in
1816 4526 1912 4583 terra
1928 4496 2063 4582 salsu?

457 4626 574 4720 ginis?
590 4631 798 4701 Contemnit
814 4629 1082 4706 multitudinem
1097 4636 1266 4727 civitatis,
1286 4651 1323 4710 et
1337 4634 1532 4709 clamorem
1549 4635 1723 4708 exactoris
1738 4658 1813 4704 non
1831 4631 1947 4704 audit.
1967 4628 2047 4700 Cir·
2102 4628 2105 4635 ’

459 4748 646 4843 cumspicit
659 4763 801 4820 montes
816 4775 955 4850 pascuae
967 4779 1059 4845 suae,
1078 4769 1115 4827 et
1129 4757 1281 4829 virentia
1296 4781 1446 4856 quaeque
1457 4756 1644 4855 perquirit.
1659 4783 1677 4824 u
1696 4757 1880 4849 Magnum,
1897 4749 2044 4836 fratres,

459 4863 496 4934 in
518 4863 638 4936 multis
659 4865 851 4940 virtutibus
869 4869 937 4940 lob
960 4871 1089 4962 luisse,
1107 4888 1182 4945 tam
1206 4873 1317 4972 ipsius
1337 4875 1487 4948 historia
1502 4897 1612 4972 quam
1628 4871 1694 4943 Dei
1710 4870 1914 4945 testimonia
1932 4891 2051 4938 mon-

459 4997 668 5056 straverant.
688 4990 804 5073 Quem
820 5013 867 5060 ne
883 5005 1064 5064 tantarum
1084 4994 1294 5091 magnitudo
1305 4997 1479 5067 virtutum
1495 4995 1532 5067 in
1549 4993 1741 5066 elationem
1760 4989 1853 5062 sorte
1868 4985 2050 5072 traheret,

494 5207 502 5236 ¹
519 5208 617 5275 Legitur
628 5210 652 5261 in
665 5210 727 5264 (lod,
740 5211 895 5275 Effectum.
906 5241 937 5256 -
947 5215 958 5244 ¹
969 5217 1031 5279 lob,
1043 5233 1099 5285 etp.
1112 5234 1205 5283 xxxix,
1216 5234 1239 5271 r.
1252 5222 1276 5271 5.
