<?xml version="1.0" encoding="UTF-8"?>
<!DOCTYPE html PUBLIC "-//W3C//DTD XHTML 1.0 Transitional//EN"
    "http://www.w3.org/TR/xhtml1/DTD/xhtml1-transitional.dtd">
<html xmlns="http://www.w3.org/1999/xhtml" xml:lang="en" lang="en">
 <head>
  <title>
</title>
<meta http-equiv="Content-Type" content="text/html;charset=utf-8" />
  <meta name='ocr-system' content='tesseract 3.04.00' />
  <meta name='ocr-capabilities' content='ocr_page ocr_carea ocr_par ocr_line ocrx_word'/>
</head>
<body>
  <div class='ocr_page' id='page_1' title='image "./petriablardiope01despgoog_0165.png"; bbox 0 0 4522 6102; ppageno 0'>
   <div class='ocr_carea' id='block_1_1' title="bbox 464 580 1619 716">
    <p class='ocr_par' dir='ltr' id='par_1_1' title="bbox 464 580 1619 716">
     <span class='ocr_line' id='line_1_1' title="bbox 464 580 1619 716; baseline -0.004 -4"><span class='ocrx_word' id='word_1_1' title='bbox 464 645 534 716; x_wconf 75' lang='lat'>450</span> <span class='ocrx_word' id='word_1_2' title='bbox 897 639 1025 711; x_wconf 83' lang='lat' dir='ltr'>PETlll</span> <span class='ocrx_word' id='word_1_3' title='bbox 1052 637 1286 711; x_wconf 78' lang='lat' dir='ltr'>sttAELtttttt</span> <span class='ocrx_word' id='word_1_4' title='bbox 1312 580 1368 710; x_wconf 73' lang='lat' dir='ltr'>llT</span> <span class='ocrx_word' id='word_1_5' title='bbox 1392 637 1619 711; x_wconf 84' lang='lat' dir='ltr'>HELOlSSAE</span> 
     </span>
    </p>
   </div>
   <div class='ocr_carea' id='block_1_2' title="bbox 461 774 2044 1478">
    <p class='ocr_par' dir='ltr' id='par_1_2' title="bbox 461 774 2044 1478">
     <span class='ocr_line' id='line_1_2' title="bbox 462 774 2042 879; baseline -0.006 -25"><span class='ocrx_word' id='word_1_6' title='bbox 462 779 669 879; x_wconf 85' lang='lat' dir='ltr'>hujusmodi</span> <span class='ocrx_word' id='word_1_7' title='bbox 687 781 806 852; x_wconf 82' lang='lat' dir='ltr'>statuit</span> <span class='ocrx_word' id='word_1_8' title='bbox 823 779 1058 870; x_wconf 82' lang='lat' dir='ltr'>sententiam,</span> <span class='ocrx_word' id='word_1_9' title='bbox 1082 794 1121 852; x_wconf 91' lang='lat' dir='ltr'>ut</span> <span class='ocrx_word' id='word_1_10' title='bbox 1137 781 1196 851; x_wconf 81' lang='lat' dir='ltr'>vix</span> <span class='ocrx_word' id='word_1_11' title='bbox 1213 780 1269 851; x_wconf 87' lang='lat' dir='ltr'>vel</span> <span class='ocrx_word' id='word_1_12' title='bbox 1293 781 1502 878; x_wconf 86' lang='lat' dir='ltr'>poeuitentia</span> <span class='ocrx_word' id='word_1_13' title='bbox 1520 778 1645 875; x_wconf 90' lang='lat' dir='ltr'>dignas</span> <span class='ocrx_word' id='word_1_14' title='bbox 1658 774 1851 872; x_wconf 88' lang='lat' dir='ltr'>judicaret,</span> <span class='ocrx_word' id='word_1_15' title='bbox 1873 797 1953 871; x_wconf 87' lang='lat' dir='ltr'>quae</span> <span class='ocrx_word' id='word_1_16' title='bbox 1966 797 2042 876; x_wconf 81' lang='lat' dir='ltr'>san·</span> 
     </span>
     <span class='ocr_line' id='line_1_3' title="bbox 462 894 2043 998; baseline -0.006 -24"><span class='ocrx_word' id='word_1_17' title='bbox 462 903 655 976; x_wconf 89' lang='lat' dir='ltr'>ctificatum</span> <span class='ocrx_word' id='word_1_18' title='bbox 673 905 750 972; x_wconf 91' lang='lat' dir='ltr'>Deo</span> <span class='ocrx_word' id='word_1_19' title='bbox 768 924 899 998; x_wconf 90' lang='lat' dir='ltr'>corpus</span> <span class='ocrx_word' id='word_1_20' title='bbox 917 898 1108 971; x_wconf 84' lang='lat' dir='ltr'>libidinosa</span> <span class='ocrx_word' id='word_1_21' title='bbox 1119 899 1410 997; x_wconf 83' lang='lat' dir='ltr'>coinquinatione</span> <span class='ocrx_word' id='word_1_22' title='bbox 1429 899 1631 972; x_wconf 87' lang='lat' dir='ltr'>violassent.</span> <span class='ocrx_word' id='word_1_23' title='bbox 1661 925 1679 964; x_wconf 84' lang='lat' dir='ltr'>u</span> <span class='ocrx_word' id='word_1_24' title='bbox 1707 894 1816 984; x_wconf 93' lang='lat' dir='ltr'>Quod</span> <span class='ocrx_word' id='word_1_25' title='bbox 1835 895 1863 966; x_wconf 92' lang='lat' dir='ltr'>si</span> <span class='ocrx_word' id='word_1_26' title='bbox 1884 918 2043 994; x_wconf 89' lang='lat' dir='ltr'>perscru-</span> 
     </span>
     <span class='ocr_line' id='line_1_4' title="bbox 463 1003 2043 1118; baseline -0.007 -23"><span class='ocrx_word' id='word_1_27' title='bbox 463 1025 528 1095; x_wconf 89' lang='lat' dir='ltr'>tari</span> <span class='ocrx_word' id='word_1_28' title='bbox 553 1021 703 1094; x_wconf 88' lang='lat' dir='ltr'>velimus</span> <span class='ocrx_word' id='word_1_29' title='bbox 721 1029 892 1118; x_wconf 89' lang='lat' dir='ltr'>quantam</span> <span class='ocrx_word' id='word_1_30' title='bbox 910 1043 1053 1110; x_wconf 90' lang='lat' dir='ltr'>curam,</span> <span class='ocrx_word' id='word_1_31' title='bbox 1077 1034 1248 1117; x_wconf 86' lang='lat' dir='ltr'>quantam</span> <span class='ocrx_word' id='word_1_32' title='bbox 1266 1003 1483 1118; x_wconf 82' lang='lat' dir='ltr'>diligentiam</span> <span class='ocrx_word' id='word_1_33' title='bbox 1502 1034 1538 1092; x_wconf 89' lang='lat' dir='ltr'>et</span> <span class='ocrx_word' id='word_1_34' title='bbox 1553 1019 1763 1090; x_wconf 86' lang='lat' dir='ltr'>charitatem</span> <span class='ocrx_word' id='word_1_35' title='bbox 1784 1016 1895 1088; x_wconf 92' lang='lat' dir='ltr'>sancti</span> <span class='ocrx_word' id='word_1_36' title='bbox 1921 1013 2043 1086; x_wconf 91' lang='lat' dir='ltr'>docto·</span> 
     </span>
     <span class='ocr_line' id='line_1_5' title="bbox 461 1134 2043 1240; baseline -0.004 -27"><span class='ocrx_word' id='word_1_37' title='bbox 461 1165 517 1214; x_wconf 92' lang='lat' dir='ltr'>res</span> <span class='ocrx_word' id='word_1_38' title='bbox 535 1142 644 1240; x_wconf 90' lang='lat' dir='ltr'>ipsius</span> <span class='ocrx_word' id='word_1_39' title='bbox 658 1141 824 1229; x_wconf 87' lang='lat' dir='ltr'>Domini,</span> <span class='ocrx_word' id='word_1_40' title='bbox 841 1153 880 1211; x_wconf 88' lang='lat' dir='ltr'>et</span> <span class='ocrx_word' id='word_1_41' title='bbox 897 1138 1144 1238; x_wconf 89' lang='lat' dir='ltr'>apostolorum</span> <span class='ocrx_word' id='word_1_42' title='bbox 1162 1139 1331 1238; x_wconf 86' lang='lat' dir='ltr'>exemplis</span> <span class='ocrx_word' id='word_1_43' title='bbox 1343 1141 1499 1232; x_wconf 88' lang='lat' dir='ltr'>incitati,</span> <span class='ocrx_word' id='word_1_44' title='bbox 1516 1139 1654 1210; x_wconf 86' lang='lat' dir='ltr'>devotis</span> <span class='ocrx_word' id='word_1_45' title='bbox 1667 1161 1808 1236; x_wconf 83' lang='lat' dir='ltr'>semper</span> <span class='ocrx_word' id='word_1_46' title='bbox 1821 1134 2043 1208; x_wconf 83' lang='lat' dir='ltr'>exhibuerint</span> 
     </span>
     <span class='ocr_line' id='line_1_6' title="bbox 461 1255 2044 1359; baseline -0.004 -27"><span class='ocrx_word' id='word_1_47' title='bbox 461 1261 620 1352; x_wconf 89' lang='lat' dir='ltr'>feminis,</span> <span class='ocrx_word' id='word_1_48' title='bbox 642 1261 861 1359; x_wconf 75' lang='lat' dir='ltr'>reperiemus</span> <span class='ocrx_word' id='word_1_49' title='bbox 885 1283 948 1332; x_wconf 92' lang='lat' dir='ltr'>eos</span> <span class='ocrx_word' id='word_1_50' title='bbox 974 1284 1115 1331; x_wconf 91' lang='lat' dir='ltr'>summo</span> <span class='ocrx_word' id='word_1_51' title='bbox 1143 1259 1342 1331; x_wconf 83' lang='lat' dir='ltr'>dilectionis</span> <span class='ocrx_word' id='word_1_52' title='bbox 1364 1259 1440 1332; x_wconf 87' lang='lat' dir='ltr'>zelo</span> <span class='ocrx_word' id='word_1_53' title='bbox 1465 1259 1695 1331; x_wconf 88' lang='lat' dir='ltr'>devotionem</span> <span class='ocrx_word' id='word_1_54' title='bbox 1713 1279 1838 1330; x_wconf 88' lang='lat' dir='ltr'>earum</span> <span class='ocrx_word' id='word_1_55' title='bbox 1862 1255 2044 1354; x_wconf 86' lang='lat' dir='ltr'>amplexos</span> 
     </span>
     <span class='ocr_line' id='line_1_7' title="bbox 462 1373 2044 1478; baseline -0.003 -26"><span class='ocrx_word' id='word_1_56' title='bbox 462 1382 585 1472; x_wconf 91' lang='lat' dir='ltr'>fuisse,</span> <span class='ocrx_word' id='word_1_57' title='bbox 615 1396 651 1453; x_wconf 91' lang='lat' dir='ltr'>et</span> <span class='ocrx_word' id='word_1_58' title='bbox 678 1379 829 1472; x_wconf 88' lang='lat' dir='ltr'>fovisse,</span> <span class='ocrx_word' id='word_1_59' title='bbox 862 1395 898 1452; x_wconf 92' lang='lat' dir='ltr'>et</span> <span class='ocrx_word' id='word_1_60' title='bbox 921 1378 1107 1478; x_wconf 88' lang='lat' dir='ltr'>multiplici</span> <span class='ocrx_word' id='word_1_61' title='bbox 1134 1380 1304 1452; x_wconf 86' lang='lat' dir='ltr'>doetrinae</span> <span class='ocrx_word' id='word_1_62' title='bbox 1325 1379 1383 1452; x_wconf 83' lang='lat' dir='ltr'>vel</span> <span class='ocrx_word' id='word_1_63' title='bbox 1405 1379 1661 1452; x_wconf 81' lang='lat' dir='ltr'>exhortationis</span> <span class='ocrx_word' id='word_1_64' title='bbox 1681 1377 1800 1452; x_wconf 89' lang='lat' dir='ltr'>studio</span> <span class='ocrx_word' id='word_1_65' title='bbox 1821 1401 1944 1449; x_wconf 88' lang='lat' dir='ltr'>earum</span> <span class='ocrx_word' id='word_1_66' title='bbox 1964 1373 2044 1448; x_wconf 90' lang='lat' dir='ltr'>reli·</span> 
     </span>
    </p>
   </div>
   <div class='ocr_carea' id='block_1_3' title="bbox 462 1497 2062 4967">
    <p class='ocr_par' dir='ltr' id='par_1_3' title="bbox 462 1497 2062 4967">
     <span class='ocr_line' id='line_1_8' title="bbox 463 1497 2045 1600; baseline -0.004 -28"><span class='ocrx_word' id='word_1_67' title='bbox 463 1502 605 1600; x_wconf 87' lang='lat' dir='ltr'>gionem</span> <span class='ocrx_word' id='word_1_68' title='bbox 622 1501 751 1598; x_wconf 84' lang='lat' dir='ltr'>jugiter</span> <span class='ocrx_word' id='word_1_69' title='bbox 778 1500 983 1572; x_wconf 83' lang='lat' dir='ltr'>instruxisse</span> <span class='ocrx_word' id='word_1_70' title='bbox 1002 1515 1108 1597; x_wconf 87' lang='lat' dir='ltr'>atque</span> <span class='ocrx_word' id='word_1_71' title='bbox 1126 1500 1276 1572; x_wconf 83' lang='lat' dir='ltr'>auxisse.</span> <span class='ocrx_word' id='word_1_72' title='bbox 1308 1505 1420 1597; x_wconf 75' lang='lat' dir='ltr'>Atque</span> <span class='ocrx_word' id='word_1_73' title='bbox 1449 1515 1489 1572; x_wconf 88' lang='lat' dir='ltr'>ut</span> <span class='ocrx_word' id='word_1_74' title='bbox 1508 1515 1652 1572; x_wconf 73' lang='lat' dir='ltr'>caeteros</span> <span class='ocrx_word' id='word_1_75' title='bbox 1670 1499 1857 1588; x_wconf 85' lang='lat' dir='ltr'>omittam,</span> <span class='ocrx_word' id='word_1_76' title='bbox 1878 1497 2045 1595; x_wconf 78' lang='lat' dir='ltr'>praecipui</span> 
     </span>
     <span class='ocr_line' id='line_1_9' title="bbox 462 1617 2045 1718; baseline -0.002 -26"><span class='ocrx_word' id='word_1_77' title='bbox 462 1622 628 1694; x_wconf 89' lang='lat' dir='ltr'>doctores</span> <span class='ocrx_word' id='word_1_78' title='bbox 649 1621 811 1692; x_wconf 84' lang='lat' dir='ltr'>Ecclesiae</span> <span class='ocrx_word' id='word_1_79' title='bbox 828 1619 1075 1718; x_wconf 80' lang='lat' dir='ltr'>producantur</span> <span class='ocrx_word' id='word_1_80' title='bbox 1090 1618 1127 1690; x_wconf 91' lang='lat' dir='ltr'>in</span> <span class='ocrx_word' id='word_1_81' title='bbox 1140 1619 1300 1690; x_wconf 88' lang='lat' dir='ltr'>medium</span> <span class='ocrx_word' id='word_1_82' title='bbox 1318 1647 1326 1690; x_wconf 77' lang='grc' dir='ltr'><strong>ε</strong></span> <span class='ocrx_word' id='word_1_83' title='bbox 1344 1621 1516 1718; x_wconf 82' lang='lat' dir='ltr'>Origenes</span> <span class='ocrx_word' id='word_1_84' title='bbox 1530 1619 1681 1711; x_wconf 92' lang='lat' dir='ltr'>scilicet,</span> <span class='ocrx_word' id='word_1_85' title='bbox 1698 1617 1917 1705; x_wconf 76' lang='lat' dir='ltr'>Ambrosius,</span> <span class='ocrx_word' id='word_1_86' title='bbox 1940 1633 2045 1713; x_wconf 89' lang='lat' dir='ltr'>atque</span> 
     </span>
     <span class='ocr_line' id='line_1_10' title="bbox 464 1739 2044 1839; baseline -0.003 -25"><span class='ocrx_word' id='word_1_87' title='bbox 464 1743 713 1838; x_wconf 87' lang='lat' dir='ltr'>Hieronymus.</span> <span class='ocrx_word' id='word_1_88' title='bbox 743 1745 909 1829; x_wconf 93' lang='lat' dir='ltr'>Quorum</span> <span class='ocrx_word' id='word_1_89' title='bbox 938 1739 1086 1839; x_wconf 90' lang='lat' dir='ltr'>quidem</span> <span class='ocrx_word' id='word_1_90' title='bbox 1111 1741 1271 1838; x_wconf 92' lang='lat' dir='ltr'>primus,</span> <span class='ocrx_word' id='word_1_91' title='bbox 1305 1740 1364 1812; x_wconf 91' lang='lat' dir='ltr'>ille</span> <span class='ocrx_word' id='word_1_92' title='bbox 1394 1740 1559 1813; x_wconf 89' lang='lat' dir='ltr'>videlicet</span> <span class='ocrx_word' id='word_1_93' title='bbox 1578 1740 1753 1812; x_wconf 79' lang='lat' dir='ltr'>maximus</span> <span class='ocrx_word' id='word_1_94' title='bbox 1771 1739 2044 1810; x_wconf 90' lang='lat' dir='ltr'>christianorum</span> 
     </span>
     <span class='ocr_line' id='line_1_11' title="bbox 463 1857 2045 1962; baseline -0.002 -29"><span class='ocrx_word' id='word_1_95' title='bbox 463 1861 721 1962; x_wconf 93' lang='lat' dir='ltr'>philosophus,</span> <span class='ocrx_word' id='word_1_96' title='bbox 745 1859 954 1957; x_wconf 87' lang='lat' dir='ltr'>religionem</span> <span class='ocrx_word' id='word_1_97' title='bbox 974 1859 1186 1931; x_wconf 88' lang='lat' dir='ltr'>feminarum</span> <span class='ocrx_word' id='word_1_98' title='bbox 1206 1875 1305 1932; x_wconf 88' lang='lat' dir='ltr'>tauto</span> <span class='ocrx_word' id='word_1_99' title='bbox 1319 1859 1503 1958; x_wconf 80' lang='lat' dir='ltr'>amplexus</span> <span class='ocrx_word' id='word_1_100' title='bbox 1517 1875 1569 1933; x_wconf 90' lang='lat' dir='ltr'>est</span> <span class='ocrx_word' id='word_1_101' title='bbox 1582 1857 1681 1953; x_wconf 87' lang='lat' dir='ltr'>zelo,</span> <span class='ocrx_word' id='word_1_102' title='bbox 1702 1859 1817 1934; x_wconf 90' lang='lat' dir='ltr'>utsibi</span> <span class='ocrx_word' id='word_1_103' title='bbox 1830 1883 1957 1930; x_wconf 87' lang='lat' dir='ltr'>manus</span> <span class='ocrx_word' id='word_1_104' title='bbox 1971 1859 2045 1956; x_wconf 92' lang='lat' dir='ltr'>ipse</span> 
     </span>
     <span class='ocr_line' id='line_1_12' title="bbox 464 1979 2046 2079; baseline -0.001 -27"><span class='ocrx_word' id='word_1_105' title='bbox 464 1984 630 2072; x_wconf 88' lang='lat' dir='ltr'>inferret,</span> <span class='ocrx_word' id='word_1_106' title='bbox 652 1983 742 2054; x_wconf 89' lang='lat' dir='ltr'>sicut</span> <span class='ocrx_word' id='word_1_107' title='bbox 760 1980 1009 2052; x_wconf 80' lang='lat' dir='ltr'>Ecclesiastico</span> <span class='ocrx_word' id='word_1_108' title='bbox 1021 1980 1127 2052; x_wconf 89' lang='lat' dir='ltr'>refert</span> <span class='ocrx_word' id='word_1_109' title='bbox 1144 1983 1346 2070; x_wconf 65' lang='lat' dir='ltr'>Historiis&#39;,</span> <span class='ocrx_word' id='word_1_110' title='bbox 1363 2005 1409 2052; x_wconf 91' lang='lat' dir='ltr'>ne</span> <span class='ocrx_word' id='word_1_111' title='bbox 1428 1981 1499 2052; x_wconf 89' lang='lat' dir='ltr'>ulla</span> <span class='ocrx_word' id='word_1_112' title='bbox 1517 2005 1600 2053; x_wconf 89' lang='lat' dir='ltr'>eum</span> <span class='ocrx_word' id='word_1_113' title='bbox 1615 1982 1769 2079; x_wconf 93' lang='lat' dir='ltr'>suspicio</span> <span class='ocrx_word' id='word_1_114' title='bbox 1785 1980 1979 2051; x_wconf 88' lang='lat' dir='ltr'>adoctrina</span> <span class='ocrx_word' id='word_1_115' title='bbox 1991 1979 2046 2050; x_wconf 88' lang='lat' dir='ltr'>vel</span> 
     </span>
     <span class='ocr_line' id='line_1_13' title="bbox 464 2099 2047 2200; baseline -0.004 -23"><span class='ocrx_word' id='word_1_116' title='bbox 464 2104 708 2177; x_wconf 81' lang='lat' dir='ltr'>exhortatione</span> <span class='ocrx_word' id='word_1_117' title='bbox 727 2101 918 2174; x_wconf 90' lang='lat' dir='ltr'>mulierum</span> <span class='ocrx_word' id='word_1_118' title='bbox 941 2099 1145 2173; x_wconf 89' lang='lat' dir='ltr'>abduceret.</span> <span class='ocrx_word' id='word_1_119' title='bbox 1175 2101 1264 2189; x_wconf 91' lang='lat' dir='ltr'>Quis</span> <span class='ocrx_word' id='word_1_120' title='bbox 1285 2102 1392 2174; x_wconf 87' lang='lat' dir='ltr'>etiam</span> <span class='ocrx_word' id='word_1_121' title='bbox 1415 2103 1553 2199; x_wconf 81' lang='lat' dir='ltr'>ignoret</span> <span class='ocrx_word' id='word_1_122' title='bbox 1571 2115 1742 2200; x_wconf 89' lang='lat' dir='ltr'>quantam</span> <span class='ocrx_word' id='word_1_123' title='bbox 1765 2100 1928 2172; x_wconf 83' lang='lat' dir='ltr'>Ecclesiae</span> <span class='ocrx_word' id='word_1_124' title='bbox 1959 2099 2047 2171; x_wconf 87' lang='lat' dir='ltr'>divi·</span> 
     </span>
     <span class='ocr_line' id='line_1_14' title="bbox 464 2220 2048 2320; baseline -0.003 -24"><span class='ocrx_word' id='word_1_125' title='bbox 464 2249 594 2298; x_wconf 89' lang='lat' dir='ltr'>norum</span> <span class='ocrx_word' id='word_1_126' title='bbox 614 2247 766 2295; x_wconf 89' lang='lat' dir='ltr'>messem</span> <span class='ocrx_word' id='word_1_127' title='bbox 785 2221 961 2294; x_wconf 91' lang='lat' dir='ltr'>librorum</span> <span class='ocrx_word' id='word_1_128' title='bbox 988 2236 1114 2318; x_wconf 86' lang='lat' dir='ltr'>rogatu</span> <span class='ocrx_word' id='word_1_129' title='bbox 1133 2221 1249 2294; x_wconf 84' lang='lat' dir='ltr'>Paulae</span> <span class='ocrx_word' id='word_1_130' title='bbox 1267 2236 1303 2293; x_wconf 89' lang='lat' dir='ltr'>ct</span> <span class='ocrx_word' id='word_1_131' title='bbox 1320 2222 1503 2294; x_wconf 90' lang='lat' dir='ltr'>Eustochii</span> <span class='ocrx_word' id='word_1_132' title='bbox 1527 2222 1653 2294; x_wconf 89' lang='lat' dir='ltr'>beatus</span> <span class='ocrx_word' id='word_1_133' title='bbox 1679 2220 1860 2320; x_wconf 88' lang='lat' dir='ltr'>reliquerit</span> <span class='ocrx_word' id='word_1_134' title='bbox 1875 2222 2048 2317; x_wconf 87' lang='lat' dir='ltr'>Hierony·</span> 
     </span>
     <span class='ocr_line' id='line_1_15' title="bbox 465 2340 2049 2441; baseline -0.003 -25"><span class='ocrx_word' id='word_1_135' title='bbox 465 2344 571 2416; x_wconf 77' lang='lat' dir='ltr'>musi</span> <span class='ocrx_word' id='word_1_136' title='bbox 592 2343 729 2429; x_wconf 88' lang='lat' dir='ltr'>Quibus</span> <span class='ocrx_word' id='word_1_137' title='bbox 750 2343 842 2413; x_wconf 87' lang='lat' dir='ltr'>inter</span> <span class='ocrx_word' id='word_1_138' title='bbox 860 2356 985 2413; x_wconf 86' lang='lat' dir='ltr'>caetera</span> <span class='ocrx_word' id='word_1_139' title='bbox 1003 2363 1208 2414; x_wconf 89' lang='lat' dir='ltr'>sermonem</span> <span class='ocrx_word' id='word_1_140' title='bbox 1222 2343 1329 2414; x_wconf 91' lang='lat' dir='ltr'>etiam</span> <span class='ocrx_word' id='word_1_141' title='bbox 1343 2340 1388 2415; x_wconf 94' lang='lat' dir='ltr'>de</span> <span class='ocrx_word' id='word_1_142' title='bbox 1400 2344 1645 2441; x_wconf 89' lang='lat' dir='ltr'>assumptione</span> <span class='ocrx_word' id='word_1_143' title='bbox 1658 2341 1780 2414; x_wconf 87' lang='lat' dir='ltr'>matris</span> <span class='ocrx_word' id='word_1_144' title='bbox 1791 2341 1938 2412; x_wconf 89' lang='lat' dir='ltr'>Domini</span> <span class='ocrx_word' id='word_1_145' title='bbox 1948 2341 2049 2437; x_wconf 87' lang='lat' dir='ltr'>juxta</span> 
     </span>
     <span class='ocr_line' id='line_1_16' title="bbox 464 2459 2048 2564; baseline -0.004 -26"><span class='ocrx_word' id='word_1_146' title='bbox 464 2489 588 2540; x_wconf 84' lang='lat' dir='ltr'>earum</span> <span class='ocrx_word' id='word_1_147' title='bbox 605 2465 814 2564; x_wconf 90' lang='lat' dir='ltr'>petitionem</span> <span class='ocrx_word' id='word_1_148' title='bbox 831 2459 1010 2552; x_wconf 90' lang='lat' dir='ltr'>scribens,</span> <span class='ocrx_word' id='word_1_149' title='bbox 1027 2460 1064 2531; x_wconf 93' lang='lat' dir='ltr'>id</span> <span class='ocrx_word' id='word_1_150' title='bbox 1079 2462 1195 2560; x_wconf 90' lang='lat' dir='ltr'>ipsum</span> <span class='ocrx_word' id='word_1_151' title='bbox 1213 2462 1413 2562; x_wconf 79' lang='lat' dir='ltr'>profitetur,</span> <span class='ocrx_word' id='word_1_152' title='bbox 1434 2462 1578 2535; x_wconf 86' lang='lat' dir='ltr'>dicens¹</span> <span class='ocrx_word' id='word_1_153' title='bbox 1592 2489 1601 2534; x_wconf 73' lang='grc' dir='ltr'><strong>ι</strong></span> <span class='ocrx_word' id='word_1_154' title='bbox 1621 2461 1722 2535; x_wconf 87' lang='lat' dir='ltr'>«Sed</span> <span class='ocrx_word' id='word_1_155' title='bbox 1736 2463 1819 2560; x_wconf 92' lang='lat' dir='ltr'>quia</span> <span class='ocrx_word' id='word_1_156' title='bbox 1831 2485 1962 2558; x_wconf 86' lang='lat' dir='ltr'>negare</span> <span class='ocrx_word' id='word_1_157' title='bbox 1972 2485 2048 2532; x_wconf 93' lang='lat' dir='ltr'>non</span> 
     </span>
     <span class='ocr_line' id='line_1_17' title="bbox 464 2579 2051 2684; baseline -0.004 -26"><span class='ocrx_word' id='word_1_158' title='bbox 464 2610 559 2684; x_wconf 88' lang='lat' dir='ltr'>queo</span> <span class='ocrx_word' id='word_1_159' title='bbox 578 2582 753 2682; x_wconf 92' lang='lat' dir='ltr'>quidquid</span> <span class='ocrx_word' id='word_1_160' title='bbox 771 2581 971 2679; x_wconf 87' lang='lat' dir='ltr'>injungitis,</span> <span class='ocrx_word' id='word_1_161' title='bbox 992 2581 1101 2652; x_wconf 87' lang='lat' dir='ltr'>nimia</span> <span class='ocrx_word' id='word_1_162' title='bbox 1118 2597 1235 2654; x_wconf 89' lang='lat' dir='ltr'>vestra</span> <span class='ocrx_word' id='word_1_163' title='bbox 1250 2581 1438 2655; x_wconf 83' lang='lat' dir='ltr'>devinctus</span> <span class='ocrx_word' id='word_1_164' title='bbox 1452 2580 1661 2680; x_wconf 63' lang='lat' dir='ltr'>dilectione2,</span> <span class='ocrx_word' id='word_1_165' title='bbox 1683 2581 1843 2680; x_wconf 77' lang='lat' dir='ltr'>experiar</span> <span class='ocrx_word' id='word_1_166' title='bbox 1855 2579 1956 2679; x_wconf 93' lang='lat' dir='ltr'>quod</span> <span class='ocrx_word' id='word_1_167' title='bbox 1966 2581 2051 2652; x_wconf 91' lang='lat' dir='ltr'>hor-</span> 
     </span>
     <span class='ocr_line' id='line_1_18' title="bbox 464 2701 2051 2800; baseline -0.004 -21"><span class='ocrx_word' id='word_1_168' title='bbox 464 2707 601 2779; x_wconf 86' lang='lat' dir='ltr'>tamini.</span> <span class='ocrx_word' id='word_1_169' title='bbox 622 2735 641 2773; x_wconf 89' lang='lat'>»</span> <span class='ocrx_word' id='word_1_170' title='bbox 665 2707 802 2777; x_wconf 92' lang='lat' dir='ltr'>Scimus</span> <span class='ocrx_word' id='word_1_171' title='bbox 822 2717 943 2774; x_wconf 89' lang='lat' dir='ltr'>autem</span> <span class='ocrx_word' id='word_1_172' title='bbox 971 2701 1166 2774; x_wconf 92' lang='lat' dir='ltr'>nonnullos</span> <span class='ocrx_word' id='word_1_173' title='bbox 1193 2705 1432 2776; x_wconf 81' lang='lat' dir='ltr'>maximorum</span> <span class='ocrx_word' id='word_1_174' title='bbox 1458 2703 1651 2777; x_wconf 91' lang='lat' dir='ltr'>doctorum</span> <span class='ocrx_word' id='word_1_175' title='bbox 1677 2718 1751 2776; x_wconf 91' lang='lat' dir='ltr'>tam</span> <span class='ocrx_word' id='word_1_176' title='bbox 1777 2702 1914 2774; x_wconf 90' lang='lat' dir='ltr'>ordinis</span> <span class='ocrx_word' id='word_1_177' title='bbox 1940 2725 2051 2800; x_wconf 87' lang='lat' dir='ltr'>quam</span> 
     </span>
     <span class='ocr_line' id='line_1_19' title="bbox 464 2823 2049 2924; baseline -0.004 -24"><span class='ocrx_word' id='word_1_178' title='bbox 464 2829 543 2900; x_wconf 71' lang='lat' dir='ltr'>vite</span> <span class='ocrx_word' id='word_1_179' title='bbox 561 2826 732 2924; x_wconf 83' lang='lat' dir='ltr'>dignitate</span> <span class='ocrx_word' id='word_1_180' title='bbox 753 2823 980 2914; x_wconf 89' lang='lat' dir='ltr'>sublimium,</span> <span class='ocrx_word' id='word_1_181' title='bbox 1001 2847 1264 2921; x_wconf 90' lang='lat' dir='ltr'>nonnunquam</span> <span class='ocrx_word' id='word_1_182' title='bbox 1283 2824 1330 2896; x_wconf 91' lang='lat' dir='ltr'>ad</span> <span class='ocrx_word' id='word_1_183' title='bbox 1348 2849 1432 2896; x_wconf 91' lang='lat' dir='ltr'>eum</span> <span class='ocrx_word' id='word_1_184' title='bbox 1448 2825 1494 2897; x_wconf 89' lang='lat' dir='ltr'>de</span> <span class='ocrx_word' id='word_1_185' title='bbox 1510 2825 1708 2923; x_wconf 90' lang='lat' dir='ltr'>longinquo</span> <span class='ocrx_word' id='word_1_186' title='bbox 1726 2824 1921 2896; x_wconf 87' lang='lat' dir='ltr'>scribentes</span> <span class='ocrx_word' id='word_1_187' title='bbox 1936 2847 2049 2923; x_wconf 87' lang='lat' dir='ltr'>parva</span> 
     </span>
     <span class='ocr_line' id='line_1_20' title="bbox 465 2943 2051 3043; baseline -0.002 -24"><span class='ocrx_word' id='word_1_188' title='bbox 465 2949 510 3020; x_wconf 87' lang='lat' dir='ltr'>ab</span> <span class='ocrx_word' id='word_1_189' title='bbox 530 2973 574 3020; x_wconf 90' lang='lat' dir='ltr'>eo</span> <span class='ocrx_word' id='word_1_190' title='bbox 599 2945 784 3043; x_wconf 86' lang='lat' dir='ltr'>requisisse</span> <span class='ocrx_word' id='word_1_191' title='bbox 802 2945 953 3043; x_wconf 88' lang='lat' dir='ltr'>scripta,</span> <span class='ocrx_word' id='word_1_192' title='bbox 982 2969 1050 3016; x_wconf 90' lang='lat' dir='ltr'>nec</span> <span class='ocrx_word' id='word_1_193' title='bbox 1072 2943 1289 3042; x_wconf 88' lang='lat' dir='ltr'>impetrasse.</span> <span class='ocrx_word' id='word_1_194' title='bbox 1312 2943 1416 3017; x_wconf 91' lang='lat' dir='ltr'>Unde</span> <span class='ocrx_word' id='word_1_195' title='bbox 1434 2960 1470 3018; x_wconf 87' lang='lat' dir='ltr'>et</span> <span class='ocrx_word' id='word_1_196' title='bbox 1492 2943 1582 3017; x_wconf 94' lang='lat' dir='ltr'>illud</span> <span class='ocrx_word' id='word_1_197' title='bbox 1608 2959 1661 3018; x_wconf 92' lang='lat' dir='ltr'>est</span> <span class='ocrx_word' id='word_1_198' title='bbox 1685 2944 1781 3018; x_wconf 85' lang='lat' dir='ltr'>beati</span> <span class='ocrx_word' id='word_1_199' title='bbox 1805 2945 1990 3042; x_wconf 82' lang='lat' dir='ltr'>Augustini</span> <span class='ocrx_word' id='word_1_200' title='bbox 2014 2946 2051 3016; x_wconf 92' lang='lat' dir='ltr'>in</span> 
     </span>
     <span class='ocr_line' id='line_1_21' title="bbox 464 3065 2054 3166; baseline -0.003 -24"><span class='ocrx_word' id='word_1_201' title='bbox 464 3068 622 3142; x_wconf 89' lang='lat' dir='ltr'>secundo</span> <span class='ocrx_word' id='word_1_202' title='bbox 642 3069 943 3138; x_wconf 84' lang='lat' dir='ltr'>Retraetationum</span> <span class='ocrx_word' id='word_1_203' title='bbox 960 3065 1076 3136; x_wconf 82' lang='lat' dir='ltr'>libro’</span> <span class='ocrx_word' id='word_1_204' title='bbox 1095 3091 1104 3134; x_wconf 76' lang='grc' dir='ltr'><strong><em>ε</em></strong></span> <span class='ocrx_word' id='word_1_205' title='bbox 1128 3093 1146 3135; x_wconf 84' lang='lat' dir='ltr'>u</span> <span class='ocrx_word' id='word_1_206' title='bbox 1163 3066 1294 3165; x_wconf 89' lang='lat' dir='ltr'>Scripsi</span> <span class='ocrx_word' id='word_1_207' title='bbox 1311 3081 1346 3138; x_wconf 90' lang='lat' dir='ltr'>et</span> <span class='ocrx_word' id='word_1_208' title='bbox 1362 3066 1454 3140; x_wconf 95' lang='lat' dir='ltr'>duos</span> <span class='ocrx_word' id='word_1_209' title='bbox 1472 3066 1583 3138; x_wconf 87' lang='lat' dir='ltr'>libros</span> <span class='ocrx_word' id='word_1_210' title='bbox 1598 3066 1648 3138; x_wconf 83' lang='lat' dir='ltr'>ud</span> <span class='ocrx_word' id='word_1_211' title='bbox 1665 3065 1912 3166; x_wconf 82' lang='lat' dir='ltr'>presbyterum</span> <span class='ocrx_word' id='word_1_212' title='bbox 1931 3067 2054 3138; x_wconf 89' lang='lat' dir='ltr'>Hiero—</span> 
     </span>
     <span class='ocr_line' id='line_1_22' title="bbox 466 3185 2053 3288; baseline -0.003 -25"><span class='ocrx_word' id='word_1_213' title='bbox 466 3216 614 3288; x_wconf 85' lang='lat' dir='ltr'>nymum</span> <span class='ocrx_word' id='word_1_214' title='bbox 633 3188 816 3260; x_wconf 85' lang='lat' dir='ltr'>sedentem</span> <span class='ocrx_word' id='word_1_215' title='bbox 835 3187 872 3258; x_wconf 94' lang='lat' dir='ltr'>in</span> <span class='ocrx_word' id='word_1_216' title='bbox 886 3185 1113 3274; x_wconf 86' lang='lat' dir='ltr'>Bethlehem,</span> <span class='ocrx_word' id='word_1_217' title='bbox 1136 3210 1249 3258; x_wconf 91' lang='lat' dir='ltr'>unum</span> <span class='ocrx_word' id='word_1_218' title='bbox 1267 3185 1311 3258; x_wconf 83' lang='lat' dir='ltr'>de</span> <span class='ocrx_word' id='word_1_219' title='bbox 1329 3189 1475 3285; x_wconf 83' lang='lat' dir='ltr'>Origine</span> <span class='ocrx_word' id='word_1_220' title='bbox 1491 3189 1651 3272; x_wconf 68' lang='lat' dir='ltr'>Anime,</span> <span class='ocrx_word' id='word_1_221' title='bbox 1674 3185 1785 3258; x_wconf 85' lang='lat' dir='ltr'>alium</span> <span class='ocrx_word' id='word_1_222' title='bbox 1804 3185 1848 3257; x_wconf 86' lang='lat' dir='ltr'>de</span> <span class='ocrx_word' id='word_1_223' title='bbox 1866 3190 2053 3259; x_wconf 80' lang='lat' dir='ltr'>Sententia</span> 
     </span>
     <span class='ocr_line' id='line_1_23' title="bbox 465 3304 2053 3406; baseline -0.001 -26"><span class='ocrx_word' id='word_1_224' title='bbox 465 3309 618 3406; x_wconf 84' lang='lat' dir='ltr'>apostoli</span> <span class='ocrx_word' id='word_1_225' title='bbox 637 3305 774 3392; x_wconf 71' lang='lat' dir='ltr'>iacobi,</span> <span class='ocrx_word' id='word_1_226' title='bbox 797 3304 859 3376; x_wconf 93' lang='lat' dir='ltr'>ubi</span> <span class='ocrx_word' id='word_1_227' title='bbox 879 3306 928 3376; x_wconf 90' lang='lat' dir='ltr'>ait</span> <span class='ocrx_word' id='word_1_228' title='bbox 939 3307 973 3374; x_wconf 77' lang='lat'>⁸:</span> <span class='ocrx_word' id='word_1_229' title='bbox 997 3333 1015 3373; x_wconf 83' lang='lat' dir='ltr'>u</span> <span class='ocrx_word' id='word_1_230' title='bbox 1031 3304 1245 3403; x_wconf 89' lang='lat' dir='ltr'>Quicunque</span> <span class='ocrx_word' id='word_1_231' title='bbox 1262 3319 1373 3377; x_wconf 88' lang='lat' dir='ltr'>totam</span> <span class='ocrx_word' id='word_1_232' title='bbox 1389 3305 1505 3404; x_wconf 90' lang='lat' dir='ltr'>legem</span> <span class='ocrx_word' id='word_1_233' title='bbox 1522 3307 1731 3398; x_wconf 81' lang='lat' dir='ltr'>servaverit,</span> <span class='ocrx_word' id='word_1_234' title='bbox 1753 3305 1913 3379; x_wconf 82' lang='lat' dir='ltr'>offendat</span> <span class='ocrx_word' id='word_1_235' title='bbox 1930 3319 2053 3378; x_wconf 85' lang='lat' dir='ltr'>autem</span> 
     </span>
     <span class='ocr_line' id='line_1_24' title="bbox 470 3425 2054 3527; baseline 0.003 -31"><span class='ocrx_word' id='word_1_236' title='bbox 470 3458 487 3496; x_wconf 76' lang='grc' dir='ltr'>α</span> <span class='ocrx_word' id='word_1_237' title='bbox 508 3431 546 3500; x_wconf 92' lang='lat' dir='ltr'>in</span> <span class='ocrx_word' id='word_1_238' title='bbox 566 3453 657 3516; x_wconf 91' lang='lat' dir='ltr'>uno,</span> <span class='ocrx_word' id='word_1_239' title='bbox 679 3426 791 3498; x_wconf 90' lang='lat' dir='ltr'>factus</span> <span class='ocrx_word' id='word_1_240' title='bbox 807 3439 860 3498; x_wconf 88' lang='lat' dir='ltr'>est</span> <span class='ocrx_word' id='word_1_241' title='bbox 877 3425 1041 3496; x_wconf 84' lang='lat' dir='ltr'>omniurn</span> <span class='ocrx_word' id='word_1_242' title='bbox 1060 3451 1166 3498; x_wconf 89' lang='lat' dir='ltr'>rcus:</span> <span class='ocrx_word' id='word_1_243' title='bbox 1183 3426 1228 3498; x_wconf 90' lang='lat' dir='ltr'>de</span> <span class='ocrx_word' id='word_1_244' title='bbox 1246 3439 1399 3524; x_wconf 92' lang='lat' dir='ltr'>utroque</span> <span class='ocrx_word' id='word_1_245' title='bbox 1417 3427 1609 3500; x_wconf 86' lang='lat' dir='ltr'>consulens</span> <span class='ocrx_word' id='word_1_246' title='bbox 1627 3448 1723 3500; x_wconf 87' lang='lat' dir='ltr'>curn.</span> <span class='ocrx_word' id='word_1_247' title='bbox 1742 3455 1760 3495; x_wconf 84' lang='lat' dir='ltr'>u</span> <span class='ocrx_word' id='word_1_248' title='bbox 1774 3426 1846 3499; x_wconf 88' lang='lat' dir='ltr'>Sed</span> <span class='ocrx_word' id='word_1_249' title='bbox 1859 3427 1897 3498; x_wconf 90' lang='lat' dir='ltr'>in</span> <span class='ocrx_word' id='word_1_250' title='bbox 1909 3428 2054 3527; x_wconf 84' lang='lat' dir='ltr'>priore¹</span> 
     </span>
     <span class='ocr_line' id='line_1_25' title="bbox 466 3545 2055 3647; baseline 0.001 -27"><span class='ocrx_word' id='word_1_251' title='bbox 466 3550 720 3646; x_wconf 72' lang='lat' dir='ltr'>questionem,</span> <span class='ocrx_word' id='word_1_252' title='bbox 742 3569 850 3642; x_wconf 90' lang='lat' dir='ltr'>quam</span> <span class='ocrx_word' id='word_1_253' title='bbox 869 3547 1063 3644; x_wconf 92' lang='lat' dir='ltr'>proposui,</span> <span class='ocrx_word' id='word_1_254' title='bbox 1086 3547 1161 3644; x_wconf 91' lang='lat' dir='ltr'>ipsc</span> <span class='ocrx_word' id='word_1_255' title='bbox 1181 3570 1255 3618; x_wconf 91' lang='lat' dir='ltr'>nou</span> <span class='ocrx_word' id='word_1_256' title='bbox 1270 3545 1371 3618; x_wconf 88' lang='lat' dir='ltr'>solvi.</span> <span class='ocrx_word' id='word_1_257' title='bbox 1393 3551 1433 3619; x_wconf 91' lang='lat' dir='ltr'>ln</span> <span class='ocrx_word' id='word_1_258' title='bbox 1452 3548 1650 3647; x_wconf 90' lang='lat' dir='ltr'>posteriore</span> <span class='ocrx_word' id='word_1_259' title='bbox 1665 3562 1786 3621; x_wconf 85' lang='lat' dir='ltr'>autem</span> <span class='ocrx_word' id='word_1_260' title='bbox 1803 3547 1891 3646; x_wconf 93' lang='lat' dir='ltr'>quid</span> <span class='ocrx_word' id='word_1_261' title='bbox 1905 3547 1995 3620; x_wconf 87' lang='lat' dir='ltr'>mihi</span> <span class='ocrx_word' id='word_1_262' title='bbox 2006 3549 2055 3621; x_wconf 92' lang='lat' dir='ltr'>de</span> 
     </span>
     <span class='ocr_line' id='line_1_26' title="bbox 466 3665 2057 3767; baseline -0.001 -26"><span class='ocrx_word' id='word_1_263' title='bbox 466 3669 525 3742; x_wconf 93' lang='lat' dir='ltr'>illa</span> <span class='ocrx_word' id='word_1_264' title='bbox 543 3665 714 3740; x_wconf 89' lang='lat' dir='ltr'>solvenda</span> <span class='ocrx_word' id='word_1_265' title='bbox 730 3665 910 3737; x_wconf 83' lang='lat' dir='ltr'>videretur</span> <span class='ocrx_word' id='word_1_266' title='bbox 930 3688 1005 3736; x_wconf 87' lang='lat' dir='ltr'>non</span> <span class='ocrx_word' id='word_1_267' title='bbox 1024 3666 1129 3737; x_wconf 89' lang='lat' dir='ltr'>tacui.</span> <span class='ocrx_word' id='word_1_268' title='bbox 1153 3666 1224 3737; x_wconf 86' lang='lat' dir='ltr'>Sed</span> <span class='ocrx_word' id='word_1_269' title='bbox 1247 3681 1368 3738; x_wconf 92' lang='lat' dir='ltr'>utrum</span> <span class='ocrx_word' id='word_1_270' title='bbox 1385 3666 1457 3740; x_wconf 89' lang='lat' dir='ltr'>hoo</span> <span class='ocrx_word' id='word_1_271' title='bbox 1478 3667 1693 3767; x_wconf 86' lang='lat' dir='ltr'>approbaret</span> <span class='ocrx_word' id='word_1_272' title='bbox 1719 3669 1826 3740; x_wconf 89' lang='lat' dir='ltr'>etiam</span> <span class='ocrx_word' id='word_1_273' title='bbox 1853 3667 1912 3740; x_wconf 88' lang='lat' dir='ltr'>ille</span> <span class='ocrx_word' id='word_1_274' title='bbox 1923 3720 1933 3759; x_wconf 91' lang='lat'>,</span> <span class='ocrx_word' id='word_1_275' title='bbox 1965 3693 2057 3742; x_wconf 90' lang='lat' dir='ltr'>con·</span> 
     </span>
     <span class='ocr_line' id='line_1_27' title="bbox 466 3784 2054 3886; baseline 0 -24"><span class='ocrx_word' id='word_1_276' title='bbox 466 3789 570 3862; x_wconf 91' lang='lat' dir='ltr'>sului.</span> <span class='ocrx_word' id='word_1_277' title='bbox 594 3786 788 3886; x_wconf 85' lang='lat' dir='ltr'>Respondit</span> <span class='ocrx_word' id='word_1_278' title='bbox 799 3788 810 3825; x_wconf 83' lang='lat'>⁸</span> <span class='ocrx_word' id='word_1_279' title='bbox 822 3800 941 3857; x_wconf 87' lang='lat' dir='ltr'>autem</span> <span class='ocrx_word' id='word_1_280' title='bbox 959 3784 1110 3858; x_wconf 89' lang='lat' dir='ltr'>laudans</span> <span class='ocrx_word' id='word_1_281' title='bbox 1122 3785 1288 3859; x_wconf 88' lang='lat' dir='ltr'>eamdem</span> <span class='ocrx_word' id='word_1_282' title='bbox 1300 3789 1599 3862; x_wconf 89' lang='lat' dir='ltr'>consultationem</span> <span class='ocrx_word' id='word_1_283' title='bbox 1617 3813 1757 3880; x_wconf 88' lang='lat' dir='ltr'>meam,</span> <span class='ocrx_word' id='word_1_284' title='bbox 1777 3788 1844 3861; x_wconf 91' lang='lat' dir='ltr'>sibi</span> <span class='ocrx_word' id='word_1_285' title='bbox 1862 3805 1984 3862; x_wconf 90' lang='lat' dir='ltr'>tamen</span> <span class='ocrx_word' id='word_1_286' title='bbox 2003 3790 2054 3862; x_wconf 94' lang='lat' dir='ltr'>ad</span> 
     </span>
     <span class='ocr_line' id='line_1_28' title="bbox 466 3905 2054 4010; baseline 0.001 -30"><span class='ocrx_word' id='word_1_287' title='bbox 466 3906 758 4008; x_wconf 88' lang='lat' dir='ltr'>respondendum</span> <span class='ocrx_word' id='word_1_288' title='bbox 778 3905 891 3977; x_wconf 89' lang='lat' dir='ltr'>otium</span> <span class='ocrx_word' id='word_1_289' title='bbox 910 3929 985 3976; x_wconf 90' lang='lat' dir='ltr'>uon</span> <span class='ocrx_word' id='word_1_290' title='bbox 1003 3929 1081 3977; x_wconf 91' lang='lat' dir='ltr'>esse</span> <span class='ocrx_word' id='word_1_291' title='bbox 1097 3905 1295 4005; x_wconf 88' lang='lat' dir='ltr'>respondit.</span> <span class='ocrx_word' id='word_1_292' title='bbox 1318 3911 1393 4006; x_wconf 86' lang='lat' dir='ltr'>Ego</span> <span class='ocrx_word' id='word_1_293' title='bbox 1409 3933 1495 3981; x_wconf 90' lang='lat' dir='ltr'>vero</span> <span class='ocrx_word' id='word_1_294' title='bbox 1515 3933 1703 4007; x_wconf 90' lang='lat' dir='ltr'>quousque</span> <span class='ocrx_word' id='word_1_295' title='bbox 1720 3924 1810 3982; x_wconf 89' lang='lat' dir='ltr'>esset</span> <span class='ocrx_word' id='word_1_296' title='bbox 1824 3911 1863 3982; x_wconf 92' lang='lat' dir='ltr'>iu</span> <span class='ocrx_word' id='word_1_297' title='bbox 1881 3933 2054 4010; x_wconf 90' lang='lat' dir='ltr'>corpore,</span> 
     </span>
     <span class='ocr_line' id='line_1_29' title="bbox 465 4024 2060 4129; baseline 0.002 -28"><span class='ocrx_word' id='word_1_298' title='bbox 465 4029 533 4102; x_wconf 92' lang='lat' dir='ltr'>hos</span> <span class='ocrx_word' id='word_1_299' title='bbox 547 4028 656 4099; x_wconf 91' lang='lat' dir='ltr'>libros</span> <span class='ocrx_word' id='word_1_300' title='bbox 669 4026 774 4098; x_wconf 89' lang='lat' dir='ltr'>edere</span> <span class='ocrx_word' id='word_1_301' title='bbox 791 4024 913 4116; x_wconf 90' lang='lat' dir='ltr'>nolui,</span> <span class='ocrx_word' id='word_1_302' title='bbox 934 4048 981 4096; x_wconf 89' lang='lat' dir='ltr'>ne</span> <span class='ocrx_word' id='word_1_303' title='bbox 999 4026 1089 4097; x_wconf 88' lang='lat' dir='ltr'>forte</span> <span class='ocrx_word' id='word_1_304' title='bbox 1104 4025 1339 4125; x_wconf 87' lang='lat' dir='ltr'>responderet</span> <span class='ocrx_word' id='word_1_305' title='bbox 1352 4028 1567 4125; x_wconf 87' lang='lat' dir='ltr'>aliquando,</span> <span class='ocrx_word' id='word_1_306' title='bbox 1583 4045 1712 4102; x_wconf 89' lang='lat' dir='ltr'>etcum</span> <span class='ocrx_word' id='word_1_307' title='bbox 1729 4031 1806 4129; x_wconf 81' lang='lat' dir='ltr'>ipsa</span> <span class='ocrx_word' id='word_1_308' title='bbox 1819 4031 2060 4128; x_wconf 89' lang='lat' dir='ltr'>responsione</span> 
     </span>
     <span class='ocr_line' id='line_1_30' title="bbox 466 4141 2062 4246; baseline 0.001 -26"><span class='ocrx_word' id='word_1_309' title='bbox 466 4149 541 4244; x_wconf 87' lang='lat' dir='ltr'>ejus</span> <span class='ocrx_word' id='word_1_310' title='bbox 568 4145 686 4246; x_wconf 90' lang='lat' dir='ltr'>potius</span> <span class='ocrx_word' id='word_1_311' title='bbox 714 4144 917 4216; x_wconf 88' lang='lat' dir='ltr'>ederentur.</span> <span class='ocrx_word' id='word_1_312' title='bbox 941 4141 1007 4215; x_wconf 94' lang='lat' dir='ltr'>lllo</span> <span class='ocrx_word' id='word_1_313' title='bbox 1023 4158 1144 4215; x_wconf 88' lang='lat' dir='ltr'>autem</span> <span class='ocrx_word' id='word_1_314' title='bbox 1163 4144 1332 4218; x_wconf 89' lang='lat' dir='ltr'>defuncto</span> <span class='ocrx_word' id='word_1_315' title='bbox 1350 4145 1458 4218; x_wconf 91' lang='lat' dir='ltr'>edidi.</span> <span class='ocrx_word' id='word_1_316' title='bbox 1485 4175 1503 4216; x_wconf 83' lang='lat' dir='ltr'>u</span> <span class='ocrx_word' id='word_1_317' title='bbox 1533 4151 1625 4222; x_wconf 87' lang='lat' dir='ltr'>Ecce</span> <span class='ocrx_word' id='word_1_318' title='bbox 1649 4150 1767 4220; x_wconf 89' lang='lat' dir='ltr'>virum</span> <span class='ocrx_word' id='word_1_319' title='bbox 1794 4163 1932 4220; x_wconf 88' lang='lat' dir='ltr'>tantum</span> <span class='ocrx_word' id='word_1_320' title='bbox 1954 4164 2062 4222; x_wconf 88' lang='lat' dir='ltr'>tanto</span> 
     </span>
     <span class='ocr_line' id='line_1_31' title="bbox 465 4264 2056 4367; baseline 0.001 -26"><span class='ocrx_word' id='word_1_321' title='bbox 465 4285 628 4366; x_wconf 89' lang='lat' dir='ltr'>tempore</span> <span class='ocrx_word' id='word_1_322' title='bbox 655 4289 770 4363; x_wconf 73' lang='lat' dir='ltr'>pauor</span> <span class='ocrx_word' id='word_1_323' title='bbox 794 4278 830 4336; x_wconf 90' lang='lat' dir='ltr'>et</span> <span class='ocrx_word' id='word_1_324' title='bbox 855 4287 964 4363; x_wconf 79' lang='lat' dir='ltr'>parva</span> <span class='ocrx_word' id='word_1_325' title='bbox 982 4264 1152 4362; x_wconf 88' lang='lat' dir='ltr'>rescripta</span> <span class='ocrx_word' id='word_1_326' title='bbox 1174 4287 1195 4336; x_wconf 87' lang='lat' dir='ltr'>a</span> <span class='ocrx_word' id='word_1_327' title='bbox 1222 4265 1391 4363; x_wconf 78' lang='lat' dir='ltr'>praedicto</span> <span class='ocrx_word' id='word_1_328' title='bbox 1418 4268 1497 4338; x_wconf 82' lang='lat' dir='ltr'>viro</span> <span class='ocrx_word' id='word_1_329' title='bbox 1523 4283 1749 4367; x_wconf 85' lang='lat' dir='ltr'>expectasse,</span> <span class='ocrx_word' id='word_1_330' title='bbox 1773 4293 1840 4341; x_wconf 89' lang='lat' dir='ltr'>uec</span> <span class='ocrx_word' id='word_1_331' title='bbox 1859 4270 2056 4366; x_wconf 87' lang='lat' dir='ltr'>accepisse.</span> 
     </span>
     <span class='ocr_line' id='line_1_32' title="bbox 465 4383 2059 4484; baseline 0.003 -24"><span class='ocrx_word' id='word_1_332' title='bbox 465 4392 581 4476; x_wconf 92' lang='lat' dir='ltr'>Quem</span> <span class='ocrx_word' id='word_1_333' title='bbox 594 4385 739 4484; x_wconf 91' lang='lat' dir='ltr'>quidem</span> <span class='ocrx_word' id='word_1_334' title='bbox 754 4383 801 4456; x_wconf 87' lang='lat' dir='ltr'>ad</span> <span class='ocrx_word' id='word_1_335' title='bbox 813 4385 1025 4484; x_wconf 87' lang='lat' dir='ltr'>petitionem</span> <span class='ocrx_word' id='word_1_336' title='bbox 1038 4384 1287 4482; x_wconf 71' lang='lat' dir='ltr'>predictarum</span> <span class='ocrx_word' id='word_1_337' title='bbox 1298 4385 1513 4458; x_wconf 89' lang='lat' dir='ltr'>feminarum</span> <span class='ocrx_word' id='word_1_338' title='bbox 1526 4389 1564 4460; x_wconf 90' lang='lat' dir='ltr'>in</span> <span class='ocrx_word' id='word_1_339' title='bbox 1579 4403 1633 4461; x_wconf 90' lang='lat' dir='ltr'>tot</span> <span class='ocrx_word' id='word_1_340' title='bbox 1642 4404 1679 4461; x_wconf 89' lang='lat' dir='ltr'>et</span> <span class='ocrx_word' id='word_1_341' title='bbox 1691 4391 1797 4461; x_wconf 90' lang='lat' dir='ltr'>tantis</span> <span class='ocrx_word' id='word_1_342' title='bbox 1806 4389 2059 4464; x_wconf 81' lang='lat' dir='ltr'>voluminibus</span> 
     </span>
     <span class='ocr_line' id='line_1_33' title="bbox 464 4502 2057 4607; baseline 0.002 -27"><span class='ocrx_word' id='word_1_343' title='bbox 464 4509 521 4581; x_wconf 88' lang='lat' dir='ltr'>vel</span> <span class='ocrx_word' id='word_1_344' title='bbox 544 4504 795 4579; x_wconf 77' lang='lat' dir='ltr'>transferendis</span> <span class='ocrx_word' id='word_1_345' title='bbox 812 4502 874 4575; x_wconf 75' lang='lat' dir='ltr'>rel</span> <span class='ocrx_word' id='word_1_346' title='bbox 898 4503 1075 4576; x_wconf 84' lang='lat' dir='ltr'>dictandis</span> <span class='ocrx_word' id='word_1_347' title='bbox 1091 4504 1236 4576; x_wconf 83' lang='lat' dir='ltr'>sudasse</span> <span class='ocrx_word' id='word_1_348' title='bbox 1255 4507 1509 4603; x_wconf 86' lang='lat' dir='ltr'>cognorimus,</span> <span class='ocrx_word' id='word_1_349' title='bbox 1538 4508 1644 4606; x_wconf 91' lang='lat' dir='ltr'>longe</span> <span class='ocrx_word' id='word_1_350' title='bbox 1669 4511 1720 4581; x_wconf 91' lang='lat' dir='ltr'>eis</span> <span class='ocrx_word' id='word_1_351' title='bbox 1742 4509 1916 4606; x_wconf 81' lang='lat' dir='ltr'>majorem</span> <span class='ocrx_word' id='word_1_352' title='bbox 1938 4533 2057 4607; x_wconf 88' lang='lat' dir='ltr'>quarn</span> 
     </span>
     <span class='ocr_line' id='line_1_34' title="bbox 465 4624 2060 4729; baseline 0.001 -26"><span class='ocrx_word' id='word_1_353' title='bbox 465 4631 633 4729; x_wconf 88' lang='lat' dir='ltr'>episcopo</span> <span class='ocrx_word' id='word_1_354' title='bbox 649 4625 885 4714; x_wconf 85' lang='lat' dir='ltr'>reverentiam</span> <span class='ocrx_word' id='word_1_355' title='bbox 903 4625 940 4696; x_wconf 94' lang='lat' dir='ltr'>in</span> <span class='ocrx_word' id='word_1_356' title='bbox 955 4624 1027 4696; x_wconf 92' lang='lat' dir='ltr'>hoc</span> <span class='ocrx_word' id='word_1_357' title='bbox 1040 4624 1223 4697; x_wconf 82' lang='lat' dir='ltr'>exhibens.</span> <span class='ocrx_word' id='word_1_358' title='bbox 1241 4629 1402 4713; x_wconf 90' lang='lat' dir='ltr'>Quarum</span> <span class='ocrx_word' id='word_1_359' title='bbox 1422 4628 1577 4700; x_wconf 77' lang='lat' dir='ltr'>fortassis</span> <span class='ocrx_word' id='word_1_360' title='bbox 1595 4644 1694 4702; x_wconf 88' lang='lat' dir='ltr'>tanto</span> <span class='ocrx_word' id='word_1_361' title='bbox 1713 4629 1865 4728; x_wconf 89' lang='lat' dir='ltr'>amplius</span> <span class='ocrx_word' id='word_1_362' title='bbox 1880 4631 2060 4704; x_wconf 83' lang='lat' dir='ltr'>virtutem</span> 
     </span>
     <span class='ocr_line' id='line_1_35' title="bbox 466 4743 2062 4849; baseline 0.003 -27"><span class='ocrx_word' id='word_1_363' title='bbox 466 4749 690 4849; x_wconf 82' lang='lat' dir='ltr'>amplectitur</span> <span class='ocrx_word' id='word_1_364' title='bbox 711 4743 847 4832; x_wconf 93' lang='lat' dir='ltr'>studio,</span> <span class='ocrx_word' id='word_1_365' title='bbox 868 4767 935 4816; x_wconf 91' lang='lat' dir='ltr'>nec</span> <span class='ocrx_word' id='word_1_366' title='bbox 954 4745 1164 4819; x_wconf 87' lang='lat' dir='ltr'>contristare</span> <span class='ocrx_word' id='word_1_367' title='bbox 1185 4746 1351 4838; x_wconf 90' lang='lat' dir='ltr'>sustinet,</span> <span class='ocrx_word' id='word_1_368' title='bbox 1372 4762 1507 4845; x_wconf 89' lang='lat' dir='ltr'>quanto</span> <span class='ocrx_word' id='word_1_369' title='bbox 1520 4773 1644 4822; x_wconf 89' lang='lat' dir='ltr'>carum</span> <span class='ocrx_word' id='word_1_370' title='bbox 1657 4763 1821 4821; x_wconf 88' lang='lat' dir='ltr'>naturam</span> <span class='ocrx_word' id='word_1_371' title='bbox 1835 4751 2062 4848; x_wconf 84' lang='lat' dir='ltr'>fragiliorem</span> 
     </span>
     <span class='ocr_line' id='line_1_36' title="bbox 466 4862 2062 4967; baseline 0.003 -27"><span class='ocrx_word' id='word_1_372' title='bbox 466 4867 677 4942; x_wconf 86' lang='lat' dir='ltr'>considerat.</span> <span class='ocrx_word' id='word_1_373' title='bbox 701 4862 805 4936; x_wconf 89' lang='lat' dir='ltr'>Unde</span> <span class='ocrx_word' id='word_1_374' title='bbox 832 4879 867 4936; x_wconf 90' lang='lat' dir='ltr'>et</span> <span class='ocrx_word' id='word_1_375' title='bbox 890 4884 1154 4962; x_wconf 87' lang='lat' dir='ltr'>nonnunquam</span> <span class='ocrx_word' id='word_1_376' title='bbox 1171 4863 1267 4938; x_wconf 89' lang='lat' dir='ltr'>zelus</span> <span class='ocrx_word' id='word_1_377' title='bbox 1284 4864 1463 4940; x_wconf 83' lang='lat' dir='ltr'>charitatis</span> <span class='ocrx_word' id='word_1_378' title='bbox 1478 4867 1553 4965; x_wconf 88' lang='lat' dir='ltr'>ejus</span> <span class='ocrx_word' id='word_1_379' title='bbox 1574 4893 1656 4967; x_wconf 90' lang='lat' dir='ltr'>erga</span> <span class='ocrx_word' id='word_1_380' title='bbox 1674 4869 1882 4967; x_wconf 89' lang='lat' dir='ltr'>hujusmodi</span> <span class='ocrx_word' id='word_1_381' title='bbox 1900 4871 2062 4945; x_wconf 83' lang='lat' dir='ltr'>feminas</span> 
     </span>
    </p>
   </div>
   <div class='ocr_carea' id='block_1_4' title="bbox 465 5091 2065 5333">
    <p class='ocr_par' dir='ltr' id='par_1_4' title="bbox 465 5091 2065 5333">
     <span class='ocr_line' id='line_1_37' title="bbox 500 5091 2065 5166; baseline 0.004 -16"><span class='ocrx_word' id='word_1_382' title='bbox 500 5102 508 5128; x_wconf 81' lang='lat'>¹</span> <span class='ocrx_word' id='word_1_383' title='bbox 521 5099 623 5158; x_wconf 67' lang='lat' dir='ltr'>burch,</span> <span class='ocrx_word' id='word_1_384' title='bbox 635 5099 696 5148; x_wconf 74' lang='lat' dir='ltr'>tter.</span> <span class='ocrx_word' id='word_1_385' title='bbox 706 5097 813 5156; x_wconf 70' lang='lat' dir='ltr'>Ecaten,</span> <span class='ocrx_word' id='word_1_386' title='bbox 822 5091 926 5158; x_wconf 86' lang='lat' dir='ltr'>lib.&#39;fl,</span> <span class='ocrx_word' id='word_1_387' title='bbox 935 5109 991 5162; x_wconf 78' lang='lat' dir='ltr'>cap.</span> <span class='ocrx_word' id='word_1_388' title='bbox 1004 5093 1096 5146; x_wconf 77' lang='lat' dir='ltr'>ru.-··&#39;</span> <span class='ocrx_word' id='word_1_389' title='bbox 1108 5095 1168 5160; x_wconf 77' lang='lat' dir='ltr'>opp.</span> <span class='ocrx_word' id='word_1_390' title='bbox 1180 5107 1198 5148; x_wconf 84' lang='lat' dir='ltr'>t.</span> <span class='ocrx_word' id='word_1_391' title='bbox 1212 5095 1242 5158; x_wconf 83' lang='lat' dir='ltr'>ll,</span> <span class='ocrx_word' id='word_1_392' title='bbox 1275 5111 1331 5164; x_wconf 81' lang='lat' dir='ltr'>cap.</span> <span class='ocrx_word' id='word_1_393' title='bbox 1353 5113 1384 5161; x_wconf 91' lang='lat' dir='ltr'>u,</span> <span class='ocrx_word' id='word_1_394' title='bbox 1405 5114 1428 5147; x_wconf 87' lang='lat' dir='ltr'>r.</span> <span class='ocrx_word' id='word_1_395' title='bbox 1450 5101 1489 5150; x_wconf 89' lang='lat' dir='ltr'>to.</span> <span class='ocrx_word' id='word_1_396' title='bbox 1502 5125 1531 5137; x_wconf 89' lang='lat'>—-</span> <span class='ocrx_word' id='word_1_397' title='bbox 1546 5099 1557 5127; x_wconf 84' lang='lat'>⁸</span> <span class='ocrx_word' id='word_1_398' title='bbox 1569 5101 1620 5152; x_wconf 79' lang='lat' dir='ltr'>Sed</span> <span class='ocrx_word' id='word_1_399' title='bbox 1630 5103 1655 5152; x_wconf 82' lang='lat' dir='ltr'>in</span> <span class='ocrx_word' id='word_1_400' title='bbox 1667 5105 1710 5154; x_wconf 80' lang='lat' dir='ltr'>illc</span> <span class='ocrx_word' id='word_1_401' title='bbox 1721 5105 1802 5166; x_wconf 72' lang='lat' dir='ltr'>prlere</span> <span class='ocrx_word' id='word_1_402' title='bbox 1813 5100 1842 5152; x_wconf 83' lang='lat' dir='ltr'>ll.</span> <span class='ocrx_word' id='word_1_403' title='bbox 1853 5125 1887 5141; x_wconf 86' lang='lat'>·-</span> <span class='ocrx_word' id='word_1_404' title='bbox 1897 5100 1908 5130; x_wconf 85' lang='lat'>⁸</span> <span class='ocrx_word' id='word_1_405' title='bbox 1919 5101 2065 5166; x_wconf 62' lang='lat' dir='ltr'>humpen</span> 
     </span>
     <span class='ocr_line' id='line_1_38' title="bbox 465 5180 1410 5247; baseline -0.002 -10"><span class='ocrx_word' id='word_1_406' title='bbox 465 5187 505 5242; x_wconf 82' lang='lat' dir='ltr'>col</span> <span class='ocrx_word' id='word_1_407' title='bbox 530 5187 571 5235; x_wconf 78' lang='lat'>8².</span> <span class='ocrx_word' id='word_1_408' title='bbox 584 5182 653 5234; x_wconf 79' lang='lat' dir='ltr'>falso</span> <span class='ocrx_word' id='word_1_409' title='bbox 667 5181 798 5232; x_wconf 79' lang='lat' dir='ltr'>hictermo</span> <span class='ocrx_word' id='word_1_410' title='bbox 812 5180 960 5247; x_wconf 75' lang='lat' dir='ltr'>llierooymo</span> <span class='ocrx_word' id='word_1_411' title='bbox 979 5181 1098 5245; x_wconf 71' lang='lat' dir='ltr'>atcdptur</span> <span class='ocrx_word' id='word_1_412' title='bbox 1118 5180 1244 5230; x_wconf 79' lang='lat' dir='ltr'>litisseri·</span> <span class='ocrx_word' id='word_1_413' title='bbox 1273 5181 1325 5234; x_wconf 77' lang='lat' dir='ltr'>lfS.</span> <span class='ocrx_word' id='word_1_414' title='bbox 1339 5181 1410 5235; x_wconf 79' lang='lat' dir='ltr'>hmb.</span> 
     </span>
     <span class='ocr_line' id='line_1_39' title="bbox 466 5265 1242 5333; baseline -0.012 -7"><span class='ocrx_word' id='word_1_415' title='bbox 466 5276 546 5326; x_wconf 82' lang='lat' dir='ltr'>detur.</span> <span class='ocrx_word' id='word_1_416' title='bbox 559 5296 591 5310; x_wconf 91' lang='lat'>-·</span> <span class='ocrx_word' id='word_1_417' title='bbox 604 5267 615 5296; x_wconf 86' lang='lat'>⁸</span> <span class='ocrx_word' id='word_1_418' title='bbox 629 5267 690 5333; x_wconf 83' lang='lat' dir='ltr'>Cap.</span> <span class='ocrx_word' id='word_1_419' title='bbox 714 5281 770 5328; x_wconf 75' lang='lat' dir='ltr'>xer,</span> <span class='ocrx_word' id='word_1_420' title='bbox 794 5265 856 5329; x_wconf 72' lang='lat' dir='ltr'>opp.</span> <span class='ocrx_word' id='word_1_421' title='bbox 871 5275 889 5316; x_wconf 94' lang='lat' dir='ltr'>t.</span> <span class='ocrx_word' id='word_1_422' title='bbox 906 5265 933 5327; x_wconf 87' lang='lat'>1,</span> <span class='ocrx_word' id='word_1_423' title='bbox 948 5265 996 5316; x_wconf 86' lang='lat' dir='ltr'>col.</span> <span class='ocrx_word' id='word_1_424' title='bbox 1015 5267 1059 5317; x_wconf 71' lang='lat' dir='ltr'>et.</span> <span class='ocrx_word' id='word_1_425' title='bbox 1072 5291 1102 5304; x_wconf 89' lang='lat'><em>-</em></span> <span class='ocrx_word' id='word_1_426' title='bbox 1118 5265 1129 5294; x_wconf 78' lang='lat'><strong>⁴</strong></span> <span class='ocrx_word' id='word_1_427' title='bbox 1145 5265 1242 5327; x_wconf 76' lang='lat' dir='ltr'>Jacob..</span> 
     </span>
    </p>
   </div>
   <div class='ocr_carea' id='block_1_5' title="bbox 0 0 2270 6100">
    <p class='ocr_par' dir='ltr' id='par_1_5' title="bbox 0 0 2270 6100">
     <span class='ocr_line' id='line_1_40' title="bbox 0 0 2270 6100; baseline 0 0"><span class='ocrx_word' id='word_1_428' title='bbox 0 0 2270 6100; x_wconf 95' lang='lat' dir='ltr'> </span> 
     </span>
    </p>
   </div>
  </div>
 </body>
</html>
