4536 6102
648 619 858 692 aristote
885 619 943 691 at)
968 618 1108 692 DIVUM
1131 617 1417 693 BERNARDUM.
1755 621 1827 695 649

248 761 361 834 merit
373 785 439 834 vos
454 785 499 833 ea·
512 761 678 852 caritate,
691 783 763 860 qua
776 783 836 832 me
846 761 1025 860 precipue
1036 760 1312 860 amplectimini,
1328 760 1589 858 aliquantidum
1604 778 1829 838 commotum

247 908 337 975 esse,
352 883 453 982 quod
464 884 501 955 in
516 883 677 956 oratorio
694 883 754 954 illo
771 883 888 954 oratio
901 882 1084 956 dominica
1098 884 1236 956 nonita
1247 881 1298 955 ibi
1314 883 1354 954 in
1368 882 1468 954 boris
1486 881 1705 979 quotidianis
1711 940 1727 997 ι
1741 886 1831 958 sicut

248 1007 345 1095 alibi,
364 1007 506 1078 recitari
519 1004 610 1077 solet
627 1033 636 1076 ε
655 1019 690 1076 et
704 1027 816 1102 quum
831 1003 904 1074 hoc
919 1025 984 1102 per
999 1027 1057 1075 me
1074 1003 1207 1076 factum
1223 1003 1428 1094 crederetis,
1444 1025 1502 1075 me
1517 1027 1624 1102 super
1640 1004 1712 1076 hoc
1728 1009 1830 1102 quasi

248 1125 294 1198 de
309 1126 467 1198 novitate
483 1125 639 1223 quadam
655 1123 854 1196 notabilem
866 1123 995 1196 videri.
1012 1127 1094 1210 Quo
1114 1123 1257 1215 audito,
1285 1119 1441 1196 scribere
1464 1121 1568 1196 vobis
1593 1124 1736 1196 decrevi
1762 1151 1830 1198 no·

248 1261 358 1318 stram
374 1269 481 1343 super
502 1244 574 1316 hoc
594 1245 882 1342 qualemcunque
906 1244 1189 1333 excusationem,
1208 1245 1362 1316 marimo
1386 1267 1500 1341 quum
1517 1258 1672 1316 vestram
1696 1247 1830 1316 minus¹

249 1385 358 1462 quam
375 1379 518 1436 caeteras
540 1387 667 1460 omnes
683 1362 864 1453 dolerem,
883 1375 923 1435 ut
943 1357 1064 1454 decet,
1083 1361 1333 1435 offensionem.

297 1489 462 1573 Constat,
481 1499 522 1556 ut
536 1485 666 1572 nostis,
684 1483 779 1556 hanc
795 1483 1016 1556 dominicam
1035 1483 1238 1556 orationem
1261 1483 1317 1554 vel
1340 1505 1360 1555 a
1382 1481 1467 1555 solis
1488 1482 1655 1554 Matthaeo
1680 1497 1717 1555 et
1738 1489 1832 1558 Luca

250 1629 318 1676 nos
331 1603 465 1676 habere
480 1605 759 1703 conscriptam’,
777 1627 933 1702 quorum
954 1603 1046 1675 alter
1068 1617 1144 1675 tam
1167 1602 1351 1702 apostolus
1373 1627 1483 1701 quam
1506 1603 1721 1700 evangelista
1747 1601 1831 1674 huic

249 1724 422 1815 orationi,
444 1748 557 1822 quum
583 1723 795 1814 traderetur,
821 1722 980 1796 interibit
1000 1722 1126 1796 :unde
1148 1737 1185 1794 et
1206 1745 1286 1796 eam
1302 1721 1443 1822 plenius
1459 1747 1500 1795 ac
1515 1723 1724 1822 perfectius,
1743 1723 1833 1795 sieut

250 1857 285 1914 et
300 1857 417 1914 toturn
433 1867 638 1916 sermonem
654 1845 691 1914 in
708 1857 833 1914 monte
847 1841 1031 1931 habitum,
1049 1842 1108 1914 cui
1122 1857 1177 1914 est
1198 1843 1276 1942 ipsa
1295 1842 1447 1932 inserta,
1474 1843 1654 1942 scripsisse
1680 1841 1832 1942 dubium

251 1987 326 2034 nou
343 1977 408 2034 est.
427 1967 539 2035 Lucas
556 1985 656 2053 vero,
674 1962 868 2061 discipulus
884 1962 1000 2052 Pauli,
1017 1964 1080 2060 qui
1095 1985 1165 2034 nec
1177 1960 1263 2036 huie
1279 1963 1437 2038 sermoni
1454 1961 1630 2051 interfuit,
1649 1985 1735 2050 nee,
1754 1985 1833 2059 quae

249 2107 293 2156 ex
316 2107 380 2156 ore
399 2083 583 2156 dominico
602 2083 774 2173 audierit,
793 2084 954 2182 scripsit,
972 2081 1036 2155 sed
1051 2106 1151 2182 quae,
1170 2083 1282 2156 Paulo
1295 2083 1449 2156 maxime
1465 2083 1664 2172 referente,
1684 2079 1832 2171 didicit,

251 2217 359 2301 que'rn
375 2227 443 2276 nec
458 2204 509 2276 illi
524 2206 682 2276 sermoni
703 2218 844 2277 constat
862 2203 1080 2296 interfuisse,
1099 2203 1222 2277 scribit
1242 2205 1351 2276 etiam
1372 2227 1449 2276 non
1469 2204 1569 2276 illum
1582 2204 1834 2302 perfectiorem

251 2323 475 2397 dominicum
497 2349 720 2416 sermonem,
738 2347 847 2424 quem
863 2326 901 2398 in
919 2339 1046 2397 monte
1062 2324 1190 2397 habuit
1207 2349 1290 2396 curn
1306 2324 1498 2423 apostolis,
1516 2325 1580 2397 sed
1596 2332 1705 2422 quern
1721 2325 1835 2397 turbis

251 2447 292 2516 iu
307 2445 565 2545 campestribus
581 2445 677 2546 fecit.
697 2445 882 2518 Electums
897 2446 1031 2544 quippe
1047 2444 1231 2543 apostolos
1246 2445 1442 2535 Dominus,
1461 2445 1552 2517 sicut
1572 2445 1832 2544 scriptumest,

254 2594 272 2634 a
287 2567 323 2639 in
346 2582 517 2640 montana
534 2567 663 2657 subiit3
680 2595 698 2634 a
718 2567 841 2641 turbas
855 2589 944 2639 vero
961 2567 1151 2656 docturus,
1169 2565 1216 2638 ad
1227 2567 1440 2664 campestria
1454 2565 1573 2637 rediit.
1590 2549 1677 2638 1150
1689 2565 1836 2664 quidem

253 2687 484 2779 conscendit,
502 2685 563 2758 hic
578 2682 784 2776 descendit,
803 2687 839 2757 in
857 2710 932 2783 quo
947 2709 1058 2783 quam
1073 2685 1179 2757 altior
1200 2683 1261 2757 illa
1276 2698 1368 2757 esset
1380 2682 1563 2774 doctrina,
1582 2679 1654 2781 qua
1669 2683 1836 2756 doctores

252 2806 350 2904 ipsos
371 2805 538 2891 docebat,
556 2819 722 2904 patenter
741 2804 958 2877 ostenderet.
974 2807 1082 2877 Beato
1099 2803 1256 2902 denique
1270 2803 1492 2901 Hieronymo
1512 2815 1713 2892 attestante,
1733 2805 1836 2875 novi-

252 2947 350 3017 mus,
369 2929 460 2998 sicut
475 2941 511 2998 et
528 2925 860 2999 manifestaveritis
876 2923 999 3015 babet,
1016 2926 1189 3024 quoniam
1204 2923 1307 2998 aliter
1324 2923 1465 3013 audita,
1483 2921 1584 2997 aliter
1599 2925 1674 2997 visa
1690 2949 1838 2998 narran-

252 3062 311 3118 tur
328 3073 338 3118 ε
356 3061 392 3118 et
407 3043 508 3143 quod
523 3043 650 3116 melius
665 3043 910 3142 intelligimus,
924 3043 1051 3116 melius
1063 3057 1099 3117 et
1114 3043 1342 3144 proferimus.
1360 3047 1416 3115 De
1430 3043 1509 3141 ipso
1525 3043 1624 3115 fonte
1637 3043 1835 3132 Matthaeus,

254 3165 300 3238 de
315 3165 433 3238 rivulo
457 3165 565 3238 fontis
589 3169 702 3236 Lucas
727 3177 781 3238 est
805 3178 962 3264 potat-us.
982 3169 1062 3236 Non
1088 3165 1269 3262 arguimus
1293 3167 1427 3236 Lucam
1447 3163 1642 3255 mendacii,
1668 3188 1735 3237 nec
1762 3167 1837 3266 ipse
1874 3243 1876 3248 ,

254 3285 361 3356 nobis
377 3286 553 3375 irascitur,
570 3285 600 3358 si
613 3283 646 3356 ei
659 3282 857 3356 Mattheum
872 3283 1118 3382 praeferamus,
1137 3298 1173 3356 et
1187 3281 1388 3356 orationem
1404 3283 1642 3375 dominicam,
1660 3310 1741 3383 quae
1755 3307 1839 3384 apo·

253 3401 354 3474 stolis
369 3401 538 3474 omnibus
561 3399 774 3500 generaliter
788 3401 938 3492 tradita,
957 3415 993 3475 et
1009 3401 1055 3475 ab
1076 3401 1242 3501 apostolo
1267 3417 1321 3475 est
1340 3403 1488 3502 scripta,
1519 3403 1551 3474 ci
1579 3403 1835 3492 anteferamus,

254 3545 332 3622 quae
347 3523 494 3621 quidem
514 3520 692 3623 discipulo
708 3536 762 3595 est
779 3521 892 3612 dicta,
910 3523 1106 3622 praesertim
1122 3545 1236 3620 quum
1258 3520 1355 3594 illam
1376 3519 1532 3594 Matthaei
1549 3522 1640 3594 sicut
1655 3523 1691 3592 in
1714 3536 1838 3594 aucto·

254 3632 357 3716 ritate
373 3659 408 3717 et
424 3645 461 3715 in
478 3641 700 3742 perfectione
716 3655 858 3715 constat
873 3641 1043 3716 eminere.
1063 3647 1111 3714 Ut
1126 3656 1247 3715 autern
1262 3639 1309 3715 de
1324 3657 1476 3740 utraque
1490 3643 1592 3740 quasi
1612 3656 1695 3715 ante
1715 3641 1839 3713 oculos

253 3763 370 3861 posita
392 3762 518 3835 melius
534 3761 756 3859 judicemus,
781 3764 883 3858 juvat
907 3777 1099 3858 utramque
1127 3763 1293 3860 praesenti
1321 3762 1403 3835 loco
1431 3763 1599 3837 inserere.
1628 3763 1726 3835 Sicut
1754 3788 1839 3861 ergo

254 3881 440 3954 Matthaeus
456 3879 592 3972 scribit,
610 3905 723 3979 quum
736 3881 943 3979 praedictam
959 3881 1160 3953 orationem
1177 3879 1348 3979 apostolis
1365 3881 1539 3972 traderet,
1558 3885 1630 3956 ait:
1650 3912 1668 3952 a
1681 3885 1738 3956 Sic
1754 3909 1839 3982 ergo

255 3999 428 4073 orabitis:
450 4029 468 4068 a
488 4003 591 4072 Pater
607 4013 744 4090 noster,
762 3999 824 4097 qui
850 4024 888 4072 es
907 4000 944 4071 in
961 3997 1076 4089 coelis,
1103 3999 1345 4073 sanctificetur
1367 4023 1502 4073 nomen
1523 4013 1638 4074 tuum.
1666 4002 1840 4074 Adveniet

257 4148 276 4186 r
297 4143 448 4220 regnum
465 4135 582 4190 tuum.
600 4120 677 4192 Fiat
692 4117 858 4192 voluntas
874 4131 935 4192 tua
949 4113 1040 4191 sicut
1055 4118 1093 4190 in
1110 4117 1204 4190 coelo
1220 4128 1255 4191 et
1270 4121 1307 4191 in
1324 4134 1432 4192 terra.
1451 4123 1583 4191 Panem
1599 4135 1765 4192 nostrum
1780 4144 1840 4192 su·

258 4267 276 4305 a
295 4236 632 4336 persubstantialem
650 4236 818 4310 danobis
834 4237 957 4310 hodie.
977 4243 1021 4310 Et
1037 4237 1179 4310 dimitte
1197 4237 1304 4311 nobis
1321 4237 1442 4312 debita
1457 4253 1598 4328 nostra,
1616 4239 1707 4311 sicut
1722 4252 1758 4311 et
1773 4262 1840 4310 nos

258 4386 277 4424 a
297 4356 509 4430 dimittimus
527 4355 753 4432 debitoribus
773 4358 920 4432 nostris.
939 4361 984 4430 Et
1000 4381 1048 4431 ne
1064 4381 1132 4430 nos
1147 4357 1297 4431 inducas
1313 4359 1350 4431 in
1367 4359 1603 4431 tentationem
1623 4385 1631 4430 t
1650 4359 1714 4431 sed
1729 4357 1841 4430 libera

259 4507 277 4544 κ
296 4503 365 4551 nos
381 4478 529 4552 amalo.
547 4507 566 4544 u
585 4483 697 4551 Lucas
721 4503 810 4551 vero
827 4479 878 4552 sic
895 4479 944 4552 ait
963 4507 973 4552 z
995 4508 1014 4548 rr
1033 4485 1181 4552 Factum
1199 4495 1253 4553 est
1275 4503 1389 4578 quum
1405 4495 1497 4553 esset
1521 4481 1557 4552 in
1584 4480 1665 4552 loco
1682 4475 1842 4577 quodam

258 4621 380 4688 orans,
396 4614 436 4671 ut
446 4599 609 4688 cessavit,
623 4597 712 4670 dixit
724 4622 818 4672 unus
827 4623 869 4672 ex
877 4598 1058 4699 discipulis
1070 4601 1144 4697 ejus
1158 4600 1206 4674 ad
1215 4623 1298 4673 eum
1312 4628 1321 4672 ε
1337 4600 1527 4689 «Domine,
1543 4598 1711 4672 docenos
1723 4621 1840 4686 orare,

261 4744 280 4784 ιι
298 4717 390 4789 sicut
402 4731 437 4788 et
448 4721 604 4790 loannes
614 4716 739 4790 docuit
752 4717 946 4816 discipulos
959 4744 1055 4792 suos.
1067 4747 1085 4787 n
1096 4723 1141 4792 Et
1152 4720 1200 4792 ait
1211 4718 1299 4792 illis:
1314 4749 1333 4789 <r
1346 4724 1468 4807 Quum
1476 4719 1600 4809 oratis,
1611 4717 1718 4790 dicite
1733 4745 1741 4789 ε
1756 4721 1843 4789 «Pa-

262 4865 281 4900 re
291 4850 368 4925 ter,
387 4835 772 4910 sarrctificeturnomen
789 4853 905 4911 tuum.
925 4839 1098 4912 Adveniet
1110 4862 1261 4937 regnum
1276 4855 1391 4915 tuum.
1406 4841 1539 4912 Panem
1548 4851 1712 4911 nostrum
1723 4839 1843 4936 quoti·

261 4983 281 5022 rc
301 4953 450 5028 dianum
468 4955 515 5028 da
532 4957 638 5029 nobis
654 4957 817 5055 quotidie
827 4961 849 5030 ⁸.
869 4963 913 5030 Et
929 4959 1068 5032 dimitte
1085 4959 1190 5032 nobis
1206 4976 1354 5059 peccata
1368 4973 1513 5049 nostra,
1530 4957 1708 5057 siquidem
1725 4972 1761 5030 et
1776 4958 1843 5060 ipsi

296 5226 304 5254 ¹
323 5227 463 5294 legendum
474 5246 529 5282 esee
538 5231 635 5282 ridetur
645 5236 732 5298 macic.
743 5259 772 5270 -
785 5231 795 5259 '
807 5229 902 5295 narrt,
912 5247 968 5297 cap.
981 5247 1004 5282 u
1014 5269 1021 5294 ,
1033 5248 1057 5282 r.
1070 5233 1084 5280 9
1096 5241 1120 5283 et
1129 5245 1181 5298 req.
1193 5257 1212 5270 -
1221 5231 1293 5295 lun,
1302 5245 1357 5298 cap.
1368 5247 1408 5295 ιι,
1419 5245 1443 5282 r.
1453 5231 1468 5278 2
1479 5240 1504 5282 et
1514 5241 1601 5297 req.·-
1611 5227 1737 5296 'legend
1747 5231 1827 5282 tone.

1339 5546 1363 5579 ,0
