4536 6102
1053 574 1180 646 PETlll
1208 571 1441 646 ABAEbhllDl

1094 911 1407 1002 PRAEEATIO.

502 1138 581 1209 Tria
597 1153 681 1209 sunt
696 1137 733 1208 in
750 1138 862 1210 veteri
872 1151 1085 1209 testamento
1099 1136 1178 1210 loca
1192 1159 1270 1235 quae
1283 1135 1329 1209 ad
1343 1135 1613 1234 intelligendum
1624 1132 1827 1207 difficiliora
1839 1158 1915 1205 esse
1929 1137 2047 1207 Sacrae

456 1260 643 1356 Scripturae
658 1258 762 1356 periti
785 1272 1014 1331 censuerunt.
1032 1259 1250 1356 Principium
1267 1256 1400 1329 scilicet
1415 1260 1616 1342 Geneseos,
1634 1255 1834 1326 secundum
1856 1256 1971 1354 ipsam
1988 1255 2045 1327 di·

456 1381 546 1449 vinae
574 1377 792 1475 operationis
819 1376 1023 1466 historiam,
1047 1391 1082 1447 et
1106 1377 1294 1449 Canticum
1317 1375 1562 1465 canticorum,
1583 1389 1619 1446 et
1634 1374 1864 1472 prophetiam
1880 1375 2046 1447 Ezechiel

457 1499 494 1568 in
519 1499 634 1595 prima
658 1498 835 1594 praecipue
856 1497 994 1569 visione
1018 1496 1064 1568 de
1080 1495 1293 1568 animalibus
1314 1511 1350 1568 et
1375 1497 1480 1585 rotis,
1499 1496 1589 1566 etin
1605 1509 1761 1566 extrema
1778 1492 1823 1565 de
1839 1493 1989 1566 edificio
2006 1497 2043 1566 in

458 1632 582 1688 monte
598 1617 806 1688 constituto.
827 1615 930 1687 Unde
946 1614 1044 1714 apud
1058 1615 1226 1687 Hebraeos
1241 1615 1443 1686 institutum
1459 1639 1536 1686 esse
1556 1615 1656 1686 aiunt
1680 1612 1933 1711 praedictorum
1958 1614 2044 1684 scri·

458 1749 604 1832 ptorum
627 1735 886 1830 expositionem
903 1758 975 1831 prae
991 1735 1102 1806 nimia
1118 1731 1327 1805 difficultate
1342 1735 1397 1805 sui
1413 1733 1558 1804 nonnisi
1573 1732 1723 1804 maturis
1737 1731 1901 1804 sensibus
1925 1733 2043 1803 senio-

459 1879 541 1925 rum
565 1853 861 1925 committendam
885 1879 979 1943 esse;
997 1855 1088 1925 sicut
1108 1868 1144 1924 et
1160 1853 1332 1950 Origenes
1353 1853 1517 1927 meminit
1533 1853 1650 1950 prima
1665 1853 1702 1923 in
1719 1853 1868 1923 Cantico
1884 1853 2043 1924 cantico·

458 1995 541 2042 rum
556 1971 732 2062 homelia,
751 1973 874 2044 dicens
898 2000 906 2042 :
929 2003 946 2040 a
962 1974 1070 2046 Aiunt
1092 1988 1127 2044 et
1151 1972 1333 2045 observari
1361 1971 1458 2070 apud
1480 1971 1648 2043 Hebraeos
1672 1969 1773 2069 quod
1799 1971 1867 2043 nisi
1891 1972 1971 2068 quis
1998 1972 2044 2045 ad

460 2104 599 2162 aetatem
615 2090 810 2188 perlectam
826 2104 1076 2187 maturamque
1091 2090 1311 2188 pervenerit,
1329 2089 1461 2162 librum
1475 2088 1574 2160 hunc
1590 2089 1628 2160 in
1650 2087 1816 2160 manibus
1831 2103 1954 2160 tenere
1970 2114 2043 2162 non

459 2211 677 2307 permittitur
693 2210 779 2282 :sed
797 2209 884 2281 illud
902 2210 949 2281 ab
967 2211 1017 2281 eis
1035 2210 1238 2306 accepimus
1254 2207 1444 2297 custodiri,
1463 2207 1560 2306 apud
1580 2229 1644 2279 eos
1667 2231 1792 2278 omnes
1817 2209 2044 2305 scriptumst

461 2328 669 2426 doctoribus
686 2327 779 2398 tradi
795 2329 928 2424 pueris,
947 2327 994 2399 ad
1010 2327 1175 2398 ultimum
1193 2342 1347 2425 quatuor
1362 2325 1474 2400 libros
1490 2327 1679 2417 reservari,
1696 2325 1731 2397 id
1745 2339 1815 2415 est,
1829 2327 2044 2425 principium

461 2447 608 2519 Genesis
618 2471 691 2543 quo
703 2445 830 2518 mundi
841 2461 1003 2518 ereatura
1019 2444 1246 2536 describitur,
1262 2461 1299 2517 et
1311 2445 1473 2518 Ezechiel
1487 2445 1671 2545 prophetae
1679 2444 1857 2543 principia
1869 2445 1906 2515 in
1917 2443 2044 2542 quibus

462 2569 508 2644 de
521 2569 708 2642 cherubim
725 2565 889 2656 retertur,
905 2563 1016 2638 linem
1026 2590 1172 2663 quoque
1187 2566 1226 2638 in
1243 2590 1317 2662 quo
1334 2565 1458 2663 templi
1469 2564 1657 2638 aedificatio
1667 2565 1888 2655 continetur,
1902 2579 1936 2636 et
1946 2563 2043 2636 hunc

460 2691 599 2764 Cantici
623 2677 847 2761 canticorum
869 2684 1051 2757 librum.»
1071 2685 1556 2783 Hinc-etillud.-llieronymi
1576 2687 1614 2761 in
1641 2685 1793 2784 prologo
1816 2687 2044 2785 expositionis

327 2791 331 2798 ¹
460 2835 531 2884 suae
555 2811 593 2882 in
615 2806 864 2880 Ezechielem:
887 2803 1112 2902 «aggrediar
1135 2805 1299 2878 Ezechiel
1323 2806 1561 2905 prophetam,
1589 2805 1690 2902 cujus
1714 2804 1962 2878 difficultatem
1982 2811 2045 2878 lle·

460 2931 640 3004 braeorum
656 2927 787 3027 probat
802 2925 960 2999 traditio.
976 2929 1066 2997 Nam
1077 2925 1145 2997 nisi
1160 2927 1239 3024 quis
1254 2925 1351 3025 apud
1367 2951 1429 2998 eos
1445 2941 1585 2999 aetatem
1601 2925 1830 2999 sacerdotalis
1845 2927 2040 3016 ministerii,

461 3050 499 3123 id
515 3066 570 3123 est
584 3050 804 3147 trigesimum
821 3071 958 3119 annum
979 3045 1197 3144 impleverit,
1216 3071 1283 3117 nec
1305 3045 1523 3144 principium
1543 3047 1742 3136 Geneseos,
1768 3067 1835 3116 nec
1859 3048 2043 3120 Canticum

462 3172 704 3258 canticorum,
723 3192 790 3240 nec
806 3165 912 3264 hujus
932 3165 1126 3238 voluminis
1146 3164 1333 3237 exordium
1354 3179 1390 3236 et
1414 3161 1525 3236 finem
1546 3161 1662 3261 legere
1683 3163 1915 3263 permittitur,
1938 3180 1979 3236 ut
2001 3165 2043 3236 ad

461 3288 656 3389 perlectam
679 3286 888 3374 scientiam,
906 3299 942 3357 et
966 3285 1136 3382 mysticos
1159 3283 1359 3358 intellectus
1381 3282 1531 3381 plenum
1551 3281 1720 3356 humanae
1746 3297 1883 3354 naturae
1906 3297 2043 3383 tempus

462 3408 653 3481 accedat.»
671 3403 915 3504 Supplicando
930 3405 1049 3500 itaque
1062 3402 1235 3501 postulas,
1254 3418 1290 3474 et
1305 3401 1524 3501 postulando
1542 3401 1734 3502 supplicas,
1752 3425 1857 3474 soror
1872 3401 2040 3494 heloissa,

463 3531 500 3600 in
521 3528 650 3600 saeculo
670 3525 857 3624 quondam
878 3546 980 3614 cara,
1003 3525 1161 3596 nuncin
1186 3522 1329 3596 Christo
1352 3525 1556 3614 carissima,
1583 3537 1759 3621 quatenus
1787 3525 2042 3622 expositionem

462 3645 596 3718 horum
611 3657 713 3716 tanto
729 3640 921 3714 studiosius
936 3641 1141 3732 intendam,
1159 3655 1296 3740 quanto
1317 3641 1555 3715 difficiliorem
1580 3665 1657 3716 esse
1680 3655 1823 3714 constat
1845 3642 2042 3740 intelligen-

463 3767 571 3856 tiam,
588 3779 625 3837 et
640 3762 843 3862 spiritaliter
856 3762 929 3834 hoc
944 3761 1009 3835 tibi
1025 3777 1062 3836 et
1077 3759 1217 3836 filiabus
1237 3764 1307 3836 tuis
1328 3763 1545 3863 spiritalibus
1565 3762 1780 3864 persolvam.
1801 3761 1906 3835 Unde
1926 3776 1964 3835 et
1986 3788 2041 3834 ro-

326 3873 330 3884 '
358 3905 364 3918 ·
464 3901 587 3982 gantos
602 3909 668 3958 vos
683 3909 790 3982 rogo,
812 3900 852 3957 ut
866 3887 952 3983 quia
967 3909 1026 3958 me
1050 3883 1213 3982 rogando
1229 3883 1277 3958 ad
1298 3884 1371 3957 hoc
1393 3883 1629 3984 compellitis,
1655 3884 1796 3958 orando
1818 3889 1937 3957 Deum
1959 3883 2043 3956 mihi

463 4009 658 4082 efficaciam
670 4009 887 4107 impetretis;
903 4024 939 4080 et
950 4008 1138 4107 quoniam,
1154 4022 1194 4080 ut
1205 4007 1277 4082 dici
1292 4007 1401 4098 solet,
1416 4023 1453 4081 et
1465 4009 1582 4107 capite
1594 4007 1843 4082 inchoandum
1858 4022 1930 4098 est,
1946 4021 2043 4082 tanto

464 4154 523 4203 me
539 4131 690 4229 amplius
713 4111 750 4200 in
768 4128 916 4202 exordio
932 4132 1112 4201 Geneseos
1129 4128 1455 4202 vestrae'orationes
1478 4127 1669 4224 adjuvent,
1693 4143 1831 4227 quanto
1858 4129 1935 4225 ejus
1960 4127 2043 4201 diffi-

463 4248 632 4320 cultatem
647 4247 781 4320 caeteris
796 4261 938 4319 constat
953 4238 1029 4318 esse
1045 4247 1220 4342 majorem
1230 4274 1243 4336 3
1261 4247 1353 4319 sicut
1370 4247 1634 4346 expositionum
1647 4249 1773 4321 raritas
1790 4249 1868 4347 ipsa
1882 4262 2039 4320 testatur.

464 4371 585 4456 Quum
600 4368 697 4438 enim
714 4366 816 4438 multi
835 4365 964 4438 multas
980 4366 1147 4463 mysticas
1164 4365 1221 4437 vel
1238 4365 1391 4439 morales
1407 4367 1443 4438 in
1460 4367 1631 4440 Genesim
1649 4365 1871 4439 confecerint
1887 4365 2045 4466 explana·

463 4489 596 4578 tiones,
614 4487 725 4559 solius
740 4487 837 4584 apud
860 4511 927 4558 nos
946 4485 1141 4558 beatissimi
1157 4487 1342 4583 Augustini
1364 4488 1550 4586 perspicax
1572 4488 1757 4585 ingenium
1781 4485 1970 4558 historiam
1989 4483 2044 4558 hic

464 4632 647 4705 aggressus
667 4623 720 4679 est
741 4632 932 4705 exponere.
950 4612 1069 4694 Quam
1090 4607 1182 4679 adeo
1203 4606 1385 4679 difficilem
1401 4609 1630 4706 recognovit,
1648 4622 1701 4699 ut,
1721 4631 1802 4706 quae
1823 4607 1874 4679 ibi
1900 4605 2043 4693 dixerit,

464 4752 506 4799 ex
521 4728 693 4826 opinione
709 4726 828 4824 potius
848 4750 958 4824 quam
978 4750 1021 4798 ex
1042 4725 1237 4799 assertione
1261 4727 1444 4800 sententie
1466 4726 1672 4826 protulerit3
1691 4725 1748 4827 vel
1764 4723 1961 4824 quaerendo
1980 4746 2046 4796 ma·

464 4846 515 4942 gis
530 4861 703 4945 tanquam
719 4844 848 4937 dubia,
866 4871 977 4945 quarn
992 4843 1206 4919 diffiniendo
1222 4860 1395 4945 tanquam
1416 4861 1531 4938 certa,
1550 4849 1651 4946 quasi
1674 4845 1939 4920 Aristotelicum
1960 4843 2044 4918 illud

464 4966 653 5045 attendens
675 4966 890 5046 consilium:
912 4971 1130 5059 «Fortasse,
1148 4995 1166 5036 a
1188 4967 1306 5067 inquit
1315 4972 1337 5058 ¹,
1363 4995 1382 5037 a
1399 4965 1545 5041 difficile
1569 4968 1615 5042 sit
1637 4967 1683 5040 de
1707 4966 1916 5067 hujusmodi
1941 4965 2044 5040 rebus

498 5177 507 5206 ⁸
525 5175 621 5244 Gateg..
632 5191 687 5242 cap.
700 5193 742 5229 vu.
853 5161 857 5172 ⁸
