4522 6104
472 559 546 630 682
1074 563 1202 636 PETRI
1228 565 1459 639 ABAELARDl

470 700 637 780 llajestatis
648 702 833 784 postulatus,
844 709 879 766 ut
892 703 959 785 ipse
973 713 1074 767 narrat
1086 704 1117 768 in
1131 708 1272 770 lictoris
1283 710 1527 786 calamitatum,
1543 707 1644 790 fugem
1652 712 1816 792 capessivit
1823 714 1956 795 primunr
1967 717 2055 780 thaa-

469 801 586 882 lardur,
595 822 633 868 ne
642 804 675 868 in
685 806 800 889 majora
810 808 929 870 reniret
940 809 1092 890 pericula:
1106 809 1218 872 deinde
1226 810 1405 893 prudentius
1411 812 1599 876 existimavit
1608 813 1729 896 publice
1737 814 1868 880 inficiari
1878 818 2055 900 paradoxon

469 905 545 969 illud
561 907 738 972 historicum
754 931 815 994 quo
831 919 944 974 tantam
959 923 1167 976 commoverat
1180 915 1213 976 in
1227 933 1260 977 se
1272 923 1492 998 tempestatem.
1507 919 1540 978 la
1555 918 1696 999 prasenti
1710 918 1803 1000 igitur
1814 921 1943 1002 epistola
1959 921 2056 986 diver·

468 1005 511 1067 sis
521 1009 630 1089 probat
638 1021 796 1076 auctorum
804 1014 994 1078 testimoniis
1007 1014 1199 1098 Dionysium,
1214 1017 1350 1080 Corinthi
1362 1018 1558 1100 episcopum,
1577 1018 1636 1082 suh
1650 1021 1743 1083 Marci
1758 1021 1871 1084 Aurelii
1883 1023 2053 1107 principatu

470 1107 662 1192 defunctum,
679 1134 741 1177 non
760 1117 903 1180 cumdem
917 1136 987 1180 esse
1000 1136 1037 1180 ac
1048 1118 1228 1202 Dionysium
1246 1119 1475 1202 areopagitam,
1486 1120 1551 1184 Divi
1568 1123 1652 1186 Pauli
1666 1122 1869 1207 discipulum,
1883 1125 1965 1188 hunc
1981 1146 2053 1190 nero

468 1229 595 1292 prorsus
603 1218 739 1298 potuisse
749 1220 840 1282 variis
850 1220 1040 1302 temporibus
1054 1220 1243 1302 pontificiam
1265 1222 1369 1285 sedem
1388 1223 1490 1304 primo
1512 1223 1655 1302 Athenis,
1668 1235 1702 1288 ut
1719 1235 1767 1287 cst
1783 1227 1889 1308 opinio
1898 1229 2051 1304 omnium,

468 1311 581 1380 deinde
596 1319 734 1384 Corinthi
748 1321 936 1398 obtinuisse,
951 1332 982 1385 et
998 1334 1103 1406 postea
1117 1323 1208 1388 fidem
1223 1325 1421 1389 christianam
1435 1327 1466 1389 in
1478 1327 1591 1391 Gallias
1603 1329 1750 1392 attulisse.
1763 1331 1862 1404 Quam
1879 1331 2050 1412 epistolam,

469 1428 502 1481 ut
523 1420 634 1486 studiis
655 1425 720 1487 suis
741 1425 876 1502 favebat,
892 1429 928 1488 D.
945 1427 1083 1509 Dionysii
1098 1428 1241 1491 monachi
1256 1428 1417 1510 permultis
1431 1429 1659 1512 exemplaribus
1672 1431 1854 1512 vulgavere;
1870 1433 1953 1496 unda
1971 1433 2007 1497 fit
2021 1447 2053 1498 ut

468 1541 508 1586 ex
527 1525 671 1590 omnibus
682 1527 832 1592 hbaelardi
847 1527 992 1612 operibus
1005 1531 1097 1594 unius
1113 1530 1203 1612 hujus
1217 1531 1341 1618 plurimi
1355 1540 1475 1595 exeunt
1489 1532 1591 1596 adhuc
1610 1533 1733 1598 codices
1750 1537 1961 1618 manuscripti.
1976 1540 2052 1600 Per·

468 1626 620 1693 volvimus
632 1649 687 1694 eos
704 1633 754 1714 qui
773 1633 805 1694 in
824 1633 1020 1696 Bibliotheca
1034 1634 1127 1715 regiae
1138 1635 1277 1716 catalogo
1296 1635 1434 1719 inscripti
1452 1644 1526 1699 sunt
1544 1637 1681 1700 numeria
1700 1637 1806 1702 attat
1824 1649 1855 1710 et
1876 1642 1977 1704 altr:
1997 1642 2051 1704 sed

469 1727 618 1795 lectiones
635 1731 698 1798 fere
717 1733 840 1797 inutiles
854 1753 912 1798 nec
928 1735 1039 1798 multas
1054 1735 1144 1799 nohis
1158 1735 1316 1800 suffecere.

1191 2039 1327 2056 m

463 2362 565 2448 Adra,
583 2361 807 2437 dilectissimo
814 2360 998 2459 patrisso,
1014 2359 1132 2432 abbati
1142 2364 1214 2433 Dei
1218 2364 1339 2459 gratia
1350 2360 1497 2434 coeuobtt
1502 2361 1839 2460 gloriosissimorum
1850 2379 2049 2459 martyrum

511 2484 688 2574 Dionysii,
704 2484 842 2552 Rustici
854 2497 891 2551 et
906 2479 1110 2568 Eleutherai,
1129 2479 1256 2552 ibidem
1268 2506 1414 2577 corpore
1431 2483 1700 2580 quiescentium,
1723 2481 2050 2580 meaquefrctrr'bur

510 2617 548 2672 et
560 2600 819 2672 commonachis
833 2603 907 2672 suu
919 2602 1123 2687 canusinis,
1142 2604 1271 2671 Petrus
1284 2599 1404 2671 babitu
1421 2599 1629 2688 monachus,
1652 2605 1722 2672 uita
1734 2617 1907 2698 peccator,
1926 2606 2048 2701 gratie

512 2721 602 2796 uobis
617 2737 758 2819 etpax,
780 2737 821 2792 ut
833 2724 887 2792 cit
902 2720 1109 2818 Apostolus,
1129 2746 1154 2790 a
1171 2726 1246 2792 Deo
1256 2734 1366 2818 patre
1383 2736 1504 2792 nostro
1519 2737 1555 2791 et
1569 2724 1723 2793 Domino
1736 2727 1821 2793 Jesu
1840 2723 1989 2796 Christo.

508 2952 607 3046 Saepe
627 2949 734 3022 unius
754 2972 855 3019 error
871 2946 1004 3019 multos
1019 2945 1186 3036 involvit,
1217 2961 1253 3018 et
1276 2946 1385 3045 proni
1406 2944 1573 3019 homines
1594 2946 1631 3017 in
1652 2945 1807 3037 malum,
1830 2946 1965 3022 facilius
1984 2973 2045 3047 per

459 3069 625 3141 nnumin
642 3067 850 3156 falsitatem,
867 3091 978 3164 quam
994 3091 1059 3164 per
1074 3065 1208 3137 multos
1223 3065 1260 3136 in
1276 3065 1464 3136 veritatem
1484 3065 1688 3136 trahuntur.
1707 3068 1786 3136 Hoc
1802 3079 1924 3137 autem
1939 3071 1951 3104 ²
1964 3067 2044 3139 ideo

458 3187 561 3278 dico,
581 3187 680 3284 quod
693 3185 796 3258 multi
808 3187 857 3276 ei,
876 3210 987 3284 quam
999 3201 1181 3275 tenemus,
1199 3185 1340 3257 veritati
1357 3183 1403 3255 de
1410 3185 1586 3281 Dionysio
1598 3185 1813 3283 Areopagites
1826 3188 1932 3258 unius
1946 3185 2044 3259 Bedae

457 3307 707 3380 auctoritatem
730 3329 917 3404 opponere
939 3304 1095 3393 soleant,
1114 3301 1357 3400 gravioribus,
1376 3327 1455 3400 quae
1471 3305 1481 3341 ³
1496 3302 1601 3374 nobis
1623 3302 1761 3393 favent,
1781 3319 1843 3375 aut
1862 3329 1928 3402 per
1943 3305 2045 3376 mali-

457 3430 561 3515 tiam,
580 3442 642 3498 aut
657 3426 815 3498 fortassis
830 3450 895 3524 per
910 3421 1171 3520 ignoranhm,
1190 3423 1483 3496 auctoritatibus*
1498 3424 1720 3522 postpositis.
1736 3423 1802 3496 llic
1818 3426 1953 3523 quippe
1965 3425 2045 3496 Dio

454 3547 598 3643 nysium
615 3545 864 3643 Areopagitam
879 3543 1150 3615 Corinthiorum
1166 3543 1375 3641 episcopum
1393 3543 1499 3614 fuisse
1515 3543 1715 3640 profitetur,
1736 3569 1850 3642 quum
1866 3545 1940 3636 alii,
1952 3571 2040 3643 quo·

455 3691 538 3737 rum
555 3664 662 3761 longe
681 3663 833 3737 validior
854 3675 908 3736 est
932 3663 1147 3753 auctoritas,
1175 3687 1259 3734 eum
1284 3663 1405 3761 potius
1427 3663 1533 3735 fuisse
1554 3663 1825 3735 Atheniensium
1848 3666 2042 3737 antistitem

455 3787 659 3876 adstruant,
679 3801 715 3858 et
731 3786 882 3858 omnino
899 3784 1008 3857 alium
1031 3784 1138 3855 fuisse
1165 3784 1379 3880 Dionysium
1400 3785 1669 3882 areopagitam,
1698 3783 1808 3888 aliurn
1831 3786 2042 3884 Dionysium

453 3906 723 3979 Corinthiorum
745 3906 973 4004 episcopum,
1000 3905 1072 3976 suis
1095 3905 1315 3977 convincant
1334 3903 1602 3976 assertionibus.
1630 3910 1810 3978 Ponamus
1835 3907 1958 4004 itaque
1977 3908 2044 3978 sin·

452 4027 619 4125 gulorum
634 4027 762 4117 verba,
778 4051 820 4099 ac
836 4025 972 4098 deinde
985 4025 1275 4116 consideremus,
1293 4026 1323 4098 si
1339 4050 1415 4097 non
1432 4024 1550 4098 solum
1564 4023 1723 4114 diversa,
1741 4029 1979 4099 verumetiam
1994 4029 2042 4096 in·

450 4151 566 4221 vicem
583 4149 733 4220 adversa
748 4146 815 4218 sihi
831 4148 919 4237 sint,
938 4171 980 4219 ac
998 4145 1066 4218 sihi
1082 4146 1224 4244 penitus
1240 4147 1489 4245 repugnantia.
1509 4145 1617 4234 Quod
1633 4147 1663 4220 si
1679 4145 1895 4238 viderimus,
1915 4147 2041 4245 dijudi-

450 4295 572 4342 cemus
589 4269 816 4341 auctoritates
833 4267 947 4365 ipsas,
966 4281 1024 4356 ut,
1045 4291 1159 4364 quum
1176 4290 1302 4338 omnes
1321 4265 1451 4338 salvari
1467 4291 1543 4338 non
1564 4266 1727 4357 valeant,
1747 4265 1807 4339 illa
1822 4267 2039 4365 periclitetur

449 4415 527 4488 quae
544 4391 685 4461 minore
699 4388 824 4459 nititur
840 4387 1025 4483 dignitate.
1045 4386 1225 4483 Scriptum
1241 4400 1295 4458 est
1309 4387 1430 4484 itaque
1446 4386 1492 4458 de
1508 4385 1580 4458 hoc
1596 4387 1633 4457 in
1655 4384 1905 4457 Ecclesiastico
1922 4389 2037 4458 Histo-

448 4515 520 4599 νέα,
541 4509 634 4581 libro
651 4523 800 4608 quarto,
819 4506 977 4605 capitulo
994 4506 1167 4603 vigesimo
1189 4508 1316 4600 tertio,
1338 4506 1394 4578 his
1410 4506 1529 4579 verbis
1541 4533 1558 4576 ·:
1580 4535 1598 4574 n
1617 4504 1847 4578 Veniendum
1863 4505 1970 4578 nobis
1986 4521 2036 4578 est

446 4631 594 4703 tandem
611 4629 657 4701 ad
673 4628 770 4702 beati
785 4626 948 4723 Dionysii
974 4626 1359 4699 commemorationem
1383 4624 1655 4699 Corinthiorum
1682 4625 1838 4697 ecclesiae
1860 4627 2033 4725 episcopi,

444 4753 544 4848 cujus
566 4749 768 4821 eruditione
788 4761 824 4818 et
843 4745 972 4844 gaha,
992 4771 1103 4844 quam
1118 4745 1276 4818 habehat
1291 4747 1329 4818 in
1351 4746 1463 4819 verbo
1480 4745 1565 4834 Dei,
1586 4745 1797 4818 fruebantur
1814 4769 1892 4817 non
1907 4744 1945 4818 hi
1969 4769 2034 4844 po·

444 4872 521 4971 puli
535 4887 694 4962 tantum,
712 4895 804 4968 quos
819 4867 996 4966 regendos
1012 4882 1216 4968 acceperat,
1234 4867 1298 4940 sed
1314 4882 1350 4940 et
1364 4867 1491 4967 procul
1507 4867 1633 4966 positi,
1652 4865 1781 4964 quihus
1791 4892 1856 4966 per
1870 4865 2034 4966 epistolas

477 5103 484 5130 ¹
504 5101 566 5153 Vide
586 5113 607 5152 t.
621 5101 631 5152 l
647 5101 749 5167 hujusce
769 5100 900 5162 editionis,
919 5116 944 5166 p.
962 5102 1003 5152 23.
1022 5099 1078 5140 -·'
1096 5099 1137 5152 Sic
1152 5099 1214 5153 cod.
1256 5097 1389 5150 'SicCocl
1403 5097 1464 5165 fleg.
1477 5099 1541 5148 2445
1554 5099 1575 5150 h
1587 5109 1612 5150 et
1623 5098 1770 5160 trin-Qut
1781 5095 2027 5150 duab—‘Slcfod

445 5187 505 5254 llag.
517 5188 582 5238 2446
594 5187 612 5238 h
624 5195 650 5238 et
660 5184 768 5236 2444.-
776 5185 828 5237 Hoc
839 5195 919 5235 autern
931 5183 1020 5236 desunt
1032 5184 1057 5237 in
1069 5183 1131 5236 edit.
1140 5184 1214 5237 Amb.
1255 5181 1316 5250 fleg.
1328 5181 1394 5234 tlte
1405 5183 1426 5234 Δ
1440 5191 1467 5235 et
1480 5183 1554 5236 2441.
1563 5207 1581 5222 -
1590 5184 1734 5236 Auctoribus
1745 5181 1820 5236 tmt.
