4606 6106
469 575 542 646 292
990 571 1217 644 HELOlSSAE
1241 569 1536 645 PROBLEMATA

469 713 538 785 bus
552 737 589 786 se
607 712 870 811 copulaverint,
883 711 1095 784 adulterium
1110 712 1356 804 committunt;
1372 712 1441 811 ipsi
1454 725 1572 783 autem
1586 710 1755 808 conjuges
1769 724 1927 782 manent.
1944 709 2052 783 Plane

471 833 591 906 uxoris
614 832 797 904 voluntate
821 831 992 904 adhibere
1017 831 1141 923 aliam,
1169 831 1266 905 unde
1291 857 1501 904 communes
1525 830 1588 903 titii
1613 846 1804 904 nascantur
1827 832 1933 903 unius
1953 855 2052 904 com-

469 955 664 1043 mixtione,
681 977 722 1024 ae
741 953 897 1043 semine,
913 952 1056 1024 alterius
1073 969 1192 1025 autem
1202 954 1283 1049 jure
1301 977 1343 1025 ac
1355 968 1548 1051 potestate,
1566 951 1663 1052 apud
1680 954 1845 1050 antiquos
1864 967 1982 1051 patres
2002 953 2053 1024 fas

470 1088 566 1144 erat:
584 1085 704 1144 utrum
724 1087 759 1144 et
772 1098 869 1145 nunc
884 1073 934 1144 fas
947 1073 1009 1164 sit,
1026 1097 1099 1144 non
1114 1089 1247 1145 temere
1269 1071 1431 1145 dixerim.
1454 1077 1532 1144 Non
1551 1088 1604 1145 est
1626 1073 1722 1144 enim
1743 1071 1966 1173 propagandi
1987 1094 2051 1143 ne·

468 1193 633 1284 cessitas,
653 1219 733 1290 quae
751 1209 837 1264 tunc
864 1193 929 1265 fuit
943 1221 951 1264 ε
966 1192 1113 1290 quando
1132 1210 1168 1265 et
1193 1193 1412 1291 parientibus
1430 1193 1641 1290 conjugibus
1657 1191 1742 1264 alias
1768 1207 1915 1291 propter
1929 1193 2053 1291 copio-

469 1315 604 1385 siorem
625 1315 893 1411 posteritatem,
915 1312 1156 1412 superducere
1178 1312 1327 1402 licebat,
1348 1311 1447 1410 quod
1466 1338 1564 1384 nunc
1577 1327 1672 1384 certe
1686 1337 1760 1384 non
1774 1311 1867 1384 licet.
1887 1341 1904 1380 u
1920 1317 2049 1384 ltem¹:

471 1462 489 1499 u
512 1431 621 1520 Quod
647 1448 700 1504 est
725 1434 826 1505 cibus
845 1433 892 1504 ad
919 1433 1069 1506 salutem
1087 1433 1263 1525 hominis,
1287 1434 1358 1505 hoo
1387 1449 1440 1506 est
1465 1431 1676 1505 concubitus
1703 1431 1749 1504 ad
1776 1433 1927 1505 salutem
1949 1458 2053 1530 gene·

469 1553 533 1642 ris,
553 1567 588 1624 et
618 1567 809 1650 utrumque
832 1579 906 1624 non
937 1568 990 1626 est
1015 1531 1091 1625 siue
1115 1552 1351 1626 delectatione
1380 1553 1512 1625 carnali
1542 1580 1549 1624 :
1577 1578 1656 1652 quae
1684 1567 1804 1624 tamen
1829 1551 2049 1642 modificata,

468 1687 503 1743 et
538 1672 772 1770 temperantia
812 1672 1012 1746 refrenante
1048 1673 1085 1743 in
1122 1697 1226 1744 usum
1260 1671 1465 1744 naturalem
1502 1671 1663 1762 redacta,
1709 1670 1822 1743 libido
1863 1695 1939 1744 esse
1977 1695 2051 1743 non

468 1805 597 1888 potest.
631 1791 739 1878 Quod
770 1807 822 1863 est
848 1805 966 1864 autem
985 1791 1021 1862 in
1047 1792 1280 1868 sustentanda
1302 1793 1375 1865 vita
1403 1791 1543 1864 illicitus
1568 1791 1668 1864 cibus
1689 1791 1786 1881 ,boo
1812 1805 1865 1864 est
1893 1791 1931 1862 in
1959 1815 2052 1889 quae·

466 1910 578 1982 reuda
607 1910 730 2008 proles
743 1910 952 1984 fornicarius
973 1911 1030 1985 vel
1053 1911 1272 1985 adulterinus
1301 1910 1524 1985 concubitus.
1560 1917 1603 1985 Et
1632 1910 1732 2010 quod
1761 1926 1814 1984 est
1847 1911 1884 1982 in
1915 1911 2052 1983 luxuria

467 2033 599 2104 ventris
629 2047 664 2104 et
687 2033 837 2130 gutturis
860 2033 1000 2105 illicitus
1017 2032 1138 2122 cibus,
1165 2032 1237 2104 hoo
1255 2048 1308 2105 est
1331 2033 1367 2104 in
1393 2032 1541 2105 libidine
1557 2031 1692 2104 nullam
1717 2032 1856 2130 prolem
1874 2047 2052 2131 quaerente

466 2150 607 2224 illicitus
630 2154 854 2226 concubitus.
881 2157 925 2225 Et
955 2153 1054 2252 quod
1083 2167 1137 2225 est
1170 2154 1207 2225 in
1237 2152 1319 2224 cibo
1349 2152 1444 2225 licito
1470 2152 1667 2226 nonnullus
1697 2151 1969 2225 immoderatior
1992 2177 2051 2251 ap·

467 2272 598 2368 petitus
618 2272 711 2363 ,hoc
729 2288 782 2344 est
804 2273 841 2344 in
855 2271 1066 2370 conjugibus
1079 2272 1226 2345 venialis
1245 2273 1303 2345 ille
1321 2273 1545 2345 concubitus.
1567 2273 1665 2345 Sicut
1678 2295 1763 2369 ergo
1776 2273 1884 2344 satius
1897 2287 1951 2346 est
1961 2275 2052 2344 mori

466 2392 577 2481 same,
606 2417 715 2490 quam
731 2392 939 2489 idolothytis
955 2393 1050 2464 vesci
1069 2419 1077 2462 :
1099 2393 1146 2464 ita
1172 2394 1281 2464 satius
1294 2407 1347 2465 est
1371 2392 1515 2490 defungi
1532 2393 1608 2464 sine
1625 2391 1769 2484 liberis,
1798 2415 1907 2490 quam
1923 2416 1966 2466 ex
1989 2391 2052 2466 illi·

467 2513 539 2584 cito
553 2514 648 2584 coitu
667 2515 811 2612 stirpem
826 2537 994 2610 quaerere.
1012 2511 1259 2612 Undecuuque
1276 2527 1396 2586 autem
1413 2527 1605 2585 nascantur
1622 2511 1806 2605 homines,
1822 2514 1851 2584 si
1863 2529 2051 2611 parentum

467 2634 550 2703 vitia
568 2657 642 2705 nou
661 2647 851 2725 sectentur,
874 2647 910 2706 et
931 2637 1047 2718 Deum
1068 2648 1163 2705 recte
1183 2633 1319 2726 colant,
1341 2632 1483 2706 honesti
1503 2648 1538 2720 et
1557 2633 1645 2705 salvi
1666 2647 1783 2706 erunt.
1805 2636 1933 2706 Semen
1957 2635 2051 2707 enim

468 2753 623 2824 bominis
636 2778 678 2824 ex
690 2753 928 2851 qualicunque
941 2753 1108 2864 honpine,
1123 2754 1188 2825 Dei
1201 2769 1361 2826 creatura
1374 2767 1443 2844 est,
1460 2768 1495 2826 et
1508 2778 1552 2826 co
1567 2752 1659 2826 male
1670 2753 1852 2827 utentibus
1866 2751 1959 2827 male
1972 2755 2049 2845 erit,

466 2896 539 2943 non
554 2876 672 2972 ipsum
688 2873 881 2972 aliquando
900 2873 1035 2946 malum
1051 2875 1130 2946 erit.
1154 2875 1251 2946 Sicut
1271 2889 1390 2947 autem
1408 2874 1470 2946 lilii
1488 2874 1576 2946 boni
1597 2873 1859 2964 adulterorum,
1878 2872 1975 2947 nulla
1993 2873 2052 2947 de·

465 2991 577 3065 fensio
599 3009 651 3065 est
668 2993 945 3066 adulteriorum:
961 2994 1010 3065 sic
1028 2994 1113 3066 mali
1133 2993 1195 3066 filii
1214 2996 1509 3092 conjugatorum,
1530 2994 1670 3067 nullum
1690 2996 1826 3068 crimen
1845 3008 1899 3068 est
1916 2997 2052 3096 nuptia·

407 3199 409 3204 Ι
466 3138 558 3184 rum.
585 3141 602 3180 >r
623 3114 722 3186 Idem
740 3118 864 3213 supra’
887 3141 894 3184 :
918 3143 936 3182 κ
958 3115 1132 3186 Suntviri
1150 3115 1370 3212 usqueadeo
1388 3115 1663 3208 incontinentes,
1684 3130 1724 3187 ut
1742 3114 1966 3213 conjugibuS,
1987 3141 2052 3188 nec

467 3233 619 3328 gravidis
633 3249 790 3332 parcant.
808 3234 993 3332 Quidquid
1006 3259 1091 3332 ergo
1108 3236 1202 3306 inter
1215 3261 1253 3307 se
1266 3235 1446 3333 conjugati
1460 3235 1733 3327 immodestum,
1751 3236 2048 3327 inverecundum,

466 3354 697 3428 sordidumve
720 3369 871 3452 gerunt,
890 3357 1017 3428 vitium
1040 3355 1230 3428 homiuum
1252 3373 1325 3448 est,
1350 3381 1424 3428 non
1447 3358 1553 3456 culpa
1577 3359 1795 3456 nuptiarum.
1818 3359 1928 3430 larn'
1919 3384 1955 3430 ιιι
1978 3359 2052 3458 ipsa

468 3498 613 3604 quoque
638 3475 927 3547 immoderatiore
951 3474 1134 3548 exactione
1157 3474 1267 3547 debiti
1285 3475 1457 3566 carnalis,
1478 3499 1587 3574 quem
1605 3478 1655 3549 eis
1674 3501 1749 3550 non
1768 3476 1996 3551 seeundum
1986 3502 2052 3550 un

466 3571 605 3692 perium
631 3597 806 3695 praecipit,
836 3597 900 3669 sed
922 3596 1121 3668 secundum
1144 3597 1285 3670 veniam
1308 3598 1475 3671 concedit
1497 3597 1712 3697 Apostolus⁸,
1737 3613 1777 3671 ut
1800 3600 1906 3672 etiam
1928 3614 2052 3698 praeter

396 3763 399 3776 .
467 3742 610 3791 causam
629 3718 843 3818 procreandi
863 3718 929 3789 sibi
950 3718 1186 3807 misceantur,
1203 3733 1238 3789 et
1255 3718 1283 3790 si
1303 3743 1365 3790 eos
1382 3719 1484 3818 pravi
1502 3743 1620 3790 mores
1637 3718 1684 3792 ad
1704 3719 1809 3791 talem
1822 3718 2051 3793 concubitum

468 3838 674 3936 impellunt,
696 3841 827 3936 nuptiae
844 3853 962 3910 tamen
982 3834 1028 3908 ab
1045 3836 1221 3909 adulterio
1241 3861 1303 3910 sen
1324 3837 1559 3911 lomieatione
1579 3836 1788 3911 defendunt.
1815 3842 1938 3936 Neque
1957 3841 2052 3912 enim

467 3959 554 4032 illud
567 3975 714 4060 propter
731 3959 872 4058 nuptias
886 3959 1097 4050 admittitur,
1114 3959 1176 4030 sed
1188 3973 1337 4058 propter
1354 3959 1496 4058 nuptias
1514 3958 1721 4055 ignoscitur.
1737 3957 1878 4030 Debent
1889 3983 1975 4056 ergo
1989 3956 2055 4031 sibi

467 4080 646 4177 conjugati
660 4104 734 4150 nou
747 4078 862 4150 solum
878 4079 985 4176 ipsius
999 4103 1103 4150 sexus
1116 4079 1170 4149 sui
1188 4078 1444 4149 commiscendi
1458 4077 1586 4169 iidem,
1606 4076 1802 4149 liberorum
1817 4077 2055 4176 procreando·
2112 4141 2117 4152 .

466 4226 546 4272 rum
571 4223 692 4289 causa,
717 4223 795 4298 quae
817 4199 930 4298 prima
951 4214 1004 4270 est
1024 4196 1173 4268 humaui
1195 4197 1333 4294 generis
1355 4198 1391 4267 in
1417 4197 1483 4269 ista
1505 4196 1717 4270 mortalitate
1738 4198 1905 4288 societas,
1928 4221 2051 4270 verum

466 4324 571 4392 etiam
588 4319 801 4392 infirmitatis
819 4321 970 4392 invicem
984 4317 1199 4418 excipieudae
1211 4316 1257 4389 ad
1276 4315 1415 4388 illicitos
1432 4317 1642 4390 concubitus
1660 4317 1866 4407 evitandos,
1890 4333 2049 4391 mutuam

465 4440 624 4537 quodam
642 4438 759 4512 modo.
768 4441 972 4511 servitutem
984 4466 994 4530 ;
1017 4451 1110 4511 utet
1132 4439 1160 4510 si
1185 4437 1283 4510 alteri
1308 4461 1432 4508 eorum
1455 4453 1627 4536 perpetua
1645 4437 1865 4510 continentie
1886 4437 2046 4536 placeat,

466 4565 533 4634 nisi
550 4587 593 4633 ex
611 4559 754 4633 alterius
767 4585 942 4633 consensu
958 4585 1032 4631 uon
1045 4559 1169 4658 possit.
1186 4561 1229 4630 Et
1247 4557 1294 4628 ad
1309 4557 1380 4628 hoc
1400 4558 1496 4630 euim
1517 4583 1607 4630 uxor
1623 4582 1697 4630 non
1716 4557 1823 4630 habet
1840 4573 2048 4657 potestatem

447 4681 519 4753 'sui
533 4683 711 4781 corporis,
731 4680 794 4752 sed
808 4681 884 4772 rir3
899 4680 1058 4753 similiter
1071 4694 1106 4769 et
1120 4679 1173 4748 vir
1185 4703 1259 4748 nou
1277 4677 1385 4752 habet
1404 4693 1617 4776 potestatem
1631 4679 1685 4751 sui
1698 4681 1878 4778 corporis,
1895 4679 1959 4752 sed
1973 4705 2049 4752 mu-

463 4802 528 4874 lier
545 4831 553 4872 ε
571 4817 609 4873 ut
627 4818 662 4874 et
679 4801 779 4899 quod
798 4827 871 4874 non
895 4799 1048 4871 filiorum
1070 4797 1401 4897 procreandorum,
1423 4800 1485 4872 sed
1503 4796 1716 4872 infirmitatis
1734 4815 1769 4872 et
1786 4800 2048 4874 incontinentiae

464 4946 568 4993 causa
588 4923 734 5021 expetit,
756 4922 812 4994 vel
826 4923 883 5014 ille
898 4919 943 4993 de
962 4920 1212 5009 matrimonio,
1228 4919 1284 4991 vel
1297 4919 1355 4993 illa
1369 4919 1414 4993 de
1430 4921 1575 5011 marito,
1590 4919 1744 4992 nonsibi
1764 4919 1972 4994 alterutrum
1989 4945 2047 4994 ne-

500 5203 507 5227 ¹
527 5201 634 5250 Cortum.
654 5199 680 5260 l,
699 5215 756 5265 cap.
773 5215 827 5263 ιιι,
838 5197 885 5251 col.
899 5199 957 5250 330.
967 5225 998 5237 -
1010 5197 1103 5258 'lbid,
1122 5211 1178 5263 cap.
1191 5211 1229 5255 ιι,
1246 5196 1293 5247 eol.
1311 5197 1368 5248 333.
1381 5223 1408 5236 -
1421 5195 1550 5248 ‘Comata
1565 5195 1657 5264 l„cap.
1669 5210 1716 5259 ur,
1727 5211 1750 5246 ι.
1762 5197 1787 5247 3.
