<?xml version="1.0" encoding="UTF-8"?>
<!DOCTYPE html PUBLIC "-//W3C//DTD XHTML 1.0 Transitional//EN"
    "http://www.w3.org/TR/xhtml1/DTD/xhtml1-transitional.dtd">
<html xmlns="http://www.w3.org/1999/xhtml" xml:lang="en" lang="en">
 <head>
  <title>
</title>
<meta http-equiv="Content-Type" content="text/html;charset=utf-8" />
  <meta name='ocr-system' content='tesseract 3.04.00' />
  <meta name='ocr-capabilities' content='ocr_page ocr_carea ocr_par ocr_line ocrx_word'/>
</head>
<body>
  <div class='ocr_page' id='page_1' title='image "./petriablardiope01despgoog_0435.png"; bbox 0 0 4496 6102; ppageno 0'>
   <div class='ocr_carea' id='block_1_1' title="bbox 445 593 1425 670">
    <p class='ocr_par' dir='ltr' id='par_1_1' title="bbox 445 593 1425 670">
     <span class='ocr_line' id='line_1_1' title="bbox 445 593 1425 670; baseline -0.002 -2"><span class='ocrx_word' id='word_1_1' title='bbox 445 599 515 670; x_wconf 69' lang='lat'><strong>420</strong></span> <span class='ocrx_word' id='word_1_2' title='bbox 911 655 915 662; x_wconf 90' lang='lat'>.</span> <span class='ocrx_word' id='word_1_3' title='bbox 1042 597 1168 668; x_wconf 77' lang='lat' dir='ltr'><strong>rarat</strong></span> <span class='ocrx_word' id='word_1_4' title='bbox 1197 593 1425 667; x_wconf 74' lang='lat' dir='ltr'><strong>tumulum</strong></span> 
     </span>
    </p>
   </div>
   <div class='ocr_carea' id='block_1_2' title="bbox 341 733 2056 4856">
    <p class='ocr_par' dir='ltr' id='par_1_2' title="bbox 382 733 2056 3201">
     <span class='ocr_line' id='line_1_2' title="bbox 445 733 2019 833; baseline 0.001 -29"><span class='ocrx_word' id='word_1_5' title='bbox 445 759 515 828; x_wconf 90' lang='lat' dir='ltr'><strong>que</strong></span> <span class='ocrx_word' id='word_1_6' title='bbox 528 734 784 804; x_wconf 78' lang='lat' dir='ltr'><strong>circumfertur.</strong></span> <span class='ocrx_word' id='word_1_7' title='bbox 800 738 877 804; x_wconf 90' lang='lat' dir='ltr'><strong>Hoc</strong></span> <span class='ocrx_word' id='word_1_8' title='bbox 890 734 1093 808; x_wconf 90' lang='lat' dir='ltr'><strong>vehiculum</strong></span> <span class='ocrx_word' id='word_1_9' title='bbox 1106 735 1181 833; x_wconf 89' lang='lat' dir='ltr'><strong>ipse</strong></span> <span class='ocrx_word' id='word_1_10' title='bbox 1197 734 1263 806; x_wconf 91' lang='lat' dir='ltr'><strong>sibi</strong></span> <span class='ocrx_word' id='word_1_11' title='bbox 1276 733 1446 805; x_wconf 83' lang='lat' dir='ltr'>Salomon</span> <span class='ocrx_word' id='word_1_12' title='bbox 1459 733 1559 824; x_wconf 82' lang='lat' dir='ltr'><strong>lecit,</strong></span> <span class='ocrx_word' id='word_1_13' title='bbox 1580 735 1641 830; x_wconf 90' lang='lat' dir='ltr'><strong>qui</strong></span> <span class='ocrx_word' id='word_1_14' title='bbox 1659 733 1763 804; x_wconf 90' lang='lat' dir='ltr'><strong>bonis</strong></span> <span class='ocrx_word' id='word_1_15' title='bbox 1777 734 1944 832; x_wconf 87' lang='lat' dir='ltr'><strong>operibus</strong></span> <span class='ocrx_word' id='word_1_16' title='bbox 1960 739 2019 806; x_wconf 89' lang='lat' dir='ltr'><strong>Ju-</strong></span> 
     </span>
     <span class='ocr_line' id='line_1_3' title="bbox 445 850 2020 952; baseline 0.003 -30"><span class='ocrx_word' id='word_1_17' title='bbox 445 850 540 922; x_wconf 84' lang='lat' dir='ltr'><strong>daeos</strong></span> <span class='ocrx_word' id='word_1_18' title='bbox 551 853 587 922; x_wconf 91' lang='lat' dir='ltr'><strong>iu</strong></span> <span class='ocrx_word' id='word_1_19' title='bbox 602 851 771 922; x_wconf 85' lang='lat' dir='ltr'><strong>invidiam</strong></span> <span class='ocrx_word' id='word_1_20' title='bbox 785 851 1004 943; x_wconf 89' lang='lat' dir='ltr'><strong>accendens,</strong></span> <span class='ocrx_word' id='word_1_21' title='bbox 1020 856 1116 952; x_wconf 86' lang='lat' dir='ltr'><strong>ipsos</strong></span> <span class='ocrx_word' id='word_1_22' title='bbox 1134 852 1260 924; x_wconf 90' lang='lat' dir='ltr'><strong>adhoc</strong></span> <span class='ocrx_word' id='word_1_23' title='bbox 1272 854 1469 950; x_wconf 89' lang='lat' dir='ltr'><strong>commovit</strong></span> <span class='ocrx_word' id='word_1_24' title='bbox 1487 868 1527 924; x_wconf 90' lang='lat' dir='ltr'><strong>ut</strong></span> <span class='ocrx_word' id='word_1_25' title='bbox 1539 877 1621 925; x_wconf 91' lang='lat' dir='ltr'><strong>eum</strong></span> <span class='ocrx_word' id='word_1_26' title='bbox 1635 851 1893 950; x_wconf 84' lang='lat' dir='ltr'><strong>crucifigerent.</strong></span> <span class='ocrx_word' id='word_1_27' title='bbox 1914 856 2020 940; x_wconf 87' lang='lat' dir='ltr'><strong>Quod</strong></span> 
     </span>
     <span class='ocr_line' id='line_1_4' title="bbox 445 964 2021 1070; baseline 0.003 -30"><span class='ocrx_word' id='word_1_28' title='bbox 445 994 670 1066; x_wconf 79' lang='lat' dir='ltr'><strong>nequaquam</strong></span> <span class='ocrx_word' id='word_1_29' title='bbox 695 971 825 1042; x_wconf 86' lang='lat' dir='ltr'><strong>factum</strong></span> <span class='ocrx_word' id='word_1_30' title='bbox 843 985 974 1070; x_wconf 66' lang='lat' dir='ltr'><strong>estper</strong></span> <span class='ocrx_word' id='word_1_31' title='bbox 993 972 1135 1045; x_wconf 92' lang='lat' dir='ltr'><strong>illorum</strong></span> <span class='ocrx_word' id='word_1_32' title='bbox 1155 973 1396 1059; x_wconf 81' lang='lat' dir='ltr'><strong>coactionem,</strong></span> <span class='ocrx_word' id='word_1_33' title='bbox 1418 971 1480 1043; x_wconf 89' lang='lat' dir='ltr'><strong>sed</strong></span> <span class='ocrx_word' id='word_1_34' title='bbox 1504 971 1752 1044; x_wconf 87' lang='lat' dir='ltr'><strong>tantummodo</strong></span> <span class='ocrx_word' id='word_1_35' title='bbox 1768 997 1834 1070; x_wconf 90' lang='lat' dir='ltr'><strong>per</strong></span> <span class='ocrx_word' id='word_1_36' title='bbox 1844 973 1921 1068; x_wconf 93' lang='lat' dir='ltr'><strong>ejus</strong></span> <span class='ocrx_word' id='word_1_37' title='bbox 1934 964 2021 1070; x_wconf 60' lang='lat' dir='ltr'><strong>⁸prte-</strong></span> 
     </span>
     <span class='ocr_line' id='line_1_5' title="bbox 444 1090 2020 1189; baseline 0.003 -31"><span class='ocrx_word' id='word_1_38' title='bbox 444 1091 661 1174; x_wconf 87' lang='lat' dir='ltr'><strong>missionem,</strong></span> <span class='ocrx_word' id='word_1_39' title='bbox 674 1105 780 1184; x_wconf 91' lang='lat' dir='ltr'><strong>atque</strong></span> <span class='ocrx_word' id='word_1_40' title='bbox 790 1091 960 1187; x_wconf 88' lang='lat' dir='ltr'><strong>optimam</strong></span> <span class='ocrx_word' id='word_1_41' title='bbox 972 1092 1080 1188; x_wconf 88' lang='lat' dir='ltr'><strong>ipsius</strong></span> <span class='ocrx_word' id='word_1_42' title='bbox 1091 1090 1404 1188; x_wconf 85' lang='lat' dir='ltr'><strong>dispensationem.</strong></span> <span class='ocrx_word' id='word_1_43' title='bbox 1415 1095 1493 1188; x_wconf 89' lang='lat' dir='ltr'><strong>lpse</strong></span> <span class='ocrx_word' id='word_1_44' title='bbox 1501 1091 1634 1189; x_wconf 91' lang='lat' dir='ltr'><strong>quippe</strong></span> <span class='ocrx_word' id='word_1_45' title='bbox 1645 1107 1697 1164; x_wconf 89' lang='lat' dir='ltr'><strong>est</strong></span> <span class='ocrx_word' id='word_1_46' title='bbox 1709 1091 1771 1188; x_wconf 92' lang='lat' dir='ltr'><strong>qui</strong></span> <span class='ocrx_word' id='word_1_47' title='bbox 1783 1092 1862 1162; x_wconf 87' lang='lat' dir='ltr'><strong>ait¹:</strong></span> <span class='ocrx_word' id='word_1_48' title='bbox 1882 1095 2020 1162; x_wconf 84' lang='lat' dir='ltr'><strong>«Nemo</strong></span> 
     </span>
     <span class='ocr_line' id='line_1_6' title="bbox 442 1208 2020 1307; baseline 0.003 -29"><span class='ocrx_word' id='word_1_49' title='bbox 442 1208 533 1278; x_wconf 90' lang='lat' dir='ltr'><strong>tollit</strong></span> <span class='ocrx_word' id='word_1_50' title='bbox 547 1233 567 1278; x_wconf 93' lang='lat' dir='ltr'><strong>a</strong></span> <span class='ocrx_word' id='word_1_51' title='bbox 583 1233 640 1280; x_wconf 92' lang='lat' dir='ltr'><strong>me</strong></span> <span class='ocrx_word' id='word_1_52' title='bbox 653 1209 808 1278; x_wconf 87' lang='lat' dir='ltr'><strong>animam</strong></span> <span class='ocrx_word' id='word_1_53' title='bbox 826 1234 959 1299; x_wconf 89' lang='lat' dir='ltr'><strong>meam,</strong></span> <span class='ocrx_word' id='word_1_54' title='bbox 980 1209 1044 1282; x_wconf 91' lang='lat' dir='ltr'><strong>sed</strong></span> <span class='ocrx_word' id='word_1_55' title='bbox 1058 1235 1123 1305; x_wconf 86' lang='lat' dir='ltr'><strong>ego</strong></span> <span class='ocrx_word' id='word_1_56' title='bbox 1134 1233 1232 1307; x_wconf 91' lang='lat' dir='ltr'><strong>pono</strong></span> <span class='ocrx_word' id='word_1_57' title='bbox 1244 1233 1335 1280; x_wconf 90' lang='lat' dir='ltr'><strong>eam.</strong></span> <span class='ocrx_word' id='word_1_58' title='bbox 1351 1237 1369 1276; x_wconf 79' lang='lat' dir='ltr'><strong>a</strong></span> <span class='ocrx_word' id='word_1_59' title='bbox 1386 1213 1430 1280; x_wconf 87' lang='lat' dir='ltr'><strong>Et</strong></span> <span class='ocrx_word' id='word_1_60' title='bbox 1442 1214 1601 1281; x_wconf 78' lang='lat' dir='ltr'><strong>rursum&#39;</strong></span> <span class='ocrx_word' id='word_1_61' title='bbox 1615 1237 1622 1280; x_wconf 74' lang='grc' dir='ltr'><strong>ε</strong></span> <span class='ocrx_word' id='word_1_62' title='bbox 1647 1239 1664 1278; x_wconf 79' lang='lat' dir='ltr'><strong>r</strong></span> <span class='ocrx_word' id='word_1_63' title='bbox 1681 1215 1892 1284; x_wconf 86' lang='lat' dir='ltr'><strong>Potestatem</strong></span> <span class='ocrx_word' id='word_1_64' title='bbox 1905 1209 2020 1282; x_wconf 89' lang='lat' dir='ltr'><strong>habeo</strong></span> 
     </span>
     <span class='ocr_line' id='line_1_7' title="bbox 442 1327 2021 1433; baseline 0.003 -37"><span class='ocrx_word' id='word_1_65' title='bbox 442 1327 601 1424; x_wconf 90' lang='lat' dir='ltr'><strong>ponendi</strong></span> <span class='ocrx_word' id='word_1_66' title='bbox 617 1327 772 1398; x_wconf 90' lang='lat' dir='ltr'><strong>animam</strong></span> <span class='ocrx_word' id='word_1_67' title='bbox 789 1331 926 1414; x_wconf 72' lang='lat' dir='ltr'><strong>meam,</strong></span> <span class='ocrx_word' id='word_1_68' title='bbox 945 1345 1012 1400; x_wconf 90' lang='lat' dir='ltr'><strong>etc.</strong></span> <span class='ocrx_word' id='word_1_69' title='bbox 1027 1358 1044 1394; x_wconf 72' lang='grc' dir='ltr'><strong>υ</strong></span> <span class='ocrx_word' id='word_1_70' title='bbox 1066 1327 1201 1433; x_wconf 77' lang='lat' dir='ltr'><strong>Ferculi</strong></span> <span class='ocrx_word' id='word_1_71' title='bbox 1219 1327 1403 1399; x_wconf 88' lang='lat' dir='ltr'><strong>columnas</strong></span> <span class='ocrx_word' id='word_1_72' title='bbox 1421 1328 1497 1424; x_wconf 89' lang='lat' dir='ltr'><strong>ipse</strong></span> <span class='ocrx_word' id='word_1_73' title='bbox 1511 1327 1606 1400; x_wconf 89' lang='lat' dir='ltr'><strong>idem</strong></span> <span class='ocrx_word' id='word_1_74' title='bbox 1623 1328 1703 1399; x_wconf 79' lang='lat' dir='ltr'><strong>lecit</strong></span> <span class='ocrx_word' id='word_1_75' title='bbox 1721 1343 1923 1424; x_wconf 83' lang='lat' dir='ltr'><strong>argenteas,</strong></span> <span class='ocrx_word' id='word_1_76' title='bbox 1943 1353 2021 1424; x_wconf 89' lang='lat' dir='ltr'><strong>quae</strong></span> 
     </span>
     <span class='ocr_line' id='line_1_8' title="bbox 441 1445 2020 1544; baseline 0.004 -30"><span class='ocrx_word' id='word_1_77' title='bbox 441 1460 523 1516; x_wconf 91' lang='lat' dir='ltr'><strong>sunt</strong></span> <span class='ocrx_word' id='word_1_78' title='bbox 540 1445 741 1544; x_wconf 82' lang='lat' dir='ltr'><strong>apostolicae</strong></span> <span class='ocrx_word' id='word_1_79' title='bbox 758 1445 1017 1543; x_wconf 76' lang='lat' dir='ltr'><strong>praedicationis</strong></span> <span class='ocrx_word' id='word_1_80' title='bbox 1042 1445 1199 1541; x_wconf 90' lang='lat' dir='ltr'><strong>eloquia,</strong></span> <span class='ocrx_word' id='word_1_81' title='bbox 1221 1460 1256 1516; x_wconf 88' lang='lat' dir='ltr'><strong>et</strong></span> <span class='ocrx_word' id='word_1_82' title='bbox 1273 1445 1320 1516; x_wconf 92' lang='lat' dir='ltr'><strong>de</strong></span> <span class='ocrx_word' id='word_1_83' title='bbox 1341 1469 1403 1517; x_wconf 88' lang='lat' dir='ltr'><strong>ore</strong></span> <span class='ocrx_word' id='word_1_84' title='bbox 1426 1447 1535 1542; x_wconf 91' lang='lat' dir='ltr'><strong>ipsius</strong></span> <span class='ocrx_word' id='word_1_85' title='bbox 1554 1461 1697 1544; x_wconf 85' lang='lat' dir='ltr'><strong>accepta</strong></span> <span class='ocrx_word' id='word_1_86' title='bbox 1718 1445 1946 1518; x_wconf 89' lang='lat' dir='ltr'><strong>documenta.</strong></span> <span class='ocrx_word' id='word_1_87' title='bbox 1968 1451 2020 1520; x_wconf 86' lang='lat' dir='ltr'><strong>De</strong></span> 
     </span>
     <span class='ocr_line' id='line_1_9' title="bbox 442 1564 2021 1662; baseline 0.002 -29"><span class='ocrx_word' id='word_1_88' title='bbox 442 1564 570 1660; x_wconf 91' lang='lat' dir='ltr'><strong>quibus</strong></span> <span class='ocrx_word' id='word_1_89' title='bbox 590 1565 738 1662; x_wconf 85' lang='lat' dir='ltr'><strong>eloquiis</strong></span> <span class='ocrx_word' id='word_1_90' title='bbox 759 1565 937 1636; x_wconf 85' lang='lat' dir='ltr'><strong>Psalmista</strong></span> <span class='ocrx_word' id='word_1_91' title='bbox 964 1565 1214 1662; x_wconf 79' lang='lat' dir='ltr'><strong>praedixierat⁸z</strong></span> <span class='ocrx_word' id='word_1_92' title='bbox 1241 1564 1423 1661; x_wconf 85' lang='lat' dir='ltr'><strong>«Eloquia</strong></span> <span class='ocrx_word' id='word_1_93' title='bbox 1444 1567 1589 1635; x_wconf 89' lang='lat' dir='ltr'><strong>Domini</strong></span> <span class='ocrx_word' id='word_1_94' title='bbox 1607 1564 1747 1662; x_wconf 89' lang='lat' dir='ltr'><strong>eloquia</strong></span> <span class='ocrx_word' id='word_1_95' title='bbox 1765 1579 1878 1654; x_wconf 88' lang='lat' dir='ltr'><strong>casta,</strong></span> <span class='ocrx_word' id='word_1_96' title='bbox 1898 1589 2021 1662; x_wconf 84' lang='lat' dir='ltr'><strong>argen-</strong></span> 
     </span>
     <span class='ocr_line' id='line_1_10' title="bbox 442 1681 2019 1780; baseline 0.001 -26"><span class='ocrx_word' id='word_1_97' title='bbox 442 1699 518 1754; x_wconf 91' lang='lat' dir='ltr'><strong>tum</strong></span> <span class='ocrx_word' id='word_1_98' title='bbox 532 1686 611 1780; x_wconf 85' lang='lat' dir='ltr'><strong>igne</strong></span> <span class='ocrx_word' id='word_1_99' title='bbox 624 1685 901 1756; x_wconf 86' lang='lat' dir='ltr'><strong>examinatum.»</strong></span> <span class='ocrx_word' id='word_1_100' title='bbox 911 1689 1013 1755; x_wconf 86' lang='lat' dir='ltr'><strong>Casta</strong></span> <span class='ocrx_word' id='word_1_101' title='bbox 1026 1681 1360 1780; x_wconf 75' lang='lat' dir='ltr'><strong>eorumpraedicatio</strong></span> <span class='ocrx_word' id='word_1_102' title='bbox 1370 1683 1511 1770; x_wconf 88' lang='lat' dir='ltr'><strong>dicitur,</strong></span> <span class='ocrx_word' id='word_1_103' title='bbox 1526 1684 1608 1780; x_wconf 90' lang='lat' dir='ltr'><strong>quia</strong></span> <span class='ocrx_word' id='word_1_104' title='bbox 1623 1684 1818 1754; x_wconf 88' lang='lat' dir='ltr'><strong>sicutunus</strong></span> <span class='ocrx_word' id='word_1_105' title='bbox 1832 1707 1957 1754; x_wconf 87' lang='lat' dir='ltr'><strong>eomm</strong></span> <span class='ocrx_word' id='word_1_106' title='bbox 1968 1683 2019 1755; x_wconf 92' lang='lat' dir='ltr'><strong>di-</strong></span> 
     </span>
     <span class='ocr_line' id='line_1_11' title="bbox 382 1801 2020 1899; baseline -0.001 -26"><span class='ocrx_word' id='word_1_107' title='bbox 382 1869 396 1889; x_wconf 79' lang='grc'><em>,</em></span> <span class='ocrx_word' id='word_1_108' title='bbox 443 1806 507 1892; x_wconf 91' lang='lat' dir='ltr'><strong>cit,</strong></span> <span class='ocrx_word' id='word_1_109' title='bbox 527 1819 714 1877; x_wconf 87' lang='lat' dir='ltr'><strong>nouerant</strong></span> <span class='ocrx_word' id='word_1_110' title='bbox 732 1803 969 1874; x_wconf 87' lang='lat' dir='ltr'><strong>adulterantes</strong></span> <span class='ocrx_word' id='word_1_111' title='bbox 985 1802 1132 1874; x_wconf 89' lang='lat' dir='ltr'><strong>verbum</strong></span> <span class='ocrx_word' id='word_1_112' title='bbox 1150 1803 1232 1890; x_wconf 91' lang='lat' dir='ltr'><strong>Dei,</strong></span> <span class='ocrx_word' id='word_1_113' title='bbox 1248 1802 1330 1898; x_wconf 91' lang='lat' dir='ltr'><strong>quia</strong></span> <span class='ocrx_word' id='word_1_114' title='bbox 1348 1801 1634 1899; x_wconf 67' lang='lat' dir='ltr'><strong>pradicationem</strong></span> <span class='ocrx_word' id='word_1_115' title='bbox 1650 1824 1750 1873; x_wconf 88' lang='lat' dir='ltr'><strong>suam</strong></span> <span class='ocrx_word' id='word_1_116' title='bbox 1767 1802 1873 1897; x_wconf 79' lang='lat' dir='ltr'><strong>gratis</strong></span> <span class='ocrx_word' id='word_1_117' title='bbox 1888 1803 2020 1897; x_wconf 86' lang='lat' dir='ltr'><strong>impen-</strong></span> 
     </span>
     <span class='ocr_line' id='line_1_12' title="bbox 442 1918 2017 2018; baseline 0 -28"><span class='ocrx_word' id='word_1_118' title='bbox 442 1922 603 1992; x_wconf 89' lang='lat' dir='ltr'><strong>debant:</strong></span> <span class='ocrx_word' id='word_1_119' title='bbox 625 1946 699 1991; x_wconf 90' lang='lat' dir='ltr'><strong>non</strong></span> <span class='ocrx_word' id='word_1_120' title='bbox 724 1946 785 2018; x_wconf 89' lang='lat' dir='ltr'><strong>spe</strong></span> <span class='ocrx_word' id='word_1_121' title='bbox 805 1921 951 2015; x_wconf 89' lang='lat' dir='ltr'><strong>alicujus</strong></span> <span class='ocrx_word' id='word_1_122' title='bbox 974 1922 1103 1991; x_wconf 91' lang='lat' dir='ltr'><strong>terreni</strong></span> <span class='ocrx_word' id='word_1_123' title='bbox 1130 1919 1219 1991; x_wconf 91' lang='lat' dir='ltr'><strong>lucri</strong></span> <span class='ocrx_word' id='word_1_124' title='bbox 1245 1918 1398 1991; x_wconf 89' lang='lat' dir='ltr'><strong>vendere</strong></span> <span class='ocrx_word' id='word_1_125' title='bbox 1423 1919 1669 2008; x_wconf 86' lang='lat' dir='ltr'><strong>intendebant,</strong></span> <span class='ocrx_word' id='word_1_126' title='bbox 1693 1943 1760 1990; x_wconf 92' lang='lat' dir='ltr'><strong>nec</strong></span> <span class='ocrx_word' id='word_1_127' title='bbox 1781 1945 1819 1990; x_wconf 87' lang='lat' dir='ltr'><strong>se</strong></span> <span class='ocrx_word' id='word_1_128' title='bbox 1840 1921 1876 1990; x_wconf 92' lang='lat' dir='ltr'><strong>in</strong></span> <span class='ocrx_word' id='word_1_129' title='bbox 1906 1921 2017 2016; x_wconf 90' lang='lat' dir='ltr'><strong>pretio</strong></span> 
     </span>
     <span class='ocr_line' id='line_1_13' title="bbox 443 2036 2017 2135; baseline 0 -27"><span class='ocrx_word' id='word_1_130' title='bbox 443 2063 543 2110; x_wconf 93' lang='lat' dir='ltr'><strong>more</strong></span> <span class='ocrx_word' id='word_1_131' title='bbox 557 2038 795 2110; x_wconf 89' lang='lat' dir='ltr'><strong>adulterarum</strong></span> <span class='ocrx_word' id='word_1_132' title='bbox 809 2039 881 2109; x_wconf 89' lang='lat' dir='ltr'><strong>sive</strong></span> <span class='ocrx_word' id='word_1_133' title='bbox 894 2038 1118 2109; x_wconf 84' lang='lat' dir='ltr'><strong>meretricum</strong></span> <span class='ocrx_word' id='word_1_134' title='bbox 1135 2036 1328 2135; x_wconf 90' lang='lat' dir='ltr'><strong>ponebant.</strong></span> <span class='ocrx_word' id='word_1_135' title='bbox 1346 2043 1518 2132; x_wconf 84' lang='lat' dir='ltr'><strong>Argentea</strong></span> <span class='ocrx_word' id='word_1_136' title='bbox 1532 2037 1699 2109; x_wconf 90' lang='lat' dir='ltr'><strong>dicuntur</strong></span> <span class='ocrx_word' id='word_1_137' title='bbox 1717 2037 1919 2134; x_wconf 71' lang='lat' dir='ltr'><strong>apostolicae</strong></span> <span class='ocrx_word' id='word_1_138' title='bbox 1936 2063 2017 2134; x_wconf 62' lang='lat' dir='ltr'><strong>pra</strong></span> 
     </span>
     <span class='ocr_line' id='line_1_14' title="bbox 442 2153 2019 2251; baseline 0 -25"><span class='ocrx_word' id='word_1_139' title='bbox 442 2155 626 2226; x_wconf 88' lang='lat' dir='ltr'><strong>dicationis</strong></span> <span class='ocrx_word' id='word_1_140' title='bbox 646 2156 770 2242; x_wconf 92' lang='lat' dir='ltr'><strong>verba,</strong></span> <span class='ocrx_word' id='word_1_141' title='bbox 791 2157 872 2251; x_wconf 86' lang='lat' dir='ltr'><strong>quia</strong></span> <span class='ocrx_word' id='word_1_142' title='bbox 892 2155 1084 2226; x_wconf 84' lang='lat' dir='ltr'><strong>claritatem</strong></span> <span class='ocrx_word' id='word_1_143' title='bbox 1100 2153 1234 2226; x_wconf 88' lang='lat' dir='ltr'><strong>habent</strong></span> <span class='ocrx_word' id='word_1_144' title='bbox 1247 2153 1500 2250; x_wconf 74' lang='lat' dir='ltr'><strong>intelligentia,</strong></span> <span class='ocrx_word' id='word_1_145' title='bbox 1520 2178 1594 2225; x_wconf 92' lang='lat' dir='ltr'><strong>non</strong></span> <span class='ocrx_word' id='word_1_146' title='bbox 1614 2153 1865 2226; x_wconf 87' lang='lat' dir='ltr'><strong>obscuritatem</strong></span> <span class='ocrx_word' id='word_1_147' title='bbox 1877 2153 2019 2226; x_wconf 87' lang='lat' dir='ltr'><strong>velami-</strong></span> 
     </span>
     <span class='ocr_line' id='line_1_15' title="bbox 442 2264 2056 2372; baseline 0.001 -28"><span class='ocrx_word' id='word_1_148' title='bbox 442 2264 513 2362; x_wconf 85' lang='lat' dir='ltr'><strong>riis,</strong></span> <span class='ocrx_word' id='word_1_149' title='bbox 531 2276 620 2346; x_wconf 93' lang='lat' dir='ltr'><strong>sicut</strong></span> <span class='ocrx_word' id='word_1_150' title='bbox 633 2275 689 2346; x_wconf 88' lang='lat' dir='ltr'><strong>lex</strong></span> <span class='ocrx_word' id='word_1_151' title='bbox 702 2289 737 2345; x_wconf 89' lang='lat' dir='ltr'><strong>et</strong></span> <span class='ocrx_word' id='word_1_152' title='bbox 755 2274 968 2372; x_wconf 86' lang='lat' dir='ltr'><strong>prophetiae,</strong></span> <span class='ocrx_word' id='word_1_153' title='bbox 985 2298 1063 2371; x_wconf 88' lang='lat' dir='ltr'><strong>quae</strong></span> <span class='ocrx_word' id='word_1_154' title='bbox 1077 2273 1231 2368; x_wconf 88' lang='lat' dir='ltr'><strong>mysticis</strong></span> <span class='ocrx_word' id='word_1_155' title='bbox 1250 2274 1359 2369; x_wconf 84' lang='lat' dir='ltr'><strong>magis</strong></span> <span class='ocrx_word' id='word_1_156' title='bbox 1372 2296 1480 2369; x_wconf 88' lang='lat' dir='ltr'><strong>quam</strong></span> <span class='ocrx_word' id='word_1_157' title='bbox 1494 2273 1622 2371; x_wconf 85' lang='lat' dir='ltr'><strong>apertis</strong></span> <span class='ocrx_word' id='word_1_158' title='bbox 1637 2287 1785 2345; x_wconf 89' lang='lat' dir='ltr'><strong>utuntur</strong></span> <span class='ocrx_word' id='word_1_159' title='bbox 1801 2272 1927 2345; x_wconf 90' lang='lat' dir='ltr'><strong>verbis.</strong></span> <span class='ocrx_word' id='word_1_160' title='bbox 1941 2279 2018 2346; x_wconf 81' lang='lat' dir='ltr'><strong>llaec</strong></span> <span class='ocrx_word' id='word_1_161' title='bbox 2045 2345 2056 2372; x_wconf 58' lang='lat'><strong>,</strong></span> 
     </span>
     <span class='ocr_line' id='line_1_16' title="bbox 442 2389 2018 2490; baseline 0.003 -30"><span class='ocrx_word' id='word_1_162' title='bbox 442 2409 611 2490; x_wconf 89' lang='lat' dir='ltr'><strong>tanquam</strong></span> <span class='ocrx_word' id='word_1_163' title='bbox 623 2394 798 2463; x_wconf 83' lang='lat' dir='ltr'><strong>celumnae</strong></span> <span class='ocrx_word' id='word_1_164' title='bbox 809 2392 978 2463; x_wconf 75' lang='lat' dir='ltr'><strong>ferculum</strong></span> <span class='ocrx_word' id='word_1_165' title='bbox 992 2407 1206 2480; x_wconf 88' lang='lat' dir='ltr'><strong>sustentant,</strong></span> <span class='ocrx_word' id='word_1_166' title='bbox 1224 2406 1259 2462; x_wconf 88' lang='lat' dir='ltr'><strong>et</strong></span> <span class='ocrx_word' id='word_1_167' title='bbox 1271 2391 1490 2463; x_wconf 88' lang='lat' dir='ltr'><strong>dominicam</strong></span> <span class='ocrx_word' id='word_1_168' title='bbox 1508 2415 1651 2464; x_wconf 92' lang='lat' dir='ltr'><strong>crucem</strong></span> <span class='ocrx_word' id='word_1_169' title='bbox 1664 2389 1912 2481; x_wconf 88' lang='lat' dir='ltr'><strong>corroborant,</strong></span> <span class='ocrx_word' id='word_1_170' title='bbox 1934 2392 2018 2464; x_wconf 91' lang='lat' dir='ltr'><strong>dum</strong></span> 
     </span>
     <span class='ocr_line' id='line_1_17' title="bbox 440 2495 2017 2610; baseline 0 -28"><span class='ocrx_word' id='word_1_171' title='bbox 440 2495 613 2610; x_wconf 81' lang='lat' dir='ltr'><strong>passionis</strong></span> <span class='ocrx_word' id='word_1_172' title='bbox 630 2512 817 2583; x_wconf 76' lang='lat' dir='ltr'><strong>dominica</strong></span> <span class='ocrx_word' id='word_1_173' title='bbox 830 2513 944 2582; x_wconf 90' lang='lat' dir='ltr'><strong>crucis</strong></span> <span class='ocrx_word' id='word_1_174' title='bbox 960 2513 1125 2582; x_wconf 89' lang='lat' dir='ltr'><strong>virtutem</strong></span> <span class='ocrx_word' id='word_1_175' title='bbox 1138 2512 1363 2582; x_wconf 88' lang='lat' dir='ltr'><strong>annuntiant.</strong></span> <span class='ocrx_word' id='word_1_176' title='bbox 1378 2515 1421 2580; x_wconf 89' lang='lat' dir='ltr'><strong>Et</strong></span> <span class='ocrx_word' id='word_1_177' title='bbox 1432 2509 1532 2607; x_wconf 91' lang='lat' dir='ltr'><strong>quod</strong></span> <span class='ocrx_word' id='word_1_178' title='bbox 1546 2509 1672 2583; x_wconf 88' lang='lat' dir='ltr'><strong>dicunt</strong></span> <span class='ocrx_word' id='word_1_179' title='bbox 1681 2509 2017 2604; x_wconf 77' lang='lat' dir='ltr'><strong>eduxerunr.‚tJnde</strong></span> 
     </span>
     <span class='ocr_line' id='line_1_18' title="bbox 441 2621 2020 2729; baseline 0 -29"><span class='ocrx_word' id='word_1_180' title='bbox 441 2631 533 2703; x_wconf 88' lang='lat' dir='ltr'><strong>bene</strong></span> <span class='ocrx_word' id='word_1_181' title='bbox 552 2655 615 2729; x_wconf 90' lang='lat' dir='ltr'><strong>per</strong></span> <span class='ocrx_word' id='word_1_182' title='bbox 632 2631 874 2704; x_wconf 89' lang='lat' dir='ltr'><strong>excellentiam</strong></span> <span class='ocrx_word' id='word_1_183' title='bbox 890 2631 1032 2727; x_wconf 87' lang='lat' dir='ltr'><strong>eloquia</strong></span> <span class='ocrx_word' id='word_1_184' title='bbox 1045 2630 1225 2718; x_wconf 91' lang='lat' dir='ltr'><strong>dicuntur,</strong></span> <span class='ocrx_word' id='word_1_185' title='bbox 1242 2631 1342 2727; x_wconf 91' lang='lat' dir='ltr'><strong>quasi</strong></span> <span class='ocrx_word' id='word_1_186' title='bbox 1356 2644 1452 2700; x_wconf 90' lang='lat' dir='ltr'><strong>extra</strong></span> <span class='ocrx_word' id='word_1_187' title='bbox 1471 2644 1612 2700; x_wconf 86' lang='lat' dir='ltr'><strong>caeteras</strong></span> <span class='ocrx_word' id='word_1_188' title='bbox 1624 2621 1731 2700; x_wconf 67' lang='lat' dir='ltr'><strong>satdrae</strong></span> <span class='ocrx_word' id='word_1_189' title='bbox 1742 2628 1912 2701; x_wconf 85' lang='lat' dir='ltr'><strong>doctrinae</strong></span> <span class='ocrx_word' id='word_1_190' title='bbox 1926 2631 2020 2702; x_wconf 91' lang='lat' dir='ltr'><strong>locu-</strong></span> 
     </span>
     <span class='ocr_line' id='line_1_19' title="bbox 443 2745 2019 2844; baseline 0 -26"><span class='ocrx_word' id='word_1_191' title='bbox 443 2749 575 2838; x_wconf 88' lang='lat' dir='ltr'><strong>tiones,</strong></span> <span class='ocrx_word' id='word_1_192' title='bbox 596 2749 725 2844; x_wconf 91' lang='lat' dir='ltr'><strong>quibus</strong></span> <span class='ocrx_word' id='word_1_193' title='bbox 739 2765 822 2820; x_wconf 90' lang='lat' dir='ltr'><strong>sunt</strong></span> <span class='ocrx_word' id='word_1_194' title='bbox 835 2773 877 2820; x_wconf 90' lang='lat' dir='ltr'><strong>ex</strong></span> <span class='ocrx_word' id='word_1_195' title='bbox 896 2748 1044 2820; x_wconf 89' lang='lat' dir='ltr'><strong>utilitate</strong></span> <span class='ocrx_word' id='word_1_196' title='bbox 1057 2749 1163 2844; x_wconf 86' lang='lat' dir='ltr'><strong>longe</strong></span> <span class='ocrx_word' id='word_1_197' title='bbox 1176 2746 1452 2819; x_wconf 90' lang='lat' dir='ltr'><strong>commodiores.</strong></span> <span class='ocrx_word' id='word_1_198' title='bbox 1473 2747 1600 2817; x_wconf 91' lang='lat' dir='ltr'><strong>Omnis</strong></span> <span class='ocrx_word' id='word_1_199' title='bbox 1614 2747 1748 2844; x_wconf 88' lang='lat' dir='ltr'><strong>quippe</strong></span> <span class='ocrx_word' id='word_1_200' title='bbox 1760 2745 1893 2818; x_wconf 89' lang='lat' dir='ltr'><strong>locutio</strong></span> <span class='ocrx_word' id='word_1_201' title='bbox 1908 2747 1954 2821; x_wconf 89' lang='lat' dir='ltr'><strong>ad</strong></span> <span class='ocrx_word' id='word_1_202' title='bbox 1967 2749 2019 2819; x_wconf 91' lang='lat' dir='ltr'><strong>in·</strong></span> 
     </span>
     <span class='ocr_line' id='line_1_20' title="bbox 440 2863 2020 2963; baseline 0.001 -28"><span class='ocrx_word' id='word_1_203' title='bbox 440 2867 666 2962; x_wconf 85' lang='lat' dir='ltr'><strong>telligentiam</strong></span> <span class='ocrx_word' id='word_1_204' title='bbox 686 2882 737 2937; x_wconf 89' lang='lat' dir='ltr'><strong>est</strong></span> <span class='ocrx_word' id='word_1_205' title='bbox 756 2865 1046 2954; x_wconf 87' lang='lat' dir='ltr'><strong>accommodata,</strong></span> <span class='ocrx_word' id='word_1_206' title='bbox 1068 2881 1103 2936; x_wconf 88' lang='lat' dir='ltr'><strong>et</strong></span> <span class='ocrx_word' id='word_1_207' title='bbox 1121 2880 1268 2963; x_wconf 90' lang='lat' dir='ltr'><strong>propter</strong></span> <span class='ocrx_word' id='word_1_208' title='bbox 1291 2889 1370 2936; x_wconf 91' lang='lat' dir='ltr'><strong>eam</strong></span> <span class='ocrx_word' id='word_1_209' title='bbox 1389 2865 1427 2935; x_wconf 92' lang='lat' dir='ltr'><strong>in</strong></span> <span class='ocrx_word' id='word_1_210' title='bbox 1446 2863 1608 2936; x_wconf 90' lang='lat' dir='ltr'><strong>auditore</strong></span> <span class='ocrx_word' id='word_1_211' title='bbox 1628 2863 1826 2935; x_wconf 88' lang='lat' dir='ltr'><strong>faciendam</strong></span> <span class='ocrx_word' id='word_1_212' title='bbox 1846 2865 1951 2949; x_wconf 81' lang='lat' dir='ltr'><strong>etiam</strong></span> <span class='ocrx_word' id='word_1_213' title='bbox 1972 2891 2020 2936; x_wconf 91' lang='lat' dir='ltr'><strong>re-</strong></span> 
     </span>
     <span class='ocr_line' id='line_1_21' title="bbox 439 2979 2016 3084; baseline -0.002 -28"><span class='ocrx_word' id='word_1_214' title='bbox 439 2999 559 3082; x_wconf 89' lang='lat' dir='ltr'><strong>perta,</strong></span> <span class='ocrx_word' id='word_1_215' title='bbox 577 3000 611 3056; x_wconf 91' lang='lat' dir='ltr'><strong>et</strong></span> <span class='ocrx_word' id='word_1_216' title='bbox 623 2985 669 3057; x_wconf 88' lang='lat' dir='ltr'><strong>ad</strong></span> <span class='ocrx_word' id='word_1_217' title='bbox 681 2985 752 3055; x_wconf 92' lang='lat' dir='ltr'><strong>hoc</strong></span> <span class='ocrx_word' id='word_1_218' title='bbox 767 3009 878 3056; x_wconf 90' lang='lat' dir='ltr'><strong>unum</strong></span> <span class='ocrx_word' id='word_1_219' title='bbox 899 2985 1069 3056; x_wconf 87' lang='lat' dir='ltr'><strong>instituta.</strong></span> <span class='ocrx_word' id='word_1_220' title='bbox 1086 2983 1258 3070; x_wconf 87' lang='lat' dir='ltr'><strong>Quaelibet</strong></span> <span class='ocrx_word' id='word_1_221' title='bbox 1273 2985 1391 3084; x_wconf 83' lang='lat' dir='ltr'><strong>itaque</strong></span> <span class='ocrx_word' id='word_1_222' title='bbox 1405 2982 1513 3054; x_wconf 91' lang='lat' dir='ltr'><strong>verba</strong></span> <span class='ocrx_word' id='word_1_223' title='bbox 1527 3007 1600 3079; x_wconf 91' lang='lat' dir='ltr'><strong>quo</strong></span> <span class='ocrx_word' id='word_1_224' title='bbox 1619 2979 1891 3078; x_wconf 85' lang='lat' dir='ltr'><strong>intelligibiliora</strong></span> <span class='ocrx_word' id='word_1_225' title='bbox 1916 2998 2016 3070; x_wconf 89' lang='lat' dir='ltr'><strong>sunt,</strong></span> 
     </span>
     <span class='ocr_line' id='line_1_22' title="bbox 440 3099 1860 3201; baseline -0.003 -28"><span class='ocrx_word' id='word_1_226' title='bbox 440 3117 475 3173; x_wconf 91' lang='lat' dir='ltr'><strong>et</strong></span> <span class='ocrx_word' id='word_1_227' title='bbox 488 3105 535 3173; x_wconf 90' lang='lat' dir='ltr'><strong>ita</strong></span> <span class='ocrx_word' id='word_1_228' title='bbox 551 3103 649 3199; x_wconf 92' lang='lat' dir='ltr'><strong>quod</strong></span> <span class='ocrx_word' id='word_1_229' title='bbox 662 3103 793 3174; x_wconf 86' lang='lat' dir='ltr'><strong>debent</strong></span> <span class='ocrx_word' id='word_1_230' title='bbox 805 3103 915 3198; x_wconf 84' lang='lat' dir='ltr'><strong>magis</strong></span> <span class='ocrx_word' id='word_1_231' title='bbox 928 3102 1105 3190; x_wconf 85' lang='lat' dir='ltr'><strong>elliciunt,</strong></span> <span class='ocrx_word' id='word_1_232' title='bbox 1127 3099 1751 3201; x_wconf 83' lang='lat' dir='ltr'><strong>caeterisutiquepraeponendasunt.</strong></span> <span class='ocrx_word' id='word_1_233' title='bbox 1858 3111 1860 3116; x_wconf 85' lang='lat'>&#39;</span> 
     </span>
    </p>

    <p class='ocr_par' dir='ltr' id='par_1_3' title="bbox 341 3218 2022 4856">
     <span class='ocr_line' id='line_1_23' title="bbox 372 3218 2022 3318; baseline -0.001 -28"><span class='ocrx_word' id='word_1_234' title='bbox 372 3261 376 3272; x_wconf 91' lang='lat'><strong>·</strong></span> <span class='ocrx_word' id='word_1_235' title='bbox 488 3223 583 3292; x_wconf 88' lang='lat' dir='ltr'><strong>Sicut</strong></span> <span class='ocrx_word' id='word_1_236' title='bbox 605 3235 724 3291; x_wconf 91' lang='lat' dir='ltr'><strong>autem</strong></span> <span class='ocrx_word' id='word_1_237' title='bbox 749 3220 950 3317; x_wconf 85' lang='lat' dir='ltr'><strong>apostolicae</strong></span> <span class='ocrx_word' id='word_1_238' title='bbox 975 3219 1234 3318; x_wconf 85' lang='lat' dir='ltr'><strong>praedicationis</strong></span> <span class='ocrx_word' id='word_1_239' title='bbox 1255 3219 1361 3292; x_wconf 90' lang='lat' dir='ltr'><strong>verba</strong></span> <span class='ocrx_word' id='word_1_240' title='bbox 1379 3218 1565 3290; x_wconf 88' lang='lat' dir='ltr'><strong>columnas</strong></span> <span class='ocrx_word' id='word_1_241' title='bbox 1583 3219 1707 3289; x_wconf 86' lang='lat' dir='ltr'><strong>ferculi</strong></span> <span class='ocrx_word' id='word_1_242' title='bbox 1724 3218 1896 3307; x_wconf 81' lang='lat' dir='ltr'><strong>diximus,</strong></span> <span class='ocrx_word' id='word_1_243' title='bbox 1921 3219 2022 3289; x_wconf 87' lang='lat' dir='ltr'><strong>sicet</strong></span> 
     </span>
     <span class='ocr_line' id='line_1_24' title="bbox 440 3335 2020 3436; baseline -0.002 -28"><span class='ocrx_word' id='word_1_244' title='bbox 440 3341 535 3436; x_wconf 89' lang='lat' dir='ltr'><strong>ipsos</strong></span> <span class='ocrx_word' id='word_1_245' title='bbox 554 3363 596 3409; x_wconf 89' lang='lat' dir='ltr'><strong>ex</strong></span> <span class='ocrx_word' id='word_1_246' title='bbox 615 3339 742 3410; x_wconf 90' lang='lat' dir='ltr'><strong>virtute</strong></span> <span class='ocrx_word' id='word_1_247' title='bbox 761 3337 951 3407; x_wconf 93' lang='lat' dir='ltr'><strong>verborum</strong></span> <span class='ocrx_word' id='word_1_248' title='bbox 965 3361 1132 3424; x_wconf 89' lang='lat' dir='ltr'><strong>suorum,</strong></span> <span class='ocrx_word' id='word_1_249' title='bbox 1148 3337 1204 3407; x_wconf 86' lang='lat' dir='ltr'><strong>vel</strong></span> <span class='ocrx_word' id='word_1_250' title='bbox 1216 3339 1325 3435; x_wconf 84' lang='lat' dir='ltr'><strong>gratia</strong></span> <span class='ocrx_word' id='word_1_251' title='bbox 1340 3336 1593 3409; x_wconf 85' lang='lat' dir='ltr'><strong>miraculorum</strong></span> <span class='ocrx_word' id='word_1_252' title='bbox 1612 3338 1662 3408; x_wconf 91' lang='lat' dir='ltr'><strong>eis</strong></span> <span class='ocrx_word' id='word_1_253' title='bbox 1675 3335 1822 3425; x_wconf 90' lang='lat' dir='ltr'><strong>collata,</strong></span> <span class='ocrx_word' id='word_1_254' title='bbox 1843 3360 1914 3434; x_wconf 88' lang='lat' dir='ltr'><strong>qua</strong></span> <span class='ocrx_word' id='word_1_255' title='bbox 1937 3360 2020 3406; x_wconf 86' lang='lat' dir='ltr'><strong>cor—</strong></span> 
     </span>
     <span class='ocr_line' id='line_1_25' title="bbox 439 3455 2017 3562; baseline 0 -38"><span class='ocrx_word' id='word_1_256' title='bbox 439 3456 611 3525; x_wconf 87' lang='lat' dir='ltr'><strong>roborant</strong></span> <span class='ocrx_word' id='word_1_257' title='bbox 628 3479 689 3526; x_wconf 90' lang='lat' dir='ltr'><strong>sua</strong></span> <span class='ocrx_word' id='word_1_258' title='bbox 708 3455 822 3542; x_wconf 89' lang='lat' dir='ltr'><strong>dicta,</strong></span> <span class='ocrx_word' id='word_1_259' title='bbox 843 3455 1029 3525; x_wconf 90' lang='lat' dir='ltr'><strong>columnas</strong></span> <span class='ocrx_word' id='word_1_260' title='bbox 1042 3455 1208 3524; x_wconf 88' lang='lat' dir='ltr'><strong>novimus</strong></span> <span class='ocrx_word' id='word_1_261' title='bbox 1220 3455 1423 3554; x_wconf 85' lang='lat' dir='ltr'><strong>appellatas.</strong></span> <span class='ocrx_word' id='word_1_262' title='bbox 1444 3455 1550 3526; x_wconf 90' lang='lat' dir='ltr'><strong>Unde</strong></span> <span class='ocrx_word' id='word_1_263' title='bbox 1567 3471 1601 3526; x_wconf 87' lang='lat' dir='ltr'><strong>et</strong></span> <span class='ocrx_word' id='word_1_264' title='bbox 1621 3477 1869 3562; x_wconf 71' lang='lat' dir='ltr'><strong>unus‘eorum,</strong></span> <span class='ocrx_word' id='word_1_265' title='bbox 1886 3478 2017 3525; x_wconf 91' lang='lat' dir='ltr'><strong>nomen</strong></span> 
     </span>
     <span class='ocr_line' id='line_1_26' title="bbox 439 3571 2018 3671; baseline -0.001 -29"><span class='ocrx_word' id='word_1_266' title='bbox 439 3573 540 3667; x_wconf 91' lang='lat' dir='ltr'><strong>cujus</strong></span> <span class='ocrx_word' id='word_1_267' title='bbox 569 3597 674 3671; x_wconf 88' lang='lat' dir='ltr'><strong>supra</strong></span> <span class='ocrx_word' id='word_1_268' title='bbox 702 3573 949 3660; x_wconf 89' lang='lat' dir='ltr'><strong>meminimus,</strong></span> <span class='ocrx_word' id='word_1_269' title='bbox 975 3571 1106 3642; x_wconf 91' lang='lat' dir='ltr'><strong>Galatis</strong></span> <span class='ocrx_word' id='word_1_270' title='bbox 1132 3573 1296 3642; x_wconf 76' lang='lat' dir='ltr'><strong>scribit⁸2</strong></span> <span class='ocrx_word' id='word_1_271' title='bbox 1322 3604 1339 3640; x_wconf 76' lang='lat' dir='ltr'><strong>r</strong></span> <span class='ocrx_word' id='word_1_272' title='bbox 1354 3573 1530 3663; x_wconf 83' lang='lat' dir='ltr'><strong>lacobus,</strong></span> <span class='ocrx_word' id='word_1_273' title='bbox 1552 3587 1587 3644; x_wconf 90' lang='lat' dir='ltr'><strong>et</strong></span> <span class='ocrx_word' id='word_1_274' title='bbox 1605 3573 1743 3671; x_wconf 90' lang='lat' dir='ltr'><strong>Cephas</strong></span> <span class='ocrx_word' id='word_1_275' title='bbox 1760 3577 1937 3660; x_wconf 87' lang='lat' dir='ltr'><strong>loannes,</strong></span> <span class='ocrx_word' id='word_1_276' title='bbox 1959 3575 2018 3668; x_wconf 91' lang='lat' dir='ltr'><strong>qui</strong></span> 
     </span>
     <span class='ocr_line' id='line_1_27' title="bbox 439 3688 2018 3786; baseline 0 -27"><span class='ocrx_word' id='word_1_277' title='bbox 439 3689 651 3761; x_wconf 80' lang='lat' dir='ltr'><strong>ridebantur</strong></span> <span class='ocrx_word' id='word_1_278' title='bbox 668 3690 842 3762; x_wconf 83' lang='lat' dir='ltr'><strong>columuae</strong></span> <span class='ocrx_word' id='word_1_279' title='bbox 862 3715 949 3762; x_wconf 91' lang='lat' dir='ltr'><strong>esse.</strong></span> <span class='ocrx_word' id='word_1_280' title='bbox 971 3717 988 3755; x_wconf 70' lang='lat'><strong>&gt;1</strong></span> <span class='ocrx_word' id='word_1_281' title='bbox 1010 3688 1283 3762; x_wconf 83' lang='lat' dir='ltr'><strong>Reclinatorium</strong></span> <span class='ocrx_word' id='word_1_282' title='bbox 1307 3690 1448 3780; x_wconf 85' lang='lat' dir='ltr'><strong>dicitur,</strong></span> <span class='ocrx_word' id='word_1_283' title='bbox 1470 3715 1543 3761; x_wconf 95' lang='lat' dir='ltr'><strong>non</strong></span> <span class='ocrx_word' id='word_1_284' title='bbox 1572 3691 1683 3761; x_wconf 87' lang='lat' dir='ltr'><strong>lectus</strong></span> <span class='ocrx_word' id='word_1_285' title='bbox 1709 3690 1745 3760; x_wconf 93' lang='lat' dir='ltr'><strong>in</strong></span> <span class='ocrx_word' id='word_1_286' title='bbox 1771 3714 1846 3786; x_wconf 92' lang='lat' dir='ltr'><strong>quo</strong></span> <span class='ocrx_word' id='word_1_287' title='bbox 1865 3691 2018 3784; x_wconf 83' lang='lat' dir='ltr'><strong>jacendo</strong></span> 
     </span>
     <span class='ocr_line' id='line_1_28' title="bbox 439 3807 2019 3906; baseline -0.001 -26"><span class='ocrx_word' id='word_1_288' title='bbox 439 3811 646 3898; x_wconf 87' lang='lat' dir='ltr'><strong>moriamur,</strong></span> <span class='ocrx_word' id='word_1_289' title='bbox 674 3809 736 3882; x_wconf 90' lang='lat' dir='ltr'><strong>sed</strong></span> <span class='ocrx_word' id='word_1_290' title='bbox 762 3809 899 3880; x_wconf 90' lang='lat' dir='ltr'><strong>loculus</strong></span> <span class='ocrx_word' id='word_1_291' title='bbox 923 3807 1068 3905; x_wconf 93' lang='lat' dir='ltr'><strong>quidam</strong></span> <span class='ocrx_word' id='word_1_292' title='bbox 1093 3811 1128 3878; x_wconf 92' lang='lat' dir='ltr'><strong>in</strong></span> <span class='ocrx_word' id='word_1_293' title='bbox 1158 3832 1266 3904; x_wconf 89' lang='lat' dir='ltr'><strong>quem</strong></span> <span class='ocrx_word' id='word_1_294' title='bbox 1296 3833 1333 3881; x_wconf 90' lang='lat' dir='ltr'><strong>se</strong></span> <span class='ocrx_word' id='word_1_295' title='bbox 1362 3809 1568 3880; x_wconf 89' lang='lat' dir='ltr'><strong>reclinando</strong></span> <span class='ocrx_word' id='word_1_296' title='bbox 1600 3810 1663 3905; x_wconf 91' lang='lat' dir='ltr'><strong>qui</strong></span> <span class='ocrx_word' id='word_1_297' title='bbox 1687 3809 1810 3880; x_wconf 90' lang='lat' dir='ltr'><strong>sedent</strong></span> <span class='ocrx_word' id='word_1_298' title='bbox 1836 3807 2019 3906; x_wconf 69' lang='lat' dir='ltr'><strong>peululum</strong></span> 
     </span>
     <span class='ocr_line' id='line_1_29' title="bbox 439 3926 2021 4026; baseline -0.001 -26"><span class='ocrx_word' id='word_1_299' title='bbox 439 3928 655 4026; x_wconf 89' lang='lat' dir='ltr'><strong>quiescendo</strong></span> <span class='ocrx_word' id='word_1_300' title='bbox 674 3954 712 4000; x_wconf 90' lang='lat' dir='ltr'><strong>se</strong></span> <span class='ocrx_word' id='word_1_301' title='bbox 730 3928 906 4018; x_wconf 85' lang='lat' dir='ltr'><strong>refovent,</strong></span> <span class='ocrx_word' id='word_1_302' title='bbox 926 3943 962 3999; x_wconf 89' lang='lat' dir='ltr'><strong>et</strong></span> <span class='ocrx_word' id='word_1_303' title='bbox 979 3928 1139 4023; x_wconf 78' lang='lat' dir='ltr'><strong>fatigatos</strong></span> <span class='ocrx_word' id='word_1_304' title='bbox 1157 3955 1194 4000; x_wconf 89' lang='lat' dir='ltr'><strong>se</strong></span> <span class='ocrx_word' id='word_1_305' title='bbox 1212 3928 1257 3999; x_wconf 91' lang='lat' dir='ltr'><strong>ad</strong></span> <span class='ocrx_word' id='word_1_306' title='bbox 1276 3929 1402 4000; x_wconf 86' lang='lat' dir='ltr'><strong>horam</strong></span> <span class='ocrx_word' id='word_1_307' title='bbox 1422 3943 1595 3999; x_wconf 89' lang='lat' dir='ltr'><strong>recreant.</strong></span> <span class='ocrx_word' id='word_1_308' title='bbox 1619 3926 1892 3998; x_wconf 83' lang='lat' dir='ltr'><strong>Reclinatorium</strong></span> <span class='ocrx_word' id='word_1_309' title='bbox 1915 3929 2021 4023; x_wconf 86' lang='lat' dir='ltr'><strong>igitur</strong></span> 
     </span>
     <span class='ocr_line' id='line_1_30' title="bbox 438 4046 2022 4145; baseline -0.001 -26"><span class='ocrx_word' id='word_1_310' title='bbox 438 4051 473 4119; x_wconf 92' lang='lat' dir='ltr'><strong>in</strong></span> <span class='ocrx_word' id='word_1_311' title='bbox 492 4048 625 4119; x_wconf 89' lang='lat' dir='ltr'><strong>ferculo</strong></span> <span class='ocrx_word' id='word_1_312' title='bbox 647 4073 667 4118; x_wconf 91' lang='lat' dir='ltr'><strong>a</strong></span> <span class='ocrx_word' id='word_1_313' title='bbox 684 4046 876 4118; x_wconf 87' lang='lat' dir='ltr'><strong>Salomone</strong></span> <span class='ocrx_word' id='word_1_314' title='bbox 895 4062 1149 4145; x_wconf 74' lang='lat' dir='ltr'><strong>praeparatum,</strong></span> <span class='ocrx_word' id='word_1_315' title='bbox 1170 4071 1317 4118; x_wconf 88' lang='lat' dir='ltr'><strong>somnus</strong></span> <span class='ocrx_word' id='word_1_316' title='bbox 1342 4061 1394 4118; x_wconf 88' lang='lat' dir='ltr'><strong>est</strong></span> <span class='ocrx_word' id='word_1_317' title='bbox 1417 4046 1605 4118; x_wconf 76' lang='lat' dir='ltr'><strong>dominicae</strong></span> <span class='ocrx_word' id='word_1_318' title='bbox 1623 4047 1747 4117; x_wconf 90' lang='lat' dir='ltr'><strong>mortis</strong></span> <span class='ocrx_word' id='word_1_319' title='bbox 1766 4048 1802 4116; x_wconf 94' lang='lat' dir='ltr'><strong>in</strong></span> <span class='ocrx_word' id='word_1_320' title='bbox 1822 4069 1946 4135; x_wconf 89' lang='lat' dir='ltr'><strong>cruce,</strong></span> <span class='ocrx_word' id='word_1_321' title='bbox 1976 4046 2022 4123; x_wconf 83' lang='lat' dir='ltr'><strong>de</strong></span> 
     </span>
     <span class='ocr_line' id='line_1_31' title="bbox 437 4163 2021 4270; baseline -0.002 -34"><span class='ocrx_word' id='word_1_322' title='bbox 437 4191 510 4262; x_wconf 89' lang='lat' dir='ltr'><strong>quo</strong></span> <span class='ocrx_word' id='word_1_323' title='bbox 527 4167 695 4264; x_wconf 88' lang='lat' dir='ltr'><strong>scriptum</strong></span> <span class='ocrx_word' id='word_1_324' title='bbox 714 4169 811 4237; x_wconf 78' lang='lat' dir='ltr'><strong>est⁸z</strong></span> <span class='ocrx_word' id='word_1_325' title='bbox 836 4194 854 4232; x_wconf 80' lang='lat' dir='ltr'><strong>u</strong></span> <span class='ocrx_word' id='word_1_326' title='bbox 870 4169 912 4236; x_wconf 86' lang='lat' dir='ltr'><strong>Et</strong></span> <span class='ocrx_word' id='word_1_327' title='bbox 930 4165 1099 4236; x_wconf 88' lang='lat' dir='ltr'><strong>inclinato</strong></span> <span class='ocrx_word' id='word_1_328' title='bbox 1117 4166 1244 4262; x_wconf 86' lang='lat' dir='ltr'><strong>eapite,</strong></span> <span class='ocrx_word' id='word_1_329' title='bbox 1269 4163 1414 4237; x_wconf 88' lang='lat' dir='ltr'><strong>tradidit</strong></span> <span class='ocrx_word' id='word_1_330' title='bbox 1434 4165 1607 4270; x_wconf 80' lang='lat' dir='ltr'><strong>spiritum.</strong></span> <span class='ocrx_word' id='word_1_331' title='bbox 1627 4192 1645 4230; x_wconf 81' lang='lat' dir='ltr'><strong>u</strong></span> <span class='ocrx_word' id='word_1_332' title='bbox 1665 4165 1730 4234; x_wconf 90' lang='lat' dir='ltr'><strong>Hic</strong></span> <span class='ocrx_word' id='word_1_333' title='bbox 1755 4187 1903 4235; x_wconf 90' lang='lat' dir='ltr'><strong>somnus</strong></span> <span class='ocrx_word' id='word_1_334' title='bbox 1930 4164 2021 4236; x_wconf 90' lang='lat' dir='ltr'><strong>sicut</strong></span> 
     </span>
     <span class='ocr_line' id='line_1_32' title="bbox 436 4281 2019 4381; baseline -0.001 -27"><span class='ocrx_word' id='word_1_335' title='bbox 436 4286 603 4356; x_wconf 86' lang='lat' dir='ltr'><strong>velociter</strong></span> <span class='ocrx_word' id='word_1_336' title='bbox 621 4284 782 4374; x_wconf 89' lang='lat' dir='ltr'><strong>advenit,</strong></span> <span class='ocrx_word' id='word_1_337' title='bbox 799 4285 848 4356; x_wconf 89' lang='lat' dir='ltr'><strong>ita</strong></span> <span class='ocrx_word' id='word_1_338' title='bbox 866 4299 901 4355; x_wconf 90' lang='lat' dir='ltr'><strong>et</strong></span> <span class='ocrx_word' id='word_1_339' title='bbox 919 4284 1086 4356; x_wconf 84' lang='lat' dir='ltr'><strong>velociter</strong></span> <span class='ocrx_word' id='word_1_340' title='bbox 1104 4286 1249 4355; x_wconf 90' lang='lat' dir='ltr'><strong>transiit.</strong></span> <span class='ocrx_word' id='word_1_341' title='bbox 1274 4285 1411 4354; x_wconf 88' lang='lat' dir='ltr'><strong>Scimus</strong></span> <span class='ocrx_word' id='word_1_342' title='bbox 1434 4285 1567 4381; x_wconf 90' lang='lat' dir='ltr'><strong>quippe</strong></span> <span class='ocrx_word' id='word_1_343' title='bbox 1585 4284 1781 4354; x_wconf 91' lang='lat' dir='ltr'><strong>Dominum</strong></span> <span class='ocrx_word' id='word_1_344' title='bbox 1806 4281 1896 4352; x_wconf 90' lang='lat' dir='ltr'><strong>hora</strong></span> <span class='ocrx_word' id='word_1_345' title='bbox 1921 4298 2019 4353; x_wconf 89' lang='lat' dir='ltr'><strong>sexta</strong></span> 
     </span>
     <span class='ocr_line' id='line_1_33' title="bbox 436 4402 2020 4502; baseline 0 -28"><span class='ocrx_word' id='word_1_346' title='bbox 436 4404 661 4489; x_wconf 87' lang='lat' dir='ltr'><strong>crucifixum,</strong></span> <span class='ocrx_word' id='word_1_347' title='bbox 678 4406 771 4475; x_wconf 83' lang='lat' dir='ltr'><strong>circa</strong></span> <span class='ocrx_word' id='word_1_348' title='bbox 787 4427 921 4474; x_wconf 89' lang='lat' dir='ltr'><strong>nonam</strong></span> <span class='ocrx_word' id='word_1_349' title='bbox 936 4405 1132 4502; x_wconf 84' lang='lat' dir='ltr'><strong>expirasse,</strong></span> <span class='ocrx_word' id='word_1_350' title='bbox 1149 4417 1185 4474; x_wconf 89' lang='lat' dir='ltr'><strong>et</strong></span> <span class='ocrx_word' id='word_1_351' title='bbox 1199 4403 1347 4478; x_wconf 85' lang='lat' dir='ltr'><strong>Pilatum</strong></span> <span class='ocrx_word' id='word_1_352' title='bbox 1361 4404 1525 4474; x_wconf 84' lang='lat' dir='ltr'><strong>miratum</strong></span> <span class='ocrx_word' id='word_1_353' title='bbox 1542 4403 1647 4474; x_wconf 86' lang='lat' dir='ltr'><strong>fuisse</strong></span> <span class='ocrx_word' id='word_1_354' title='bbox 1660 4402 1759 4498; x_wconf 91' lang='lat' dir='ltr'><strong>quod</strong></span> <span class='ocrx_word' id='word_1_355' title='bbox 1775 4417 1847 4473; x_wconf 91' lang='lat' dir='ltr'><strong>tam</strong></span> <span class='ocrx_word' id='word_1_356' title='bbox 1859 4402 2020 4474; x_wconf 87' lang='lat' dir='ltr'><strong>celeriter</strong></span> 
     </span>
     <span class='ocr_line' id='line_1_34' title="bbox 426 4511 2019 4619; baseline 0 -29"><span class='ocrx_word' id='word_1_357' title='bbox 426 4523 579 4609; x_wconf 82' lang='lat' dir='ltr'><strong>obierit,</strong></span> <span class='ocrx_word' id='word_1_358' title='bbox 600 4511 791 4619; x_wconf 87' lang='lat' dir='ltr'><strong>antequam</strong></span> <span class='ocrx_word' id='word_1_359' title='bbox 814 4522 969 4593; x_wconf 86' lang='lat' dir='ltr'><strong>latrones</strong></span> <span class='ocrx_word' id='word_1_360' title='bbox 994 4523 1109 4593; x_wconf 83' lang='lat' dir='ltr'><strong>fractis</strong></span> <span class='ocrx_word' id='word_1_361' title='bbox 1131 4521 1292 4593; x_wconf 91' lang='lat' dir='ltr'><strong>cruribus</strong></span> <span class='ocrx_word' id='word_1_362' title='bbox 1314 4523 1406 4594; x_wconf 91' lang='lat' dir='ltr'><strong>mori</strong></span> <span class='ocrx_word' id='word_1_363' title='bbox 1424 4536 1646 4617; x_wconf 84' lang='lat' dir='ltr'><strong>cogerentur.</strong></span> <span class='ocrx_word' id='word_1_364' title='bbox 1672 4518 1784 4592; x_wconf 87' lang='lat' dir='ltr'><strong>Velox</strong></span> <span class='ocrx_word' id='word_1_365' title='bbox 1802 4545 1949 4617; x_wconf 91' lang='lat' dir='ltr'><strong>qnoque</strong></span> <span class='ocrx_word' id='word_1_366' title='bbox 1972 4521 2019 4590; x_wconf 92' lang='lat' dir='ltr'><strong>ad</strong></span> 
     </span>
     <span class='ocr_line' id='line_1_35' title="bbox 341 4639 2021 4737; baseline -0.004 -25"><span class='ocrx_word' id='word_1_367' title='bbox 341 4661 343 4666; x_wconf 90' lang='grc'><strong><em>·</em></strong></span> <span class='ocrx_word' id='word_1_368' title='bbox 436 4640 692 4712; x_wconf 90' lang='lat' dir='ltr'><strong>transeundum</strong></span> <span class='ocrx_word' id='word_1_369' title='bbox 710 4642 774 4712; x_wconf 90' lang='lat' dir='ltr'><strong>iste</strong></span> <span class='ocrx_word' id='word_1_370' title='bbox 794 4665 940 4712; x_wconf 91' lang='lat' dir='ltr'><strong>somnus</strong></span> <span class='ocrx_word' id='word_1_371' title='bbox 957 4640 1044 4731; x_wconf 82' lang='lat' dir='ltr'><strong>tuit,</strong></span> <span class='ocrx_word' id='word_1_372' title='bbox 1068 4642 1152 4737; x_wconf 92' lang='lat' dir='ltr'><strong>quia</strong></span> <span class='ocrx_word' id='word_1_373' title='bbox 1168 4641 1238 4711; x_wconf 91' lang='lat' dir='ltr'><strong>cito</strong></span> <span class='ocrx_word' id='word_1_374' title='bbox 1257 4641 1431 4712; x_wconf 91' lang='lat' dir='ltr'><strong>Dominus</strong></span> <span class='ocrx_word' id='word_1_375' title='bbox 1452 4640 1651 4711; x_wconf 88' lang='lat' dir='ltr'><strong>resurrexit.</strong></span> <span class='ocrx_word' id='word_1_376' title='bbox 1672 4640 1780 4725; x_wconf 91' lang='lat' dir='ltr'><strong>Quasi</strong></span> <span class='ocrx_word' id='word_1_377' title='bbox 1799 4661 1883 4734; x_wconf 88' lang='lat' dir='ltr'><strong>ergo</strong></span> <span class='ocrx_word' id='word_1_378' title='bbox 1902 4639 1939 4707; x_wconf 91' lang='lat' dir='ltr'><strong>in</strong></span> <span class='ocrx_word' id='word_1_379' title='bbox 1961 4663 2021 4707; x_wconf 90' lang='lat' dir='ltr'><strong>re-</strong></span> 
     </span>
     <span class='ocr_line' id='line_1_36' title="bbox 437 4757 2019 4856; baseline -0.003 -27"><span class='ocrx_word' id='word_1_380' title='bbox 437 4761 621 4832; x_wconf 88' lang='lat' dir='ltr'><strong>clinatorio</strong></span> <span class='ocrx_word' id='word_1_381' title='bbox 645 4762 821 4832; x_wconf 90' lang='lat' dir='ltr'><strong>Dominus</strong></span> <span class='ocrx_word' id='word_1_382' title='bbox 844 4759 1078 4850; x_wconf 85' lang='lat' dir='ltr'><strong>obdormivit,</strong></span> <span class='ocrx_word' id='word_1_383' title='bbox 1106 4761 1189 4856; x_wconf 90' lang='lat' dir='ltr'><strong>quia</strong></span> <span class='ocrx_word' id='word_1_384' title='bbox 1207 4760 1330 4830; x_wconf 91' lang='lat' dir='ltr'><strong>mortis</strong></span> <span class='ocrx_word' id='word_1_385' title='bbox 1355 4783 1522 4830; x_wconf 91' lang='lat' dir='ltr'><strong>somnum</strong></span> <span class='ocrx_word' id='word_1_386' title='bbox 1544 4758 1704 4830; x_wconf 87' lang='lat' dir='ltr'><strong>velocem</strong></span> <span class='ocrx_word' id='word_1_387' title='bbox 1723 4771 1758 4828; x_wconf 87' lang='lat' dir='ltr'><strong>ct</strong></span> <span class='ocrx_word' id='word_1_388' title='bbox 1774 4757 2019 4828; x_wconf 88' lang='lat' dir='ltr'><strong>transitorium</strong></span> 
     </span>
    </p>
   </div>
   <div class='ocr_carea' id='block_1_3' title="bbox 434 5061 2020 5197">
    <p class='ocr_par' dir='ltr' id='par_1_4' title="bbox 434 5061 2020 5197">
     <span class='ocr_line' id='line_1_37' title="bbox 470 5061 2020 5133; baseline 0.004 -21"><span class='ocrx_word' id='word_1_389' title='bbox 470 5063 475 5087; x_wconf 87' lang='lat'><strong>¹</strong></span> <span class='ocrx_word' id='word_1_390' title='bbox 495 5061 577 5124; x_wconf 67' lang='lat' dir='ltr'><strong>toan„</strong></span> <span class='ocrx_word' id='word_1_391' title='bbox 592 5079 645 5129; x_wconf 85' lang='lat' dir='ltr'><strong>cap.</strong></span> <span class='ocrx_word' id='word_1_392' title='bbox 663 5082 692 5114; x_wconf 84' lang='lat' dir='ltr'><strong>x.</strong></span> <span class='ocrx_word' id='word_1_393' title='bbox 707 5083 731 5116; x_wconf 86' lang='lat' dir='ltr'><strong>r.</strong></span> <span class='ocrx_word' id='word_1_394' title='bbox 749 5071 787 5116; x_wconf 87' lang='lat' dir='ltr'><strong>ra.</strong></span> <span class='ocrx_word' id='word_1_395' title='bbox 799 5065 936 5128; x_wconf 80' lang='lat' dir='ltr'><strong>-·tbtd.‚</strong></span> <span class='ocrx_word' id='word_1_396' title='bbox 954 5066 1012 5118; x_wconf 86' lang='lat' dir='ltr'><strong>ibid.</strong></span> <span class='ocrx_word' id='word_1_397' title='bbox 1025 5095 1053 5104; x_wconf 82' lang='lat'><strong>-</strong></span> <span class='ocrx_word' id='word_1_398' title='bbox 1069 5065 1078 5091; x_wconf 84' lang='lat'>⁵</span> <span class='ocrx_word' id='word_1_399' title='bbox 1092 5067 1180 5118; x_wconf 80' lang='lat' dir='ltr'><strong>Psalrn.</strong></span> <span class='ocrx_word' id='word_1_400' title='bbox 1197 5085 1234 5127; x_wconf 84' lang='lat' dir='ltr'><strong>n,</strong></span> <span class='ocrx_word' id='word_1_401' title='bbox 1252 5083 1275 5115; x_wconf 86' lang='lat' dir='ltr'><strong>r.</strong></span> <span class='ocrx_word' id='word_1_402' title='bbox 1293 5070 1317 5114; x_wconf 87' lang='lat' dir='ltr'><strong>t.</strong></span> <span class='ocrx_word' id='word_1_403' title='bbox 1331 5067 1383 5112; x_wconf 53' lang='lat' dir='ltr'><strong>‘a‘</strong></span> <span class='ocrx_word' id='word_1_404' title='bbox 1397 5069 1492 5130; x_wconf 72' lang='lat' dir='ltr'><strong>Galae,</strong></span> <span class='ocrx_word' id='word_1_405' title='bbox 1505 5083 1560 5133; x_wconf 78' lang='lat' dir='ltr'><strong>erp.</strong></span> <span class='ocrx_word' id='word_1_406' title='bbox 1576 5083 1609 5128; x_wconf 86' lang='lat' dir='ltr'><strong>u,</strong></span> <span class='ocrx_word' id='word_1_407' title='bbox 1626 5080 1651 5115; x_wconf 80' lang='lat' dir='ltr'><strong>r.</strong></span> <span class='ocrx_word' id='word_1_408' title='bbox 1667 5069 1692 5115; x_wconf 75' lang='grc'><strong>9.</strong></span> <span class='ocrx_word' id='word_1_409' title='bbox 1708 5091 1739 5102; x_wconf 89' lang='grc'>-</span> <span class='ocrx_word' id='word_1_410' title='bbox 1759 5063 1862 5118; x_wconf 74' lang='lat' dir='ltr'><strong>‘Jorn.,</strong></span> <span class='ocrx_word' id='word_1_411' title='bbox 1879 5075 1933 5124; x_wconf 85' lang='lat' dir='ltr'><strong>rap.</strong></span> <span class='ocrx_word' id='word_1_412' title='bbox 1952 5075 1995 5108; x_wconf 80' lang='lat' dir='ltr'><strong>,nx</strong></span> <span class='ocrx_word' id='word_1_413' title='bbox 2013 5099 2020 5118; x_wconf 80' lang='lat'>.</span> 
     </span>
     <span class='ocr_line' id='line_1_38' title="bbox 434 5151 515 5197; baseline -0.025 0"><span class='ocrx_word' id='word_1_414' title='bbox 434 5167 458 5197; x_wconf 83' lang='lat' dir='ltr'><strong>r.</strong></span> <span class='ocrx_word' id='word_1_415' title='bbox 475 5151 515 5196; x_wconf 79' lang='lat'><strong>30.</strong></span> 
     </span>
    </p>
   </div>
   <div class='ocr_carea' id='block_1_4' title="bbox 0 0 2252 6102">
    <p class='ocr_par' dir='ltr' id='par_1_5' title="bbox 0 0 2252 6102">
     <span class='ocr_line' id='line_1_39' title="bbox 0 0 2252 6102; baseline 0 0"><span class='ocrx_word' id='word_1_416' title='bbox 0 0 2252 6102; x_wconf 95' lang='lat' dir='ltr'><strong> </strong></span> 
     </span>
    </p>
   </div>
  </div>
 </body>
</html>
