4510 6108
800 635 804 640 ¹
831 687 889 758 ns
914 685 1055 760 cauca
1081 689 1245 760 suuuo.
1761 689 1834 762 aar

244 825 536 898 benedictionem
551 841 788 900 converteret.
809 827 913 900 Unde
930 844 965 900 et
981 830 1171 928 Apostolus
1187 855 1299 928 quum
1316 831 1564 929 praemisisset:
1588 857 1606 898 a
1619 835 1745 903 Factus
1766 857 1833 929 pro

245 944 350 1018 nobis
362 944 610 1036 maledictum,
624 947 716 1018 sicut
724 947 896 1046 scriptum
906 963 976 1037 cst,
986 976 1004 1016 u
1020 951 1140 1026 statim
1149 949 1294 1046 adjecit,
1317 950 1429 1021 «utin
1447 949 1612 1046 gentibus
1627 949 1832 1022 benedictio

243 1065 356 1138 fieret.
371 1093 388 1132 u
400 1067 497 1138 Sicut
509 1089 593 1163 ergo
609 1069 646 1139 in
663 1067 778 1164 ligno,
792 1067 829 1138 id
845 1083 898 1138 est
910 1093 978 1165 pro
995 1070 1272 1165 transgressione
1289 1069 1375 1165 ligni
1390 1069 1508 1159 vetiti,
1527 1069 1688 1142 Christus
1704 1094 1833 1169 corpo·

242 1185 363 1257 taliter
378 1201 431 1258 est
447 1203 627 1277 mortuus,
647 1189 748 1259 itaet
764 1187 997 1288 corporaliter
1013 1213 1077 1288 per
1093 1211 1238 1288 poeuam
1255 1214 1276 1260 a
1291 1193 1369 1259 Deo
1387 1189 1614 1278 maledictus,
1633 1190 1704 1261 hoc
1720 1205 1774 1262 est
1789 1215 1831 1261 ex

242 1308 419 1378 sententia
434 1309 500 1379 Dei
516 1333 631 1407 poenae
646 1308 731 1381 huic
749 1309 953 1407 deputatur.
973 1310 1065 1381 Hinc
1082 1311 1179 1381 enim
1200 1325 1235 1382 et
1255 1325 1403 1408 peccata
1418 1325 1540 1382 nostra
1557 1311 1752 1410 suscepisse
1768 1336 1830 1382 seu

242 1442 403 1525 portasse
422 1428 571 1523 dicitur,
594 1428 664 1500 hoc
686 1446 739 1500 est
759 1445 990 1528 peccatorum
1012 1443 1220 1505 nostrorum
1241 1454 1385 1528 poenam
1406 1429 1591 1519 tolerasse,
1616 1445 1652 1501 et
1671 1431 1722 1504 sic
1741 1455 1831 1528 quo·

242 1546 440 1619 dammodo
466 1562 596 1619 nostrae
619 1548 864 1620 maledictioni
890 1550 1185 1622 communicasse.
1210 1549 1317 1645 Cujus
1338 1550 1485 1647 quidem
1505 1574 1650 1648 poenam
1672 1549 1730 1622 vel
1755 1575 1831 1649 pas-

241 1669 398 1758 sionem,
417 1693 488 1766 qua
505 1669 698 1767 perductus
715 1685 768 1741 est
788 1669 834 1741 ad
857 1685 1028 1758 mortem,
1052 1669 1081 1740 si
1102 1694 1167 1768 per
1186 1668 1325 1765 singula
1346 1669 1589 1757 revolvamus,
1612 1671 1829 1768 reperiemus

160 1823 163 1828 ·
242 1811 284 1858 ea
300 1813 378 1885 quae
395 1804 549 1860 mortem
565 1771 837 1887 praecesserunt,
851 1789 958 1886 longe
971 1789 1135 1885 graviora
1146 1803 1181 1860 et
1193 1787 1473 1862 intolerabiliora
1487 1805 1603 1860 morte
1613 1791 1691 1887 ipsa
1707 1789 1826 1862 luisse.

242 1907 455 1978 Imminente
466 1885 600 2007 quippe
610 1909 786 2007 passionis
798 1908 961 1997 articulo,
973 1905 1011 1980 in
1023 1923 1161 1980 tantam
1175 1909 1332 1980 animam
1344 1909 1419 2005 ejus
1427 1910 1641 1981 anxietatem
1649 1908 1826 2005 legimus¹,

241 2039 280 2094 ut
295 2026 408 2096 sudor
423 2027 498 2123 ejus
515 2026 616 2100 fieret
632 2042 805 2126 tanquam
826 2043 932 2124 guttae
956 2028 1137 2123 sanguinis
1163 2027 1385 2099 decurrentis
1410 2028 1447 2099 in
1469 2043 1614 2099 terram.
1638 2029 1710 2115 Qui
1732 2029 1828 2098 enim

240 2161 392 2217 noverat
406 2161 561 2244 quantus
583 2149 759 2246 passionis
780 2147 886 2219 dolor
906 2149 944 2218 in
969 2147 1029 2218 illa
1051 2146 1284 2218 dissolutione
1305 2147 1466 2244 corporis
1487 2162 1523 2217 et
1543 2147 1670 2218 animae
1692 2146 1829 2217 iuturus

238 2280 345 2354 esset,
360 2265 521 2340 mirabile
536 2291 610 2339 non
627 2283 681 2340 est
697 2269 739 2356 si,
755 2268 855 2362 juxta
872 2266 1115 2338 infirmitatem
1131 2280 1320 2363 assumptae
1335 2265 1581 2354 humanitatis,
1599 2265 1694 2338 hanc
1710 2291 1830 2364 supre-

239 2408 337 2456 mam
348 2387 551 2482 passionem
563 2386 714 2485 amplius
726 2385 901 2458 horreret.
912 2390 1044 2484 Captus
1055 2399 1174 2456 autem
1186 2384 1420 2483 postmodum
1430 2399 1466 2456 et
1477 2399 1610 2473 tentus,
1622 2399 1657 2455 et
1667 2387 1826 2483 insuper,

237 2509 377 2576 loanne
387 2505 576 2593 referente,
593 2507 746 2594 vinctus,
759 2505 805 2577 ad
822 2504 1025 2576 sacerdotes
1041 2505 1198 2603 primum
1213 2503 1389 2575 adductus
1404 2519 1473 2592 est,
1488 2504 1569 2593 uhi,
1583 2505 1674 2576 sicut
1689 2507 1829 2576 Marcus

238 2623 429 2714 meminit’,
445 2639 630 2722 coeperunt
642 2624 790 2722 quidam
803 2648 1003 2722 conspuere
1020 2647 1121 2712 eum,
1136 2637 1172 2694 et
1187 2621 1305 2694 velare
1323 2622 1451 2694 faciem
1468 2623 1564 2718 ejus,
1584 2638 1632 2714 et,
1651 2637 1692 2694 ut
1706 2623 1828 2696 scribit

207 2779 212 2790 ·
238 2744 450 2834 Matthaeus’,
464 2746 502 2815 in
519 2769 599 2818 eam
616 2769 832 2843 conspuere,
847 2760 883 2816 et
894 2761 968 2816 tam
985 2743 1145 2842 colaphis
1161 2768 1272 2840 quam
1289 2742 1399 2842 alapis
1416 2745 1533 2842 ipsum
1550 2745 1705 2834 caedere,
1720 2760 1828 2843 atque

237 2861 388 2934 illudere
404 2863 584 2936 dicentes:
601 2863 966 2962 «Prophetizauobis,
978 2863 1130 2952 Christe,
1142 2863 1222 2960 quis
1233 2863 1354 2961 estqui
1372 2877 1408 2933 te
1424 2865 1642 2961 percussitPu
1656 2864 1725 2935 Ubi
1735 2867 1828 2937 inter
1932 2877 1938 2886 '

234 2997 378 3072 caetera,
392 3008 537 3080 quuma
551 2981 720 3081 pontifice
736 2984 1015 3079 interrogaretur
1024 2982 1070 3053 de
1084 2981 1265 3080 discipulis
1275 2982 1347 3054 suis
1359 2995 1395 3052 et
1407 2981 1574 3053 doctriua
1586 2983 1681 3078 ejuS,
1700 2998 1736 3054 et
1751 2985 1827 3082 ipse
1859 2987 1861 2990 ’

233 3103 522 3201 respondisset⁸2
554 3109 666 3199 «Ego
691 3104 810 3201 palam
835 3102 975 3174 locutus
998 3128 1095 3192 sum,
1125 3117 1210 3192 etc,
1232 3129 1250 3170 u
1269 3127 1363 3186 unus
1389 3103 1553 3173 assistens
1579 3103 1825 3177 ministrorum

232 3220 339 3293 dedit
362 3220 502 3321 alapam
526 3223 576 3312 ei,
600 3223 738 3294 dicens‘
757 3203 806 3292 εἰ(
821 3224 877 3293 Sic
893 3222 1089 3320 respondes
1111 3220 1292 3319 pontifici?
1305 3251 1323 3297 a
1347 3227 1428 3292 Haec
1449 3237 1570 3294 autem
1586 3223 1624 3293 in
1640 3238 1748 3295 nocte
1769 3249 1827 3296 ca·

230 3343 372 3438 ptionis
381 3365 453 3412 suae
462 3355 603 3413 constat
612 3343 649 3412 in
663 3366 748 3442 eum
764 3341 857 3414 lacta
872 3365 960 3414 esse.
974 3344 1078 3414 Mane
1095 3355 1216 3414 autem
1233 3341 1345 3430 lactc,
1365 3341 1411 3412 de
1426 3340 1579 3412 concilio
1596 3343 1824 3416 sacerdotum

230 3460 284 3532 ad
305 3460 458 3532 Pilatum
477 3459 664 3559 praesidem
685 3462 803 3560 ipsum
824 3461 943 3533 adhuc
968 3460 1025 3531 vel
1046 3462 1176 3532 iterum
1196 3461 1357 3531 vinctum
1378 3460 1634 3557 perduxerunt.
1660 3466 1742 3549 Quo
1763 3464 1825 3534 ad·

228 3579 368 3670 ducto,
387 3595 427 3650 ut
442 3580 626 3652 Matthaeus
643 3581 716 3669 aitl,
735 3581 831 3653 stetit
851 3594 934 3652 ante
956 3580 1157 3678 praesidem.
1187 3579 1306 3668 Stetit,
1334 3579 1501 3674 inquam,
1524 3593 1564 3648 ut
1590 3578 1727 3650 dictum
1751 3595 1821 3670 est,

227 3699 384 3796 ligatus,
403 3702 648 3799 potiusquam
668 3700 780 3790 sedit,
804 3715 844 3771 ut
864 3699 1030 3771 videlicet
1051 3701 1087 3770 in
1109 3714 1280 3796 utroque,
1303 3713 1378 3770 tam
1398 3700 1551 3770 statione
1567 3698 1700 3770 scilicet
1716 3725 1824 3797 quam

226 3819 407 3916 ligatione
432 3845 516 3892 eum
541 3819 750 3921 affligerent.
778 3824 922 3906 Quanta
945 3835 1067 3904 autem
1092 3820 1294 3930 constantia
1320 3817 1389 3888 illic
1414 3819 1634 3916 persisteret,
1661 3833 1825 3916 patenter

226 3934 458 4028 ostenditur,
478 3940 540 4011 ubi
556 3941 792 4036 interrogatus
814 3962 835 4011 a
855 3939 984 4030 Pilato,
1008 3961 1222 4037 responsum
1243 3937 1276 4009 ei
1293 3962 1368 4008 non
1385 3936 1570 4008 reddebat.
1591 3940 1644 4008 De
1661 3962 1734 4034 qua
1749 3939 1824 4034 ejus

223 4058 474 4148 confidentia,
503 4076 538 4131 et
559 4062 660 4158 quasi
680 4060 726 4132 de
747 4085 812 4131 suo
834 4072 1044 4158 contemptu
1064 4059 1194 4131 Pilatus
1215 4057 1442 4130 admiraus':
1469 4059 1636 4147 «Nescis,
1653 4087 1669 4125 u
1688 4059 1821 4155 inquit,

223 4209 244 4248 a
257 4183 354 4280 quia
386 4178 599 4278 potestatem
623 4179 741 4253 habeo
770 4178 974 4275 crucifigere
999 4193 1056 4267 te,
1085 4193 1121 4250 et
1145 4192 1359 4276 potestatem
1383 4175 1501 4248 habeo
1523 4175 1702 4248 dimittere
1729 4179 1821 4249 tel»

220 4301 304 4388 Qui
324 4301 435 4370 etiam
451 4325 472 4371 a
486 4299 598 4372 Pilato
615 4300 661 4372 ad
677 4300 858 4372 Herodem
878 4300 1025 4390 missus,
1045 4324 1158 4397 quum
1176 4297 1297 4370 multis
1313 4297 1360 4370 ab
1376 4298 1454 4396 ipso
1471 4321 1617 4394 quoque
1633 4298 1825 4394 interroga·

217 4439 335 4497 retur
359 4422 607 4513 sermonibuS,
635 4422 726 4494 nibil
748 4423 781 4494 ei
802 4421 1055 4520 respondebat.
1083 4420 1187 4492 Unde
1207 4435 1283 4492 tam
1303 4419 1349 4491 ab
1370 4419 1449 4517 ipso
1470 4443 1580 4515 quam
1600 4418 1646 4491 ab
1667 4421 1822 4492 exercitu

214 4543 308 4640 ejus
327 4557 470 4640 spretus
486 4558 522 4614 et
537 4541 659 4615 illusus
675 4557 745 4634 est,
764 4555 861 4614 veste
878 4541 959 4614 alba
974 4539 1138 4630 indutus,
1158 4554 1194 4612 et
1209 4540 1259 4611 sic
1276 4539 1322 4612 ad
1338 4538 1489 4610 Pilatum
1504 4539 1683 4611 remissus.

271 4673 307 4734 A
333 4661 700 4763 principibus'itaque
727 4664 981 4759 interrogatus,
1004 4663 1066 4758 qui
1087 4661 1134 4734 ad
1155 4685 1238 4732 eum
1259 4659 1485 4733 liberandum
1506 4658 1701 4757 plurimum
1726 4675 1825 4758 poto-

210 4799 334 4873 rant,
353 4787 588 4882 responsione
604 4810 667 4856 sua
679 4785 808 4880 dignos
824 4807 886 4856 eos
900 4807 975 4854 non
993 4783 1147 4871 censuit3
1167 4783 1228 4878 qui
1245 4795 1380 4870 tamen,
1397 4794 1437 4851 ut
1453 4803 1561 4878 supra
1577 4781 1819 4871 meminimus,

208 4931 234 4978 a
252 4904 440 4977 ministro
453 4903 633 5002 pontificis
649 4927 854 5003 percussus,
867 4902 1040 4975 blandam
1056 4904 1089 4974 ei
1105 4901 1376 5000 responsionem
1394 4924 1469 4971 non
1487 4899 1645 4996 negavit,
1660 4899 1820 4972 dicens‘:

244 5212 255 5239 ¹
269 5210 331 5263 Hic
341 5208 439 5276 aliquid
448 5210 535 5262 deesse
545 5207 695 5262 viderere-¹
704 5207 791 5272 Marc,
801 5223 857 5275 cap.
870 5223 922 5272 xrs,
933 5164 1009 5258 aaa.
1048 5205 1093 5249 -⁸
1107 5205 1182 5272 thid,
1194 5220 1219 5256 r.
1230 5204 1324 5256 tle-⁸
1335 5203 1432 5265 batth,
1443 5219 1497 5270 cap.
1510 5217 1576 5254 usu
1587 5239 1594 5266 ,
1604 5217 1629 5253 r.
1641 5201 1822 5263 11.-'Joan.‚

203 5325 231 5336 -
248 5297 262 5325 ⁸
274 5295 379 5355 Mart„
392 5309 447 5362 cap.
458 5310 530 5356 nn,
540 5311 565 5346 v.
577 5297 653 5348 bh-
663 5291 764 5356 ‘loan.‚
778 5305 833 5359 cap.
845 5307 918 5354 anu,
930 5307 953 5343 r.
968 5293 1010 5344 20.
1051 5305 1107 5357 asp.
1119 5306 1178 5354 xix,
1189 5305 1212 5340 v.
1228 5291 1267 5340 10.
1279 5317 1311 5328 -
1321 5287 1331 5317 ⁸
1343 5287 1426 5352 loun„
1438 5294 1613 5355 cap.1rm,t.
1627 5285 1670 5338 25.

377 5397 388 5444 1
775 5455 779 5466 Ι
1644 5375 1684 5437 58
