4590 6106
304 2367 357 2400 Cdl’.
373 2369 407 2401 ΙΧ.

296 2415 330 2466 De
352 2417 415 2467 libro

178 2475 180 2480 ’
259 2482 450 2546 theologiarua,

279 2557 303 2594 et
313 2562 431 2612 persecu-

272 2613 344 2687 tione·
365 2628 435 2680 quam

286 2689 399 2727 sustinuit
412 2694 425 2726 a

264 2741 447 2809 condiscipulis,

487 648 529 714 18
916 643 1042 712 PETlll
1072 641 1301 715 tumtunm
1326 643 1381 716 ΕΤ
1406 640 1631 714 HELOlSSAE

452 801 455 808 '
482 809 555 856 non
570 786 711 882 penitus
731 785 859 881 abjeci,
877 783 939 856 sed
959 783 1005 857 de
1024 783 1080 854 his
1099 785 1201 880 quasi
1221 784 1367 858 hamum
1388 783 1580 881 quemdam
1594 781 1779 872 fabricavi,
1800 801 1874 878 quo
1892 780 1970 850 illos
1983 781 2061 878 plri-

480 903 665 1002 losophioo
693 927 817 1002 sapore
844 904 1020 976 inescatos
1051 901 1097 973 ad
1121 927 1211 977 verm
1239 902 1473 1002 philosophiae
1498 901 1685 977 lectionem
1708 900 1945 987 attraherem,
1971 901 2060 972 sicut

479 1039 514 1094 et
533 1047 713 1094 summum
735 1021 1009 1094 christianorum
1034 1019 1332 1120 philosophorum
1357 1023 1548 1119 Origenem
1566 1021 1790 1094 consuevisse
1810 1023 1969 1092 Historia
1988 1043 2061 1090 me-

479 1142 581 1214 minit
597 1141 872 1214 acclamabat
896 1145 1018 1228 Quum
1037 1155 1156 1214 autem
1175 1141 1211 1212 in
1232 1141 1352 1216 divina
1378 1142 1548 1241 scriptura
1571 1165 1644 1212 non
1668 1139 1844 1212 minorem
1864 1138 1952 1212 mihi
1976 1163 2059 1236 gra-

479 1267 581 1356 tiam,
604 1289 712 1362 quam
731 1265 767 1336 in
793 1265 943 1336 seculari
961 1265 1136 1338 Dominus
1159 1265 1351 1337 contulisse
1371 1264 1562 1354 videretur,
1589 1277 1774 1362 coeperunt
1795 1261 1991 1336 admodum
2016 1288 2058 1332 ex

479 1400 626 1480 utraque
645 1383 796 1455 lectione
817 1383 946 1454 scholae
967 1399 1095 1456 nostrae
1110 1383 1350 1483 multiplicari,
1372 1401 1404 1456 et
1421 1399 1553 1458 caetene
1570 1408 1696 1454 ornnes
1717 1380 1946 1454 vehementer
1970 1397 2058 1452 atte-

478 1506 592 1574 nuari.
605 1501 708 1575 Unde
723 1504 874 1575 maxime
887 1505 1136 1601 magistrorum
1151 1503 1318 1575 invidiam
1335 1519 1440 1602 atque
1452 1503 1575 1574 odium
1588 1502 1775 1575 adversum
1795 1526 1852 1572 me
1871 1501 2058 1589 concitavi,

478 1625 538 1719 qui
569 1625 603 1693 in
637 1622 803 1694 omnibus
827 1649 905 1720 quae
934 1637 1100 1720 poterant
1125 1624 1211 1695 mihi
1238 1623 1472 1722 derogantes,
1503 1623 1577 1694 dno
1610 1624 1785 1722 praecipue
1813 1619 1949 1693 absenti
1976 1613 2063 1692 mihi

478 1769 617 1842 semper
644 1741 884 1838 objiciebant:
914 1744 1013 1842 quod
1051 1743 1182 1817 scilicet
1219 1747 1405 1844 proposito
1438 1743 1603 1817 monachi
1633 1743 1755 1815 valde¹
1777 1744 1820 1812 sit
1845 1745 2062 1813 contrarium

478 1862 688 1933 secularium
707 1861 880 1933 librorum
900 1863 1018 1936 studio
1038 1863 1208 1954 detineri,
1229 1879 1264 1936 et
1285 1865 1385 1961 quod
1409 1864 1484 1935 sine
1504 1864 1671 1960 magistro
1690 1862 1736 1934 ad
1751 1863 1989 1959 magisterium
2012 1863 2064 1933 di-

478 1984 566 2052 vinae
589 1982 750 2054 lectionis
769 1983 938 2055 accedere
960 1985 1315 2084 praesumpsissem⁸3
1339 2000 1378 2055 ut
1401 1986 1451 2056 sic
1473 1983 1636 2056 videlicet
1653 2007 1761 2054 omne
1786 1981 1874 2064 milri
1895 1981 2064 2053 doctrinae

479 2101 648 2174 scholaris
675 2104 881 2174 exercitium
912 2103 1199 2193 interdiceretur,
1230 2103 1275 2174 ad
1307 2104 1407 2203 quod
1438 2105 1676 2175 incessanter*
1708 2103 1914 2202 episcopos,
1945 2101 2064 2172 archi-

482 2224 685 2320 episcopos,
702 2220 857 2312 abbates,
871 2239 905 2295 et
917 2249 1149 2321 quascunque
1163 2239 1328 2324 poterant
1341 2225 1494 2323 religiosi
1507 2224 1661 2296 nominis
1670 2247 1841 2322 personas
1856 2220 2060 2293 incitabant.

527 2342 661 2414 Accidit
679 2359 798 2414 autem
820 2343 905 2414 mihi
925 2359 965 2414 ut
983 2343 1029 2414 ad
1051 2345 1167 2442 ipsum
1193 2343 1274 2418 lidei
1293 2361 1423 2416 nostrae
1442 2343 1715 2415 fundamentum
1737 2339 1902 2413 hnmanae
1919 2343 2065 2412 rationis

478 2463 766 2536 similitudinibus
784 2463 1030 2536 disserendum
1054 2466 1170 2562 primo
1190 2491 1248 2538 me
1268 2465 1503 2564 applicarem,
1522 2479 1557 2535 et
1574 2463 1766 2561 quemdam
1790 2461 1977 2559 theologiae
1999 2478 2066 2534 tra·

479 2597 613 2654 etatum
627 2581 670 2654 de
691 2587 833 2655 {saltate
847 2601 883 2655 et
899 2587 1070 2654 Trinitate
1086 2583 1223 2654 dr'vr‘nal
1240 2583 1459 2656 scholaribus
1478 2584 1607 2655 nostris
1620 2607 1898 2686 componerem,
1919 2582 1981 2680 qui
1997 2581 2063 2652 lin·

479 2727 600 2775 manas
622 2721 657 2776 et
683 2703 949 2804 philosophicas
975 2705 1129 2775 rationes
1153 2705 1404 2800 requirebant,
1429 2719 1464 2775 et
1490 2703 1569 2804 plus
1586 2729 1664 2801 quae
1685 2701 1827 2800 intelligi
1852 2727 1958 2800 quam
1990 2727 2067 2801 qnae

477 2823 545 2894 dici
570 2841 716 2922 possent
739 2823 1007 2921 efflagitabant:
1038 2825 1194 2896 dicentes
1220 2824 1365 2922 quidem
1392 2824 1583 2896 verborum
1607 2821 1822 2922 superfluam
1849 2847 1925 2893 esse
1950 2821 2069 2919 prola·

478 2944 629 3036 tionem,
651 2969 757 3043 quam
776 2943 1006 3042 intelligentia
1025 2968 1099 3014 non
1115 2960 1334 3042 sequeretur,
1357 2969 1424 3014 nec
1443 2943 1539 3014 credi
1554 2967 1659 3042 posse
1673 2939 1806 3038 aliquid
1823 2939 1889 3011 nisi
1903 2941 2068 3038 primitus

367 3131 368 3136 ,
476 3063 712 3156 intellectum,
734 3079 769 3135 et
787 3062 1019 3135 ridiculosum
1039 3088 1114 3134 esse
1133 3062 1286 3160 aliquem
1306 3063 1382 3134 aliis
1401 3063 1592 3162 praedicare
1610 3061 1709 3159 quod
1727 3088 1795 3134 nec
1814 3063 1908 3162 ipsc,
1930 3087 1997 3133 nec
2018 3061 2066 3133 illi

295 4271 420 4323 llernensir

272 4336 437 4413 archicpisco-

275 4417 435 4518 middin.

475 3209 566 3280 quos
584 3185 730 3258 doceret
744 3186 924 3258 intellectu
941 3211 1067 3284 capere
1089 3201 1256 3283 possent,
1278 3187 1436 3257 Domino
1452 3187 1530 3284 ipso
1550 3201 1720 3284 arguente
1738 3183 1837 3284 quod
1852 3189 1938 3256 caeci
1951 3200 2066 3256 essent

476 3305 579 3376 (luces
598 3307 802 3376 coecorum⁸.
825 3311 941 3394 Quem
961 3304 1107 3403 quidem
1129 3320 1316 3378 tractatum
1334 3331 1447 3402 quum
1466 3305 1636 3378 vidissent
1654 3321 1688 3376 et
1706 3305 1871 3402 legissent
1892 3301 2061 3402 plurimi⁷,

476 3425 583 3524 coepit
606 3425 642 3498 in
669 3449 860 3496 commune
886 3424 1054 3496 omnibus
1079 3423 1273 3522 plurimum
1299 3425 1458 3524 placere,
1487 3425 1587 3523 qnod
1610 3426 1646 3495 in
1675 3449 1719 3496 eo
1740 3423 1872 3523 pariter
1898 3423 2064 3494 omnibus

476 3543 635 3616 satisfieri
658 3569 765 3645 super
786 3545 857 3616 hoc
877 3543 1131 3642 quaestionibus
1160 3545 1358 3617 videbatur.
1390 3549 1432 3617 Et
1458 3547 1629 3644 quoniam
1656 3545 1866 3643 quaestiones
1895 3545 1968 3615 istae
1994 3569 2066 3642 pne

476 3665 642 3735 omnibus
674 3663 833 3736 difficiles
857 3663 1090 3756 videbantur,
1126 3680 1261 3766 quanto
1288 3689 1412 3736 earum
1443 3665 1558 3762 major
1584 3665 1745 3736 extiterat
1767 3665 1937 3764 gravitas,
1965 3679 2064 3735 tanto

476 3784 662 3855 solutionis
690 3809 812 3856 earum
843 3785 1056 3856 censebatur
1081 3785 1195 3880 major
1222 3785 1395 3857 subtilitas
1407 3787 1429 3855 ⁸.
1462 3786 1564 3858 Unde
1594 3783 1711 3858 aemuli
1740 3787 1809 3856 mei
1837 3783 2067 3856 vehementer

476 3904 614 3973 accensi
634 3903 825 3974 concilium
844 3919 969 3975 contra
991 3930 1048 3975 me
1068 3907 1407 4002 congregaveruntl,
1430 3906 1583 3976 maxime
1600 3902 1673 3975 duo
1694 3903 1743 3974 illi
1766 3904 1901 4001 antiqui
1920 3903 2063 3975 insidia-

478 4026 606 4114 tores¹⁰,
622 4023 801 4095 ¹llbericus
813 4024 943 4096 scilicet
956 4041 991 4095 et
1004 4023 1176 4114 Lotulfus,
1187 4025 1329 4123 quijam
1339 4025 1515 4097 defunctis
1529 4025 1702 4122 magistris
1712 4049 1837 4096 eorum
1847 4039 1881 4095 et
1895 4025 2061 4112 nostris¹¹,

476 4142 667 4216 Guillelmo
687 4144 817 4216 scilicet
835 4160 941 4242 atque
963 4144 1147 4233 Anselmo,
1166 4161 1249 4244 post
1268 4170 1330 4216 eos
1348 4146 1448 4242 quasi
1472 4170 1620 4243 regnare
1644 4171 1681 4217 se
1704 4143 1800 4216 solos
1826 4139 2060 4243 appetebant,

475 4277 581 4359 atque
607 4265 713 4335 etiam
741 4264 824 4363 ipsis
855 4278 1021 4360 tanquam
1049 4262 1207 4335 haeredes
1226 4263 1427 4335 succedere.
1463 4267 1583 4352 Quum
1621 4279 1738 4336 autem
1773 4263 1913 4362 utrique
1944 4263 2062 4334 Remis

476 4383 615 4456 scholas
640 4399 820 4482 regerent,
851 4385 983 4456 crebris
996 4387 1016 4422 ¹²
1040 4367 1323 4482 suggestionibus
1341 4383 1648 4485 archiepiscopum
1674 4411 1777 4456 suum
1803 4383 2029 4482 Radulplrum
2044 4389 2063 4422 ¹³

477 4503 664 4575 adversum
678 4529 738 4575 me
750 4504 1061 4592 commoverunt¹‘,
1079 4518 1130 4593 ut,
1151 4505 1259 4576 ascito
1273 4507 1422 4576 Conano
1440 4506 1655 4604 praenestino
1675 4505 1844 4604 episcopo
1851 4508 1881 4594 ¹⁸,
1899 4503 1960 4601 qui
1975 4517 2060 4572 tunc

476 4622 649 4720 legatione
665 4624 875 4722 fungebatur
899 4625 935 4694 in
959 4621 1091 4713 Gallia,
1114 4625 1404 4696 conventiculum
1423 4627 1616 4723 quemdam
1634 4625 1701 4697 sub
1719 4625 1866 4696 nomine
1891 4621 2032 4695 concilii
2043 4626 2062 4659 ¹⁶

475 4742 511 4811 in
532 4745 766 4814 suessionensi
785 4745 925 4815 civitate
946 4742 1188 4833 celebrarent3
1211 4768 1339 4841 meque
1361 4745 1548 4818 invitarent
1571 4760 1746 4842 quatenus
1768 4741 1857 4815 illud
1877 4767 1967 4841 opus
1991 4742 2061 4813 cla-

418 5041 424 5046 .
509 4993 516 5018 ¹
534 4992 623 5044 Eusab.
637 4993 698 5042 Hirr.
711 4993 806 5044 Erotes.
822 4991 866 5044 lib.
886 4992 935 5055 Vl,
952 5008 1008 5058 cap.
1022 5009 1063 5042 vn.
1080 5019 1106 5029 -
1120 4990 1131 5018 '
1145 4993 1250 5042 lamma
1281 4992 1352 5043 llllS.
1367 5021 1388 5028 -
1402 4993 1425 5020 '⁰
1439 4993 1638 5046 vicennam.
1653 5022 1677 5031 -
1687 4993 1706 5021 ¹⁴
1719 4993 1781 5044 Vide
1793 5002 1844 5043 not.
1859 5008 1926 5044 xxxv.
1943 5019 1958 5026 -
1980 4989 2002 5016 ‘¹
2014 4991 2058 5039 ln-

476 5075 587 5128 llllS.-
599 5075 608 5102 ³
621 5078 737 5128 dannan
750 5075 819 5126 llllS.
838 5105 858 5112 -
876 5075 886 5102 ⁴
901 5077 1021 5140 Perpetuo
1034 5077 1105 5129 ttttS.
1123 5105 1150 5113 -
1166 5076 1249 5128 ‘Vide
1278 5078 1349 5138 itastis
1369 5077 1440 5128 llldS.
1453 5105 1485 5115 -
1498 5077 1520 5104 ‘⁸
1534 5079 1574 5128 Sic
1592 5079 1847 5142 tao-maantam
1863 5075 1927 5126 Edit.
1943 5075 2016 5126 Arub.
2027 5103 2057 5110 ·-

477 5172 527 5210 not.
538 5157 675 5210 unm—⁸
687 5159 771 5212 llattlt.
782 5175 837 5226 cap.
850 5177 890 5217 xv.
902 5177 925 5210 v.
940 5159 1028 5210 lla-²
1040 5159 1102 5211 Vide
1113 5172 1164 5210 not.
1178 5176 1248 5210 xxix.
1282 5159 1305 5187 ⁴⁴
1322 5159 1383 5210 Vide
1404 5173 1454 5212 not.
1479 5179 1556 5214 axin.
1575 5189 1605 5198 —
1619 5161 1640 5188 ⁴¹
1657 5162 1718 5213 Vide
1739 5173 1790 5213 not.
1809 5176 1896 5214 uarii.
1910 5185 1943 5198 -
1959 5157 1982 5186 ⁴‘
1996 5157 2057 5208 Vidc

475 5245 528 5282 -⁸
546 5247 585 5295 Vis
605 5244 675 5295 llllS.
691 5243 744 5282 -—'
761 5244 822 5295 llr'br'
840 5249 944 5295 mamma
965 5251 1110 5296 contrarium
1129 5248 1251 5310 empnam
1281 5255 1332 5296 not.
1346 5261 1430 5296 xxxiv.
