4496 6102
701 641 746 712 ΙΝ
771 637 982 712 PASSlONE
1008 635 1162 710 DOMlNl
1190 636 1353 708 SERMO.
1748 632 1820 702 445

232 783 372 854 scientis
388 797 461 854 tam
477 781 569 856 hene
583 807 764 854 summum
778 783 903 854 mortis
917 782 1112 854 cruciatum
1129 784 1378 878 tanquam¹....
1395 795 1489 851 esset
1499 795 1656 878 experta,
1672 796 1821 851 noverat

233 905 344 1000 magis
362 928 445 975 enm
458 903 657 995 horruisse,
673 895 786 1002 quarn
799 919 931 976 caetera
944 916 1089 1002 possent
1103 903 1240 972 arrimae.
1261 898 1416 989 Quando
1434 915 1554 972 autem
1568 899 1649 998 plus
1666 914 1821 970 mortem

231 1023 368 1126 timuit,
390 1040 426 1097 et
443 1027 479 1096 in
497 1027 662 1125 passione
684 1027 905 1098 constantior
927 1025 1094 1123 perstitit,
1113 1038 1213 1095 tanto
1231 1023 1341 1094 virtus
1358 1021 1570 1094 obedientia
1591 1020 1705 1116 major
1722 1022 1760 1092 in
1776 1045 1821 1092 eo

232 1142 622 1244 claruit‚·etmajorem
646 1145 771 1236 nobis,
796 1169 864 1244 pro
884 1143 1014 1242 quibus
1031 1167 1156 1243 passus
1173 1159 1243 1235 est,
1268 1142 1495 1215 dilectionem
1516 1141 1686 1246 exhibuit.
1705 1139 1773 1212 Ubi
1787 1156 1823 1212 et

232 1262 487 1339 infirmioribus
505 1265 674 1338 membris
687 1266 973 1339 consolationem
981 1288 1186 1364 proponere
1200 1263 1331 1356 voluit,
1348 1287 1395 1335 ne
1411 1288 1522 1360 quum
1540 1261 1587 1334 ad
1603 1263 1726 1360 agonis
1740 1285 1820 1359 pas·

231 1384 371 1457 sionem
391 1387 627 1485 trepidarent,
642 1412 709 1487 pro
722 1387 794 1460 hoc
808 1385 1012 1459 infirmitate
1030 1411 1094 1458 sna
1109 1384 1339 1483 desperarent
1352 1385 1499 1456 avenia.
1515 1388 1633 1472 Quam
1652 1397 1820 1454 constan-

230 1518 285 1575 ter
304 1521 433 1578 ·autem
461 1508 639 1579 Dominus
665 1508 823 1607 passioni
853 1521 1056 1579 occurreret
1084 1521 1119 1578 et
1147 1507 1182 1578 in
1214 1506 1378 1604 passione
1408 1506 1630 1604 persisteret,
1660 1505 1820 1602 quisquis

141 1679 143 1684 ,
231 1623 418 1728 diligenter
439 1627 591 1701 attendit
611 1627 721 1726 judex
746 1627 948 1700 secundum
965 1626 1248 1725 magnitudinem
1269 1626 1427 1718 timoris,
1449 1624 1766 1726 incomparabilem
1782 1626 1819 1696 in

231 1769 274 1816 eo
293 1745 614 1821 fortitudinemt...
633 1750 730 1822 enim
748 1735 910 1820 omittam
924 1763 1068 1839 caetera,
1089 1748 1170 1846 quis
1186 1773 1261 1819 non
1279 1747 1368 1820 illud
1385 1749 1545 1839 miretur,
1561 1745 1694 1844 quoda
1707 1748 1819 1819 Pilato

228 1867 464 1966 interrogatus
496 1895 608 1968 quum
636 1867 853 1969 respondere
885 1868 1016 1960 nollet,
1048 1869 1094 1941 ab
1119 1895 1163 1941 eo
1190 1868 1364 1942 audierit:
1382 1868 1503 1944 «Mihi
1534 1894 1608 1942 non
1636 1869 1819 1968 loqueris?

228 1991 347 2060 Nescis
370 1993 453 2088 quia
478 2006 691 2090 potestatem
709 1989 827 2062 habeo
849 1989 1029 2063 dimittere
1047 2005 1099 2082 te,
1120 2005 1187 2063 etc.
1208 2019 1226 2058 a
1246 1991 1316 2078 Qui
1336 1991 1447 2062 etiam
1469 1989 1515 2062 ab
1540 1993 1618 2089 ipso
1638 1991 1685 2062 ad
1703 1995 1818 2064 Hero·

227 2105 311 2178 dem
324 2109 470 2200 missus,
486 2125 657 2209 tanquam
675 2108 721 2181 ad
738 2108 813 2205 ejus
830 2123 1044 2209 potestatem
1062 2110 1264 2208 pertinens,
1280 2133 1394 2206 quum
1412 2124 1501 2180 esset
1519 2109 1702 2202 Galilaeus,
1719 2126 1758 2183 ut
1769 2113 1819 2183 sic

225 2255 291 2326 per
298 2254 382 2301 eum
393 2229 493 2302 sacile
500 2230 642 2304 liberari
651 2245 783 2328 posset,
795 2228 846 2300 nil
857 2231 888 2301 ei
897 2229 1117 2328 respondere
1126 2229 1291 2327 dignatus
1303 2244 1368 2321 est,
1377 2254 1490 2326 quum
1500 2229 1820 2330 multisinterroga·

225 2365 324 2422 retur
330 2352 567 2445 sermonibus,
576 2352 713 2425 nedum
727 2353 760 2424 ei
771 2352 913 2448 signum
922 2350 1070 2449 aliquod
1082 2349 1282 2441 ostendere,
1293 2349 1393 2447 quod
1402 2350 1462 2423 ille
1471 2353 1625 2425 maxime
1636 2355 1813 2454 cupiebat.

274 2469 383 2557 Quod
400 2495 485 2568 ergo
502 2471 669 2570 pavendo
690 2469 839 2560 taedere,
859 2469 915 2542 vel
933 2468 1134 2568 perturbari
1152 2468 1243 2541 adeo
1263 2468 1416 2560 videtur,
1442 2485 1481 2541 ut
1501 2473 1603 2568 quasi
1624 2472 1817 2572 desperans

225 2587 381 2663 diceret:
401 2622 420 2659 κ
437 2596 480 2663 Et
495 2593 584 2691 quid
596 2591 758 2665 dicaml»
774 2593 874 2690 signa
886 2607 969 2664 snut
981 2591 1103 2663 omnia
1120 2615 1194 2662 non
1216 2591 1363 2688 ignaviae
1380 2591 1437 2662 vel
1455 2591 1673 2686 diffidentiae,
1693 2597 1757 2670 sed
1775 2598 1817 2668 ti·

226 2713 336 2785 moris
349 2715 494 2786 maximi
511 2714 558 2786 ad
575 2713 789 2793 infirmitatis
802 2712 1053 2812 probationem
1068 2726 1255 2811 assumptae
1270 2740 1277 2783 ε
1296 2727 1335 2784 ut
1349 2712 1448 2811 quod
1462 2730 1616 2788 mortem
1629 2720 1812 2815 praevenit,

224 2831 301 2930 ipsa
318 2834 394 2930 jam
416 2837 555 2932 gravius
571 2835 733 2908 videatur
752 2853 881 2908 morte.
903 2835 1057 2934 Angelus
1074 2859 1249 2934 apparens
1265 2835 1302 2906 in
1321 2860 1475 2935 persona
1494 2837 1605 2908 Patris
1623 2862 1707 2910 eum
1725 2865 1815 2911 con-

223 2951 346 3046 fortat,
372 2956 463 3029 sicut
490 2973 524 3029 ct
551 2973 654 3031 antea
673 2957 805 3029 factum
830 2955 959 3048 fuerat,
982 2959 1060 3056 ipso
1079 2955 1126 3027 ad
1148 2980 1232 3028 eum
1257 2954 1422 3028 dicente:
1447 2986 1465 3024 «
1488 2960 1532 3028 Et
1549 2956 1757 3050 clarificavi,
1780 2976 1815 3032 et
1930 3035 1932 3040 ,

222 3075 351 3152 iterum
370 3075 584 3148 clarificabo.
601 3107 620 3144 a
636 3081 718 3148 Haec
735 3077 869 3176 quippe
892 3075 1090 3148 consolatio
1108 3075 1279 3148 orationis
1297 3075 1539 3174 complendae,
1564 3103 1636 3174 qua
1655 3103 1723 3178 pro
1742 3081 1813 3154 suis

222 3193 365 3286 orabat,
381 3195 610 3294 intelligenda
624 3210 676 3267 est
692 3195 896 3293 responsio,
916 3219 989 3293 qua
1003 3193 1168 3293 discipuli
1188 3195 1308 3296 audita
1324 3193 1607 3266 consolarentur.
1625 3199 1713 3284 Quis
1727 3197 1813 3271 lide·

221 3311 329 3403 lium,
358 3316 533 3406 Domine,
553 3315 647 3416 hauc
670 3315 776 3386 etiam
803 3329 869 3385 tuae
893 3314 1068 3413 passionis
1091 3315 1304 3386 anxietatem
1327 3314 1402 3385 sine
1426 3317 1675 3415 compassione
1701 3321 1813 3417 possit

219 3429 367 3503 audire?
385 3433 480 3505 hanc
497 3458 564 3532 pro
583 3431 688 3504 nobis
708 3447 806 3505 tuam
823 3431 1130 3532 perturbationem
1149 3447 1258 3530 queat
1282 3433 1474 3505 sustinere?
1495 3436 1551 3506 Ait
1568 3436 1780 3535 Apostolus³
1800 3468 1808 3509 ε

222 3579 240 3616 a
253 3551 291 3620 Si
307 3576 421 3622 unum
438 3554 571 3653 patitur
583 3551 808 3646 membrum,
824 3553 1092 3651 compatiuntur
1109 3553 1230 3624 omnia
1244 3553 1428 3645 membra,
1448 3568 1565 3646 etc.,»
1580 3580 1648 3655 pro
1666 3581 1703 3628 se
1721 3557 1811 3631 invi-

214 3695 299 3742 cem
312 3670 474 3752 sollicita
489 3655 585 3761 Quid
595 3697 680 3768 ergo
690 3696 757 3772 pro
767 3673 882 3772 capite
891 3670 1035 3772 dolores
1043 3686 1187 3744 nostros
1198 3687 1233 3744 et
1245 3688 1389 3771 peccata
1398 3687 1576 3772 portante,
1590 3697 1658 3746 nos
1669 3691 1813 3775 oportet

211 3792 356 3864 facere?
370 3794 459 3882 Quis
474 3793 575 3866 siccis
588 3793 701 3865 oculis
713 3791 786 3865 hoc
802 3791 997 3889 intelligat?
1012 3791 1121 3888 Cujus
1139 3816 1202 3863 cor
1220 3791 1402 3891 lapideum
1422 3792 1528 3864 dolor
1545 3795 1610 3867 iste
1624 3819 1698 3868 non
1719 3797 1811 3868 sciu-

208 3912 304 3984 dat?
319 3915 474 3986 Scissum
492 3929 545 3986 est
562 3913 682 3986 velum
698 3912 822 4011 templi
835 3913 872 3983 in
886 3926 959 4002 tua,
975 3911 1144 4002 Domine,
1158 3911 1341 4010 passione,
1358 3926 1393 3984 et
1407 3913 1453 3984 ad
1469 3929 1568 3986 terrae
1580 3931 1720 3988 motum
1734 3919 1810 4015 ipsa

206 4035 325 4104 etiam
338 4031 419 4106 fissa
427 4048 480 4106 est
488 4033 619 4106 duritia
630 4047 824 4131 petrarum.
838 4031 899 4102 Sol
911 4029 1121 4102 obscuratus
1133 4044 1198 4121 est,
1212 4045 1383 4127 tanquam
1395 4031 1653 4106 immanitatem
1667 4035 1807 4108 sceleris

201 4153 505 4250 conspicerenon
514 4152 632 4226 lerret.
642 4156 721 4252 lpsa
730 4176 876 4250 quoque
888 4147 1297 4248 insensibilia,tanquam
1305 4152 1581 4224 tuamsentirent
1587 4155 1804 4253 passionem,

197 4272 475 4370 compassionis
492 4272 731 4345 exhibuerunt
748 4270 927 4344 affectum.
946 4275 993 4341 Ut
1013 4285 1134 4364 autem
1153 4285 1189 4342 et
1200 4269 1275 4342 haec
1289 4273 1490 4369 compassio
1504 4289 1625 4346 nostra
1643 4289 1807 4372 penetret

119 4469 131 4492 ⁴
196 4418 252 4466 ac
269 4393 411 4467 scindat
430 4393 560 4486 corda,
582 4393 627 4466 ad
645 4394 865 4485 intermissa,
881 4417 957 4464 nou
977 4392 1141 4484 dimissa,
1158 4393 1284 4465 caritas
1295 4394 1478 4492 suspirans
1498 4393 1628 4493 stylum
1643 4396 1801 4470 reducat.

254 4519 432 4611 Egressus
445 4517 563 4612 itaque
574 4515 751 4586 Dominus
766 4513 813 4586 ad
827 4529 988 4586 montem
1006 4513 1152 4616 Dliveti,
1173 4513 1261 4586 sicut
1279 4513 1463 4586 Matthaeus
1479 4516 1597 4608 refert,
1613 4518 1805 4591 venitinde

182 4659 296 4709 cum
313 4635 494 4736 discipulis
512 4633 550 4707 in
568 4635 688 4708 villam
706 4660 785 4733 quae
800 4634 929 4707 dicitur
943 4633 1184 4707 Gethsemani‘.
1206 4638 1323 4723 Quem
1340 4635 1500 4734 profecto
1523 4637 1644 4711 locum
1666 4643 1805 4714 Marcus

177 4754 387 4858 praedium
403 4756 580 4848 nominat,
594 4759 749 4828 loannes
767 4754 874 4827 dicit:
894 4759 1034 4827 «Trans
1050 4756 1425 4847 Jordauem‘Cedron,
1441 4755 1502 4829 uhi
1519 4775 1594 4830 erat
1607 4758 1745 4851 hortus,
1767 4767 1803 4836 in

174 4899 322 4974 quem
350 4873 552 4972 frequenter
577 4880 676 4947 lesus
698 4873 934 4947 conveniebat
951 4899 1035 4947 cum
1061 4873 1291 4974 discipulis,›i
1312 4889 1482 4973 tanquam
1506 4879 1800 4976 secretissimum,

170 5011 319 5095 atque
332 4994 380 5066 ad
397 4995 604 5070 docendum
627 4994 836 5095 discipulos,
857 4995 930 5068 sive
945 4996 1122 5069 orandum
1143 4997 1428 5069 convenientem.
1450 4998 1549 5072 ldem
1567 5001 1686 5098 itaque
1699 5003 1802 5077 intel·

209 5276 219 5302 ¹
232 5275 342 5325 Luem
350 5269 620 5337 corruptus-'Locus
631 5270 819 5338 comptu-³
833 5271 941 5325 vortat.
953 5273 975 5335 1,
988 5286 1042 5340 cap.
1057 5286 1106 5336 ru,
1120 5288 1144 5326 r.
1156 5263 1326 5341 statere
1337 5284 1474 5326 tamtan.
1487 5274 1570 5339 toan,
1582 5290 1638 5345 cap.
1651 5293 1724 5340 xvru,
1739 5295 1761 5330 v.
1781 5285 1800 5330 1.
