4536 6102
783 577 841 649 DE
866 576 1160 650 ELEEMOSYNA
1185 577 1348 648 SERMO.
1791 578 1856 648 551

282 722 483 822 implemus.
503 719 607 794 Unde
630 733 668 792 et
685 718 822 792 Veritas
842 743 960 815 quum
970 719 1019 790 de
1037 719 1282 792 misericordia
1298 733 1402 792 caute
1422 717 1625 791 exhibenda
1639 719 1860 816 loqueretur,

283 841 413 914 dixit¹z
434 840 645 914 «Attendite
670 863 717 912 ne
738 838 1091 935 justitiamvestram
1114 840 1250 914 faciatis
1272 863 1396 912 eoram
1417 839 1639 912 hominihus.
1655 869 1674 909 »
1702 844 1746 914 Et
1768 841 1864 912 Psal-

283 961 406 1032 mista²
424 988 433 1032 τ
457 989 476 1028 r
493 958 683 1056 Dispersit‚
702 956 802 1028 dedit
817 956 1051 1055 pauperibus,
1070 958 1209 1054 justitia
1230 959 1305 1056 ejus
1321 973 1443 1031 manet
1459 960 1495 1031 in
1512 958 1681 1030 saeculum
1698 959 1830 1030 saeorrli.
1843 989 1862 1028 »

283 1083 347 1150 Est
359 1079 458 1150 enim
467 1078 615 1173 justitia,
629 1100 709 1174 quae
720 1075 913 1172 unicuique
926 1076 1046 1148 reddit
1061 1077 1161 1174 quod
1173 1103 1279 1150 suum
1294 1093 1360 1150 est.
1379 1082 1501 1165 Quum
1516 1093 1637 1150 autem
1649 1077 1868 1176 pauperibus

281 1219 347 1270 sua
372 1196 609 1284 restituimus,
633 1195 788 1268 mxima
800 1209 866 1268 ,est
887 1193 1094 1268 adlubenda
1118 1195 1304 1285 discretio,
1323 1221 1369 1272 ne
1385 1196 1519 1269 scilicet
1534 1197 1635 1294 quod
1651 1196 1795 1269 alterius
1814 1212 1867 1269 est

283 1315 392 1389 alteri.
405 1315 549 1407 demus,
573 1329 636 1388 eut
659 1315 720 1386 cui
738 1316 850 1411 magis
870 1314 1061 1407 debemus,
1084 1317 1205 1388 minus
1221 1317 1362 1389 demus.
1381 1323 1443 1389 Est
1459 1318 1560 1390 enim
1569 1319 1736 1390 discretio
1753 1333 1866 1390 mater

284 1435 448 1508 omnium
463 1435 649 1508 virtutum.
672 1435 748 1508 Etsi
764 1447 860 1506 recte
876 1434 1024 1521 offeras,
1043 1435 1108 1507 sed
1122 1461 1200 1508 non
1215 1451 1311 1509 recte
1327 1435 1480 1526 dividas,
1498 1439 1665 1536 peccasti.
1685 1443 1729 1510 Et
1745 1438 1867 1510 omnia

283 1551 338 1626 lex
354 1552 679 1626 immundaceuset
690 1549 869 1642 animalia,
883 1576 963 1648 quae
978 1577 1054 1624 non
1065 1555 1263 1644 ruminant,
1283 1569 1318 1625 et
1333 1579 1410 1625 non
1423 1553 1568 1627 findunt
1583 1556 1772 1652 ungulam.
1787 1559 1867 1628 Non

283 1671 381 1744 enim
396 1669 600 1744 infidelibus
612 1671 822 1766 deneganda
838 1685 894 1744 est
908 1672 1167 1762 nrisericordia,
1178 1673 1243 1744 sed
1258 1673 1411 1746 maxime
1429 1672 1593 1746 fidelibus
1609 1675 1865 1773 impendanda.

282 1793 387 1862 Juxta
409 1789 510 1886 quod
529 1789 702 1887 scripturn
721 1792 809 1862 eser:
824 1818 843 1858 a
858 1790 1010 1862 Maxime
1033 1804 1154 1862 autem
1178 1789 1224 1862 ad
1248 1791 1465 1864 domesticos
1490 1790 1593 1883 fidei,
1609 1821 1627 1862 r
1650 1795 1680 1864 si
1704 1809 1804 1866 tanta
1820 1795 1869 1866 sit

283 1908 424 2006 largitae
448 1907 808 2007 stipisporrigeudae.
837 1907 908 1980 Sed
935 1908 1124 2006 Apostolus
1149 1908 1257 1980 docet
1282 1910 1653 2009 faciendamquidem
1676 1912 1869 1986 adornares

284 2025 562 2124 eleemosynam,
580 2026 646 2098 sed
659 2027 814 2100 maximo
833 2025 881 2098 ad
897 2025 1117 2100 domesticos
1132 2025 1240 2100 fidei..
1250 2031 1304 2103 De
1319 2027 1451 2125 quibus
1467 2044 1503 2100 et
1518 2030 1680 2102 Salvator
1696 2030 1868 2128 loqueba.

283 2148 384 2226 tur‘:
400 2149 530 2233 «Quos
555 2146 730 2244 recipiant
755 2147 792 2216 in
815 2159 949 2218 aeterna
975 2144 1217 2218 tabernamla.
1234 2173 1252 2214 r
1279 2147 1350 2218 Sed
1375 2147 1468 2218 inter
1492 2149 1601 2220 etiam
1626 2150 1724 2246 ipsos
1747 2147 1870 2222 fideles

284 2289 458 2364 pauperes
475 2264 588 2339 multa
605 2279 660 2337 est
675 2263 895 2355 differentia,
923 2289 1036 2362 quarm
1060 2264 1120 2338 alii
1140 2289 1315 2363 pauperes
1336 2265 1464 2338 mundi
1479 2267 1552 2340 sint
1567 2269 1793 2358 necessitate,
1813 2268 1872 2342 alii

285 2409 459 2482 pauperes
485 2385 552 2456 Dei
576 2382 940 2482 propria=voluntate3
963 2381 1009 2456 de
1033 2381 1165 2480 quibus
1185 2383 1358 2456 dicitur⁸2
1378 2386 1508 2457 «Beati
1529 2410 1706 2484 pauperes
1726 2388 1868 2485 spiritu,
1975 2404 1979 2410 ·

284 2504 459 2600 quoniam
478 2504 641 2601 ipsorum
659 2517 712 2578 est
733 2527 884 2598 regnum
900 2501 1120 2576 coelorum.»
1144 2502 1261 2590 Quod.
1274 2503 1516 2600 etpraedictus
1538 2505 1669 2578 doctor
1684 2506 1872 2603 diligenter

286 2623 486 2710 attendens,
505 2637 768 2720 consequenter
779 2622 909 2718 adjecit
923 2650 967 2694 :a
981 2623 1272 2719 Nunquidetisti
1282 2647 1475 2722 pauperes,
1494 2626 1588 2698 inter
1608 2651 1888 2726 quorum÷pan·-

287 2767 354 2816 nos
379 2758 415 2817 et
438 2741 634 2839 ingluviem
657 2742 820 2841 corporis
842 2741 1006 2839 flagrem.
1019 2741 1133 2816 lih'ido
1155 2742 1385 2833 dominatur,
1412 2760 1564 2842 possunt
1586 2745 1720 2818 habere
1740 2759 1872 2820 eterna
1979 2785 1983 2793 ³

286 2861 533 2953 tabernacula,
554 2863 617 2959 qui
638 2886 711 2934 nee
725 2862 912 2959 praesentia
928 2861 1123 2959 possideant
1135 2887 1203 2934 noc
1220 2861 1361 2935 fuurral
1377 2865 1457 2936 Non
1474 2864 1572 2934 euim
1587 2862 1771 2962 simplices·
1782 2889 1870 2961 pau,

287 3005 409 3078 peres,
431 2979 495 3052 sed
518 3003 700 3078 pauperes
715 2981 842 3079 spiritu
861 2979 958 3055 beati
974 2979 1217 3078 appellantur,
1237 2979 1274 3051 id
1290 2997 1344 3052 est
1360 2995 1400 3053 ut
1415 2981 1448 3052 ei
1466 2979 1599 3054 tribuat
1614 2982 1677 3078 qui
1697 2980 1872 3054 erubescit

287 3099 461 3196 accipere,
475 3113 511 3171 et
526 3124 640 3196 quum
651 3099 833 3197 acceperit
848 3098 947 3174 dolet
962 3113 1102 3176 metens
1116 3097 1287 3188 carnalia,
1298 3114 1334 3174 et
1343 3097 1751 3197 seminansspiritualia.
1764 3127 1783 3166 »
1802 3101 1872 3172 Sed

286 3217 381 3290 inter
398 3219 495 3316 ipsos
511 3219 654 3308 iterum,
673 3221 736 3317 qui
752 3220 825 3294 uei.
834 3220 1082 3318 potiusquam
1094 3219 1531 3318 mundipauperessunt,
1549 3219 1725 3294 nonnulla
1740 3234 1794 3292 est
1810 3219 1874 3294 dis·

288 3335 449 3426 ferentia,
464 3363 578 3435 quum
594 3338 653 3412 alii
668 3339 906 3438 plangeant,
921 3338 982 3414 atii
998 3339 1131 3414 miurus.
1143 3339 1367 3436 Hi=quidem‚
1386 3339 1872 3438 quisaeoalopenttusahre

289 3455 494 3532 nuntiantes
510 3456 746 3554 apostolicam
764 3457 950 3532 imitantur
964 3458 1094 3546 vitam,
1111 3457 1269 3532 veriores
1288 3471 1562 3556 suntpauperes
1577 3472 1622 3528 et
1633 3461 1711 3530 Deo
1727 3458 1874 3556 propiu-
1931 3457 1934 3462 ’

289 3576 446 3672 quiores.
472 3576 543 3650 Sed
567 3591 651 3650 sunt
673 3576 791 3673 hujus*
805 3575 1042 3675 professionis
1056 3601 1133 3650 non
1157 3575 1388 3653 solummodo
1412 3578 1496 3668 viri,
1514 3576 1579 3650 sed
1594 3577 1871 3666 etiamleminae,

290 3717 368 3791 quae
390 3719 503 3792 quum
528 3694 601 3768 siut
625 3695 957 3792 tagttoruaxm,
968 3710 1026 3770 et.
1039 3695 1247 3772 infirmioris
1262 3711 1411 3786 uatum,
1430 3710 1532 3770 tanto
1552 3710 1607 3768 est
1622 3719 1747 3768 earum
1762 3697 1874 3770 virtus
1990 3720 1994 3728 ·

290 3818 368 3888 Deo
385 3815 636 3914 acceptabilior
652 3829 761 3913 atqua
775 3815 978 3914 perfectior,
988 3830 1205 3912 ,quantoest
1219 3831 1345 3890 uatma
1363 3814 1553 3906 infirmior,
1563 3817 1664 3912 juxa
1678 3815 1767 3888 illud
1783 3825 1874 3916 Apo

291 3935 390 4005 stoli⁸
409 3963 417 4006 ε
441 3939 561 4007 «Nam
577 3937 689 4006 virtus
705 3937 743 4006 in
761 3934 968 4006 infirmitate
982 3933 1177 4032 perficitur.
1196 3962 1214 4002 >r

341 4063 417 4130 lstae
424 4085 550 4156 quum,
563 4059 712 4130 terrenis
722 4059 895 4155 conjugiis
902 4057 960 4128 vel
966 4056 1163 4129 carnalium
1170 4055 1396 4154 voluptatum
1408 4055 1583 4128 illecebris
1592 4057 1873 4154 sprelis,spouso

292 4178 485 4250 immortali
500 4203 538 4249 se
554 4177 739 4277 copulant,
757 4201 897 4276 sponsae
914 4177 1047 4248 summi
1061 4176 1153 4272 regis
1170 4175 1317 4265 effectae,
1333 4177 1496 4246 omniurn
1512 4176 1588 4271 ejus
1603 4198 1790 4246 servorum
1803 4174 1876 4246 effi·

292 4298 434 4369 ciuntur
450 4299 619 4370 dominas.
639 4298 747 4385 Quod
764 4298 951 4394 diligenter
962 4295 1150 4369 attendens
1165 4294 1291 4368 beatus
1307 4297 1547 4392 Hieronymus
1564 4319 1677 4393 quum
1697 4295 1743 4366 ad
1765 4319 1874 4366 unam

292 4415 421 4488 harum
432 4441 646 4517 sponsarum
657 4417 892 4488 Eustochium
904 4417 1087 4506 scriberet,
1099 4417 1186 4488 aiu:
1202 4444 1219 4484 κ
1230 4421 1312 4486 Haec
1327 4416 1475 4505 idcirco,
1489 4415 1638 4487 domina
1650 4439 1730 4486 mea
1744 4417 1873 4487 Eusto-
1941 4465 1944 4470 -

293 4535 432 4626 chium,
455 4536 642 4608 dominam
658 4537 792 4633 quippe
808 4534 925 4607 debeo
941 4559 1071 4607 vocare
1087 4559 1257 4633 sponsam
1273 4534 1413 4605 domini
1434 4535 1517 4606 mei.
1534 4562 1551 4601 a
1575 4532 1684 4622 Quod
1704 4534 1733 4604 si
1755 4547 1874 4604 tantus

294 4656 457 4728 Ecclesiae
473 4657 601 4728 doctor
616 4657 789 4728 veraciter
804 4655 965 4754 profiteri
981 4681 1057 4728 nou
1074 4655 1229 4744 erubuit,
1243 4669 1279 4726 et
1291 4679 1356 4727 vos
1367 4679 1427 4726 eas
1443 4655 1609 4726 dominas
1618 4669 1751 4726 vestras
1768 4652 1874 4724 rebus

294 4777 379 4874 ipsis
395 4777 506 4873 magis
522 4801 632 4874 quam
646 4775 765 4848 verbis
787 4791 1101 4873 recognoscentes,
1125 4800 1171 4848 ne
1191 4774 1363 4847 differatis
1379 4799 1502 4847 earum
1518 4775 1648 4872 inopiae
1664 4773 1871 4860 subvenire,

329 5073 453 5138 Ἱππὼ,
472 5091 527 5144 cap.
548 5091 587 5139 rr,
608 5092 632 5128 r.
658 5075 868 5129 l.-²Psalm.
884 5094 924 5141 nr,
945 5093 967 5128 v.
988 5079 1065 5129 9.-
1106 5071 1876 5144 'llatth.,eap..r,t·.3.-⁸Gortnth.ll‚oap.xn‚r.S.

295 5158 402 5212 'Galat
426 5177 481 5230 cap.
499 5178 536 5224 rr,
555 5178 580 5214 r.
601 5161 784 5226 10.-⁴l.uc.,
803 5177 858 5230 cap.
877 5179 933 5225 rrr,
951 5179 976 5214 r.
995 5163 1021 5215 a.
1034 5190 1063 5200 -
1105 5189 1136 5200 -
1149 5161 1158 5188 ’
1170 5161 1244 5228 Epist.
1257 5177 1329 5222 xrru,
1343 5161 1404 5224 opp.
1416 5159 1459 5220 1v,
1471 5171 1534 5226 pert.
1546 5160 1669 5226 tt,p.rt.
