4496 6102
742 665 786 738 ΙΝ
811 667 970 739 NATALl
996 665 1155 738 DOMlNl
1180 666 1342 738 SERMO.
1762 667 1834 738 365

245 806 433 905 sapientia,
456 807 507 877 sic
524 805 570 878 ad
589 831 656 878 nos
670 831 735 905 per
751 809 950 906 Virginem,
969 807 1276 907 quemadmodum
1291 810 1431 882 claritas
1445 807 1541 880 solis¹
1555 833 1621 908 per
1634 807 1837 880 solidissimi

246 927 327 998 vitri
351 925 515 1026 specular
536 925 744 1024 ingreditur.
760 929 937 1001 Omnibus
955 931 1087 1028 quippe
1105 929 1255 1002 metallis
1272 931 1404 1002 vitrum
1424 928 1571 1001 solidius
1587 942 1640 1000 est
1657 954 1699 1001 ac
1715 929 1837 1027 splen-

246 1045 381 1138 didius,
404 1061 522 1120 tamen
543 1047 713 1145 fragilius,
735 1074 801 1122 nec
821 1065 903 1149 post
920 1050 1109 1122 fracturam
1129 1050 1177 1122 ita
1198 1049 1396 1149 reparabile
1415 1064 1454 1121 ut
1479 1064 1615 1121 caetera.
1644 1053 1689 1120 Et
1708 1065 1837 1122 sanctae

247 1168 389 1265 virginis
408 1169 606 1266 integritas,
633 1193 741 1267 quam
762 1169 937 1243 definiens
954 1170 1143 1270 Apostolus
1160 1171 1248 1241 ait’:
1276 1200 1294 1239 u
1306 1175 1352 1242 Ut
1371 1171 1414 1241 sit
1435 1185 1557 1242 sancta
1575 1184 1611 1242 et
1628 1194 1783 1269 corpore
1801 1187 1836 1243 et

244 1289 387 1387 spiritu,
406 1317 424 1356 n
450 1291 640 1362 maximam
665 1289 773 1362 babet
799 1289 1032 1382 soliditatem,
1063 1306 1098 1362 et
1122 1291 1228 1363 tanto
1243 1294 1320 1362 Deo
1344 1289 1547 1389 resplendet
1569 1290 1832 1388 acceptabilior,

245 1425 381 1506 quanto
396 1425 449 1482 est
473 1410 601 1508 hujus³
617 1413 730 1483 virtus
751 1411 947 1484 sublimior.
972 1411 1042 1485 Sed
1059 1413 1143 1509 quia
1167 1411 1243 1484 baec
1267 1412 1367 1485 facile
1384 1411 1546 1512 deperire
1566 1427 1699 1511 potest,
1717 1415 1834 1485 statim

244 1528 408 1602 videlicet
426 1532 456 1601 si
472 1530 528 1603 vel
552 1555 653 1603 mens
676 1547 842 1633 corrupta
861 1534 984 1623 fuerit,
1005 1559 1073 1606 nec
1093 1534 1168 1629 jam
1187 1534 1333 1605 ulterius
1355 1534 1557 1630 recuperari
1576 1533 1633 1606 vel
1647 1534 1835 1630 integrari‘

243 1649 359 1722 valet:
376 1675 486 1748 quam
499 1652 544 1724 sit
557 1651 677 1749 fragile
688 1653 760 1724 hoc
772 1668 891 1725 tamen
910 1653 1050 1727 bonum
1064 1653 1191 1752 liquet,
1209 1669 1245 1726 et
1258 1679 1366 1752 quam
1381 1653 1540 1752 diligenti
1562 1653 1724 1726 custodia
1741 1656 1833 1727 indi-

243 1786 333 1866 geat.
351 1775 404 1842 De
424 1771 495 1843 hoc
517 1771 637 1870 itaque
656 1788 826 1870 tanquam
845 1773 958 1872 fragili
975 1775 1067 1847 vitro
1083 1776 1160 1873 ipsa
1185 1775 1252 1846 Dei
1270 1775 1381 1846 virtus
1405 1790 1441 1846 et
1458 1775 1646 1873 sapientia,
1668 1775 1726 1847 cui
1745 1775 1834 1847 velle

242 1914 348 1988 posse
365 1905 436 1981 est,
458 1893 559 1988 quasi
576 1892 738 1992 specular
756 1893 941 1990 quoddam
959 1896 996 1966 in
1023 1897 1167 1992 Virgine
1186 1895 1252 1967 sibi
1271 1897 1493 1995 composuit3
1511 1921 1577 1995 per
1591 1897 1690 1994 quod
1709 1923 1747 1970 se
1770 1923 1834 1968 no·

241 2007 296 2080 bis
314 2035 475 2083 summus
499 2011 559 2083 ille
581 2009 709 2084 divinae
723 2012 889 2084 claritatis
907 2015 1078 2113 splendor
1098 2015 1243 2109 infudit,
1261 2031 1296 2089 et
1315 2043 1381 2090 nec
1396 2043 1462 2116 per
1479 2033 1694 2117 conceptum
1716 2020 1832 2115 ingre·

241 2129 359 2221 diens,
382 2155 448 2202 nec
473 2145 537 2231 per
555 2135 715 2231 partum¹
732 2133 916 2229 egrediens
937 2132 1024 2205 illud
1044 2135 1237 2235 dissipavit.
1260 2141 1304 2208 Et
1325 2137 1526 2209 notandum
1548 2137 1648 2234 quod
1673 2137 1834 2236 specular

242 2249 387 2346 quidem
410 2249 554 2350 plenam
579 2250 667 2322 lucis
685 2251 880 2323 claritatem
905 2253 1067 2350 suscipit,
1094 2254 1157 2325 sed
1180 2253 1271 2326 adeo
1299 2255 1443 2353 plenam
1462 2281 1537 2328 non
1562 2257 1738 2347 refundit,
1766 2283 1832 2330 nec

240 2384 375 2441 tantam
394 2368 545 2444 reddere
562 2384 700 2469 potest,
715 2385 887 2468 quantam
901 2371 1006 2468 capit.
1024 2371 1081 2442 Sic
1094 2386 1129 2442 et
1144 2371 1202 2444 ille
1215 2373 1356 2445 divinus
1369 2373 1497 2472 fulgor,
1519 2401 1632 2473 quum
1651 2401 1688 2448 se
1708 2374 1752 2448 ad
1766 2402 1832 2449 nos
1882 2411 1886 2420 ·

239 2501 310 2586 per
325 2487 414 2582 illud
436 2489 604 2586 virginale
631 2490 793 2588 specular
811 2491 987 2580 immittit,
1007 2488 1116 2587 longe
1134 2490 1307 2588 ampliore
1320 2495 1430 2590 gratia
1440 2495 1623 2592 Virginem
1641 2521 1750 2593 quam
1765 2521 1831 2568 nos

240 2609 392 2682 illustrat
409 2634 472 2709 per
484 2611 678 2709 Virginem.
700 2609 801 2684 Unde
819 2625 854 2683 et
871 2609 964 2684 bene
982 2611 1028 2682 ab
1047 2611 1174 2709 angelo
1191 2613 1300 2708 gratia
1313 2611 1419 2710 plena
1434 2614 1632 2706 salutatur⁶,
1654 2632 1690 2688 et
1702 2617 1738 2688 in
1751 2642 1830 2690 eam

240 2730 470 2829 supervenire
487 2732 637 2828 Spiritus
657 2745 799 2803 sanctus
818 2731 1015 2804 nuntiatur.
1046 2736 1127 2830 Ipsa
1149 2735 1301 2830 quippe,
1326 2748 1502 2830 quantum
1519 2735 1679 2809 humana
1703 2763 1831 2836 capere

239 2864 357 2946 potest
375 2864 517 2939 natura,
532 2849 702 2923 omnibus
720 2849 848 2922 divinae
861 2852 1000 2948 gratiae⁷
1018 2851 1123 2923 donis
1141 2851 1321 2922 cumulata
1333 2866 1447 2924 totum
1462 2852 1569 2925 simul
1582 2857 1829 2954 accepitquod

239 2969 477 3068 particulatim
499 2968 720 3043 distribuitur
743 2969 831 3044 aliis.
851 2973 954 3044 Venit
970 2972 1088 3069 itaque
1108 2995 1199 3070 saepe
1218 2973 1367 3070 Spiritus
1382 2987 1525 3044 sanctus
1542 2975 1578 3045 in
1600 2974 1688 3046 alios
1705 2974 1828 3048 fideles

238 3117 304 3192 per
322 3090 470 3188 aliquod
486 3093 603 3189 gratiae
621 3117 692 3164 suae
710 3091 868 3184 donum,
885 3091 948 3165 sed
965 3093 1001 3164 in
1017 3093 1119 3164 istam
1136 3094 1340 3192 supervenit
1358 3121 1366 3163 :
1388 3094 1472 3190 quia
1484 3093 1592 3192 longe
1605 3098 1827 3194 superiorem

237 3203 297 3275 hic
322 3201 517 3274 adventum
539 3202 681 3294 habuit,
712 3202 775 3275 ubi
794 3202 955 3276 fidelium
978 3203 1142 3274 omnium
1166 3218 1333 3302 operatus
1361 3219 1415 3276 est
1434 3204 1596 3278 salutem.
1622 3209 1828 3280 Secundum

192 3405 203 3422 ·
237 3347 348 3420 quarn
366 3321 511 3420 quidem
538 3323 785 3421 operationem
806 3323 967 3396 Salvator
991 3324 1067 3422 ipse
1094 3347 1169 3394 non
1191 3322 1309 3395 solum
1330 3349 1372 3396 ex
1391 3325 1536 3421 Virgine
1554 3341 1675 3416 natus,
1695 3327 1758 3398 sed
1783 3329 1829 3404 de
1917 3383 1923 3396 .

234 3445 316 3544 ipso
339 3467 485 3542 quoque
511 3446 641 3544 Spiritu
672 3460 776 3517 natus
794 3470 870 3518 esse
890 3445 1039 3536 dicitur,
1072 3470 1134 3517 seu
1163 3461 1370 3546 conceptus.
1406 3446 1514 3520 Aliter
1540 3463 1659 3519 tamen
1681 3474 1725 3520 ex
1750 3449 1826 3538 illa,

235 3565 337 3637 aliter
354 3570 418 3638 eu⁸
437 3564 511 3638 illo.
534 3569 585 3638 Ex
606 3565 667 3638 illa
688 3565 853 3639 videlicet
879 3582 1048 3664 tanquam
1067 3590 1108 3637 ex
1128 3582 1260 3656 matre,
1288 3566 1334 3639 de
1352 3567 1453 3663 cujus
1471 3566 1668 3642 substantia
1685 3593 1828 3643 carnem

234 3687 372 3786 accepit
389 3714 397 3757 τ
419 3686 465 3759 de
481 3687 543 3759 illo
560 3701 681 3758 autem
698 3710 775 3758 non
788 3701 828 3758 ut
846 3685 891 3758 de
908 3701 1025 3785 patre,
1042 3684 1107 3758 sed
1123 3702 1295 3783 tanquam
1316 3686 1363 3758 de
1378 3687 1485 3784 hujus
1499 3688 1689 3762 nativitatis
1703 3715 1828 3790 opera·

235 3823 327 3880 tore.
343 3813 383 3878 ln
396 3807 464 3879 hac
478 3810 612 3907 quippe
625 3809 862 3906 conceptione
871 3806 928 3878 vel
938 3807 1120 3878 nativitate
1131 3831 1207 3878 non
1220 3807 1444 3878 consuetudo
1455 3822 1610 3900 naturae,
1626 3809 1688 3883 sed
1702 3808 1830 3882 divinae
1856 3874 1860 3881 .

233 3929 398 4026 operatio
412 3928 529 4024 gratiae
542 3926 806 3999 consideratur:
828 3949 896 3997 nec
905 3924 992 4023 quid
1009 3939 1136 3997 natura
1149 3925 1279 4022 possit,
1296 3925 1358 3997 sed
1373 3927 1461 4023 quid
1475 3929 1703 4026 omnipotens
1717 3929 1830 4002 voluit

234 4045 444 4124 attenditur.
462 4047 571 4133 Quod
583 4072 669 4120 vero
684 4044 731 4117 ad
751 4047 899 4143 gratiam
916 4046 983 4118 Dei
993 4045 1104 4142 magis
1121 4069 1230 4142 quam
1250 4045 1307 4148 ad·
1315 4047 1441 4118 merita
1453 4045 1645 4120 hominum
1668 4052 1825 4148 respicit,

230 4168 380 4265 Spiritui
397 4182 520 4240 sancto
534 4167 732 4266 specialiter
751 4149 929 4259 tribuitur,
949 4167 1034 4264 quia
1052 4166 1128 4265 ipse
1147 4165 1323 4238 amorteu
1334 4165 1476 4238 bonitas
1492 4169 1558 4239 Dei
1570 4170 1716 4267 proprie
1736 4195 1828 4242 nun·

228 4302 399 4386 cupatur.
1593 4291 1596 4297 ’

285 4407 399 4504 Hujus
411 4411 598 4505 tanquam⁹
610 4405 754 4480 artificis
763 4407 947 4504 cujusdam
962 4409 1188 4506 operatione,
1203 4407 1292 4506 lapis
1308 4406 1367 4479 ille
1379 4406 1424 4480 de
1439 4422 1561 4479 monte
1572 4408 1649 4479 sine
1663 4408 1828 4480 manibus

228 4528 394 4600 abcissus
405 4543 475 4619 est,
491 4529 554 4626 qui
567 4529 603 4600 in
616 4527 763 4602 Daniele
777 4542 928 4601 statuam
946 4529 1199 4601 comminuisse
1211 4527 1351 4627 legitur,
1371 4553 1413 4600 ac
1425 4527 1660 4626 postmodum
1674 4529 1712 4599 in
1725 4553 1828 4600 mon·

227 4663 309 4722 tem
324 4672 495 4746 magnum
515 4649 686 4739 crevisse,
708 4663 744 4720 et
760 4649 963 4721 universam
982 4663 1113 4721 terram
1131 4647 1332 4747 implevisse
1355 4648 1497 4720 dicitur.
1525 4652 1643 4735 Quem
1657 4649 1763 4721 etiam
1780 4649 1829 4721 la-

226 4771 360 4870 pidem
376 4796 442 4870 per
456 4771 582 4843 lsaiam
595 4775 614 4810 ¹⁰
633 4770 736 4842 nobis
749 4772 926 4843 Dominus
943 4771 1173 4869 promittens,
1189 4771 1238 4842 ait
1246 4773 1264 4808 ¹¹
1281 4797 1289 4840 :
1316 4798 1334 4838 u
1351 4773 1443 4842 Ecce
1461 4795 1528 4868 ego
1546 4771 1686 4843 mittam
1704 4771 1742 4842 in
1753 4770 1829 4842 fun·

225 4889 415 4961 damentis
442 4891 527 4962 Sion
554 4889 710 4989 lapidem
733 4889 945 4990 probatum,
976 4889 1199 4988 angularem,
1233 4890 1447 4987 pretiosum,
1475 4905 1542 4963 etc.
1565 4919 1584 4958 u
1613 4894 1667 4963 De
1695 4915 1770 4989 quo
1795 4906 1829 4963 et
1926 4963 1928 4968 ,

268 5111 278 5138 ⁴
297 5111 347 5162 18.
361 5111 429 5163 Eine.
442 5111 535 5163 -Sottr
548 5109 618 5162 deest
632 5109 698 5162 Edit.
716 5110 852 5164 emb-¹
865 5111 972 5164 Corinth.
986 5111 1012 5169 l,
1053 5124 1076 5159 v.
1090 5109 1132 5158 28·
1148 5132 1170 5144 -
1186 5105 1296 5159 'curta
1312 5105 1362 5159 18.
1384 5105 1453 5159 Eine.
1465 5131 1492 5144 -
1506 5105 1565 5158 'De
1577 5111 1632 5160 r'tto.
1643 5108 1708 5159 ·De
1722 5111 1765 5159 itte
1777 5108 1827 5158 18.

221 5211 293 5264 cap.
307 5213 354 5258 vu,
367 5211 391 5247 v.
407 5195 665 5248 uadimonium
681 5196 733 5248 18.
752 5197 819 5248 Eine.
834 5221 860 5234 -
873 5195 1012 5248 'Rudana-
1053 5193 1121 5246 Eine.
1134 5218 1165 5230 -
1179 5191 1191 5220 ⁰
1204 5193 1282 5256 Hujus
1298 5195 1380 5254 traque
1401 5190 1452 5243 18.
1474 5192 1541 5245 Eine.
1559 5217 1594 5236 ·-
1610 5191 1634 5222 ¹⁰
1652 5195 1753 5246 Baeton
1777 5192 1826 5245 18.

220 5285 305 5346 φωτί
315 5279 365 5332 18.
378 5279 446 5332 llius.
461 5309 489 5318 -
502 5279 513 5308 ⁸
525 5281 609 5334 Orum
621 5279 672 5332 18.
685 5281 752 5334 Eine.
765 5305 799 5321 ·-
808 5281 819 5310 ⁸
829 5281 901 5344 buc„
914 5295 971 5347 cap.
986 5295 1011 5344 r,
1051 5280 1121 5332 Eine.
1130 5307 1160 5317 -
1172 5280 1194 5309 ¹¹
1207 5280 1277 5332 luein
1288 5293 1345 5346 cap.
1360 5295 1448 5342 unu,
1460 5295 1483 5330 v.
1496 5281 1543 5330 16..
