4536 6102
481 541 553 612 6l6
1077 538 1206 610 PETRI
1233 540 1465 613 ABAELARDl

480 686 542 757 sed
559 699 734 783 potestate
751 685 872 754 omnia
889 682 1140 756 concludente.
1160 684 1225 757 Vel
1244 686 1490 776 «immensus,
1511 715 1530 753 a
1550 685 1657 759 idest
1677 687 2060 785 incomprehensibilis.

483 836 500 874 a
514 812 692 894 AEternus,
705 833 722 871 a
736 797 811 876 'tam
820 804 998 901 principio
1009 829 1119 902 quam
1127 802 1200 876 fme
1211 830 1348 878 carens.
1365 836 1382 875 n
1393 811 1437 877 Et
1448 821 1570 878 tamen
1582 833 1656 880 non
1671 823 1741 880 tres
1752 809 2060 905 omnipotentes.»

480 931 579 997 Teste
594 926 810 1021 Augustino,
831 924 968 995 nullum
993 949 1127 996 nornen
1149 941 1202 997 est
1221 926 1305 1015 Dei,
1325 927 1425 1022 cujus
1441 903 1618 1024 singulare
1635 930 1684 1001 ita
1704 928 1750 999 de
1766 929 1912 1026 singulis
1928 929 2063 1001 dicatur

485 1048 663 1145 personis,
692 1061 732 1116 ut
756 1047 834 1142 ejus
862 1045 1045 1143 pluralitas
1069 1045 1137 1118 illis
1160 1046 1265 1117 simul
1283 1049 1491 1137 conveniat,
1510 1050 1720 1146 praeterhoe
1736 1075 1872 1122 nomen
1897 1074 2061 1148 persona.

480 1171 582 1238 Pater
607 1167 740 1263 quippe
763 1189 918 1262 persona
940 1179 1014 1252 est,
1040 1180 1076 1236 et
1098 1164 1204 1237 Filius
1232 1191 1403 1263 persona,
1428 1182 1464 1237 et
1479 1167 1517 1238 hi
1535 1168 1609 1240 duc
1630 1183 1713 1238 sunt
1727 1193 1901 1265 personae.
1922 1173 1963 1238 At
1980 1193 2062 1240 vero

482 1310 595 1381 quum
612 1289 715 1356 Pater
732 1285 776 1355 sit
787 1289 899 1372 DeuS,
919 1299 954 1355 et
969 1283 1076 1354 Filius
1087 1288 1205 1373 Deus,
1224 1283 1281 1356 vel
1296 1285 1492 1374 Dominus,
1510 1285 1566 1356 vel
1583 1301 1737 1375 creator,
1755 1310 1818 1357 seu
1834 1287 2061 1383 principium,

483 1421 544 1477 aut
559 1405 699 1494 lumen,
722 1404 778 1477 vel
795 1406 1025 1502 omnipotens
1045 1433 1052 1475 :
1079 1429 1153 1475 non
1174 1420 1296 1476 tamen
1315 1411 1418 1476 Pater
1433 1421 1469 1477 et
1485 1405 1593 1478 Filius
1609 1422 1670 1478 aut
1685 1406 1735 1477 dii
1752 1407 1872 1504 plures
1887 1421 1988 1495 sunt,
2006 1423 2064 1478 aut

483 1540 680 1613 creatores,
697 1537 758 1596 aut
767 1523 870 1622 plura
881 1524 1056 1622 principia
1066 1579 1074 1612 ,
1086 1523 1143 1594 vel
1155 1523 1291 1594 lumina
1302 1579 1311 1612 ,
1323 1525 1397 1597 sive
1407 1526 1687 1623 omnipotentes.
1703 1525 1845 1622 Quippe
1856 1548 1969 1622 quum
1979 1523 2064 1594 diei·

481 1661 539 1715 tur
555 1645 737 1743 pluraliter
753 1670 933 1741 personae,
952 1645 1144 1720 diversitas
1154 1645 1414 1744 proprietatum
1432 1645 1645 1737 ostenditur,
1665 1672 1740 1717 non
1757 1671 1879 1717 rerum
1894 1671 2061 1736 numero,

419 1769 423 1780 '
481 1767 538 1838 vel
553 1765 784 1839 essentialiter
800 1765 1055 1838 differentium.
1075 1769 1244 1836 Econtra
1260 1782 1398 1856 autem,
1417 1768 1445 1838 si
1463 1767 1663 1839 diceremus
1684 1771 1778 1840 Deos
1793 1766 1850 1838 vel
1867 1780 2062 1854 creatores,
2091 1765 2092 1770 ’

483 1901 568 1976 ete,
584 1888 698 1984 ipsam
712 1911 857 1986 quoque
873 1911 993 1957 rerum
1007 1885 1239 1957 essentialiter
1249 1885 1472 1958 diversarum
1488 1887 1756 1959 multitudinem
1772 1901 2062 1972 monstraremus

482 2031 634 2103 quarum
651 2031 873 2104 unaquaeque
889 2021 980 2078 esset
995 2009 1105 2095 Deus,
1124 2022 1192 2077 etc.
1215 2033 1233 2074 v
1244 2007 1343 2076 Prius
1357 2033 1374 2072 a
1388 2021 1551 2104 tempore
1565 2005 1621 2078 vel
1635 2007 1838 2078 exsistentia
1849 2005 2062 2103 praecedens.

486 2159 503 2194 «
517 2129 643 2225 Majus,
658 2157 676 2195 a
692 2128 894 2225 prolatione
911 2127 1104 2222 dignitatis.
1127 2155 1146 2194 v
1157 2129 1295 2216 Unitas,
1309 2155 1328 2194 a
1344 2127 1478 2199 scilicet
1493 2125 1698 2199 substantiae
1711 2128 1748 2197 in
1765 2126 1879 2198 tribus
1892 2126 2062 2224 personis.

485 2277 501 2312 v
515 2248 665 2319 Trinitas
677 2273 735 2344 »te
750 2270 926 2316 converso
942 2268 1195 2343 personarum,
1215 2247 1252 2315 in
1269 2246 1405 2317 unitate
1425 2245 1591 2319 videlicet
1607 2247 1824 2318 substantiae.
1847 2247 2032 2334 «Sentiat,
2047 2277 2063 2310 n

484 2366 522 2436 id
532 2382 585 2439 est
594 2368 729 2438 credat.
746 2396 763 2434 n
773 2366 969 2456 Salutem»
984 2365 1154 2438 subaudis
1166 2366 1415 2440 obtinendam.
1432 2397 1449 2436 n
1459 2373 1505 2438 Ut
1514 2367 1702 2440 credamus
1714 2384 1824 2457 etc.,»
1829 2368 1928 2465 juxta
1942 2367 2062 2438 illud¹:

486 2519 502 2556 c
512 2487 634 2560 'Corde
651 2487 808 2561 creditur
820 2489 865 2560 ad
879 2489 1065 2584 justitiam,
1080 2513 1143 2560 ore
1159 2503 1279 2561 autem
1295 2489 1472 2562 confessio
1489 2490 1529 2560 fit
1545 2489 1591 2562 ad
1609 2490 1772 2562 salutem.
1783 2518 1841 2560 ›m‹
1854 2493 1934 2560 Non
1948 2488 2033 2578 duo,
2046 2516 2063 2554 n

482 2607 653 2684 subaudis
664 2593 794 2679 Christi
810 2612 921 2698 sunt¹,
934 2609 998 2680 sed
1015 2634 1108 2680 unus
1123 2623 1264 2681 tantum
1280 2609 1318 2680 in
1336 2633 1490 2708 persona
1505 2608 1678 2682 Christus.
1698 2609 1772 2680 Etsi
1784 2633 1869 2705 ergo
1881 2609 1918 2679 in
1930 2607 2065 2679 Christo

481 2730 630 2801 diversae
655 2745 738 2802 sunt
760 2746 915 2820 naturae,
943 2729 1067 2802 divina
1089 2730 1224 2802 seilicet
1246 2745 1353 2829 atque
1378 2730 1557 2822 humana;
1586 2746 1802 2803 nontamen
1824 2729 1908 2802 ideo
1925 2723 2066 2800 diversa

481 2874 656 2945 personae.
686 2850 795 2937 Quod
821 2852 941 2922 statim
965 2875 1124 2947 congrua
1144 2851 1378 2925 similitudine
1400 2850 1610 2942 confirmat,
1643 2851 1799 2924 dicens:
1828 2880 1846 2918 v
1871 2855 1962 2922 Nam
1982 2851 2066 2921 sicut

482 2969 619 3059 anima,
637 2995 655 3036 n
673 2968 744 3041 hoc
762 2985 834 3059 est,
853 2971 944 3042 sicut
958 2971 996 3041 in
1013 2996 1088 3042 uno
1105 2970 1255 3042 homine
1272 2969 1421 3042 diversae
1437 2985 1521 3042 sunt
1533 2985 1687 3059 naturae,
1708 2969 1874 3066 spiritalis
1891 2984 1928 3040 et
1943 2993 2067 3066 corpo·

481 3089 584 3177 ralis;
612 3113 679 3160 nec
700 3104 821 3160 tamen
847 3090 930 3162 ideo
956 3089 1030 3161 duo
1050 3090 1218 3162 homines
1237 3089 1295 3161 vel
1315 3089 1394 3162 duae
1416 3115 1578 3189 personae
1598 3117 1607 3158 ε
1630 3090 1680 3161 ita
1698 3090 1736 3160 in
1754 3087 1896 3160 Christo
1913 3087 2014 3176 duae,
2031 3100 2065 3156 ut

483 3211 618 3282 dictum
644 3227 714 3303 est,
741 3227 824 3284 sunt
847 3227 999 3303 naturas,
1028 3239 1104 3284 non
1125 3229 1246 3286 tamen
1273 3211 1346 3283 duo
1364 3211 1513 3302 Christi,
1532 3214 1606 3283 imo
1627 3211 1684 3282 vel
1701 3212 1781 3282 duae
1795 3233 1970 3308 personae.
1996 3213 2068 3278 Per·

481 3358 572 3406 sona
587 3335 721 3431 quippe
742 3336 842 3431 quasi
859 3360 924 3432 per
946 3361 984 3406 se
999 3360 1073 3408 una
1088 3335 1232 3426 dieitur,
1251 3360 1327 3406 non
1345 3336 1396 3406 rei
1415 3333 1474 3406 alii
1490 3335 1528 3405 in
1545 3317 1658 3406 unam
1680 3332 1893 3406 rationalem
1909 3329 2067 3402 substan·

483 3454 569 3523 tiam
595 3455 740 3525 sociata.
767 3454 942 3525 Divinitas
969 3455 1088 3552 itaque
1112 3453 1328 3526 humanitati
1348 3455 1385 3525 in
1411 3453 1555 3526 Christo
1578 3454 1772 3550 conjuncta
1788 3477 1854 3550 per
1870 3476 1908 3523 se
1925 3449 1975 3521 ibi
1990 3473 2065 3548 per·

481 3595 572 3640 sona
589 3596 660 3641 una
677 3597 752 3642 non
769 3587 822 3642 est
838 3570 1011 3660 dicenda,
1029 3586 1065 3644 et
1075 3572 1280 3646 humanitas
1292 3573 1421 3664 altera,
1439 3573 1504 3646 sed
1515 3574 1594 3645 duae
1603 3573 1709 3646 simul
1721 3597 1793 3645 una
1806 3587 1890 3644 sunt
1902 3594 2064 3670 persona,

483 3715 562 3787 quae
578 3690 723 3788 proprie
741 3689 900 3761 Christus
916 3689 1059 3763 dicitur.
1080 3719 1098 3760 u
1116 3694 1252 3762 Omnes
1267 3693 1434 3765 homines
1449 3707 1655 3789 resurgent,
1679 3721 1696 3760 u
1715 3693 1823 3763 etiam
1843 3690 1894 3761 illi
1910 3690 1973 3787 qui
1988 3704 2066 3759 tunc

482 3813 706 3909 reperientur
729 3812 814 3883 vivi.
840 3814 882 3882 Hi
909 3836 1065 3910 namque
1092 3812 1181 3912 dum
1206 3815 1390 3912 rapientur
1411 3813 1557 3886 obviam
1583 3813 1727 3884 Christo
1752 3813 1789 3884 in
1815 3835 1916 3900 aera,
1939 3810 2065 3907 inipso

480 3946 602 4029 raptu,
629 3956 702 4028 quo
714 3931 826 4028 judici
846 3947 1052 4021 occurrent,
1076 3933 1288 4022 morientes,
1316 3934 1436 4004 statim
1454 3933 1690 4038 reviviscent5
1719 3946 1755 4003 et
1779 3929 1850 4001 hoc
1871 3931 1992 4029 ipsum
2008 3929 2067 4000 erit

480 4055 531 4126 eis
543 4078 727 4149 resurgere
738 4053 839 4151 quod
850 4054 1073 4126 reviviscere.
1089 4052 1197 4140 Quod
1209 4055 1239 4125 si
1253 4068 1461 4153 opponatur
1474 4053 1521 4125 de
1536 4053 1773 4152 quibusdam,
1791 4076 1950 4149 quorum
1963 4073 2069 4121 resur·

479 4175 591 4245 rectio
614 4174 690 4269 jam
715 4170 895 4270 completa
921 4172 1093 4264 creditur,
1118 4171 1229 4244 veluti
1249 4171 1294 4243 de
1317 4172 1373 4244 his
1389 4174 1452 4270 qui
1468 4172 1658 4245 dominicae
1677 4171 1949 4245 resurrectionis
1969 4183 2068 4242 testes

482 4317 546 4365 sua
562 4318 707 4391 quoque
724 4293 984 4366 resurrectione
1001 4292 1166 4383 suerunt3
1188 4293 1238 4364 ita
1253 4291 1524 4388 intelhgeudum
1541 4307 1594 4364 est
1609 4307 1696 4364 tunc
1712 4316 1838 4362 omnes
1853 4304 2068 4361 resurrectu-

481 4438 542 4485 ros
568 4438 664 4502 esse,
691 4429 732 4485 ut
756 4430 843 4487 tunc
869 4415 1034 4486 omnium
1060 4414 1275 4486 resurrectio
1301 4415 1351 4486 ita
1376 4414 1612 4513 compleatur,
1640 4430 1680 4486 ut
1701 4413 1884 4485 neminem
1905 4411 2071 4508 deinceps

481 4557 665 4630 resurgere
686 4535 892 4630 contingat,
911 4535 1002 4605 sicut
1020 4557 1087 4604 nec
1102 4546 1220 4606 morte
1236 4533 1395 4605 dissolvi.
1411 4537 1533 4604 «Cum
1549 4531 1762 4632 corporibus
1773 4533 1859 4604 suis.
1876 4533 1988 4602 »Hoc
2001 4545 2068 4617 est,

483 4655 673 4751 resumptis
700 4652 836 4726 eisdem
860 4652 1092 4752 corporibus,
1118 4677 1198 4751 quae
1219 4655 1317 4753 prius
1339 4653 1542 4727 habuerant
1559 4679 1672 4754 quum
1693 4656 1732 4725 in
1748 4667 1905 4725 mortem
1927 4673 2071 4722 corrue·

483 4791 579 4846 runt.
608 4779 688 4848 Non
714 4778 812 4848 enim
829 4790 988 4873 resurget
1013 4776 1081 4852 nisi
1097 4775 1197 4874 quod
1213 4775 1355 4849 cecidit.
1376 4779 1521 4849 atvero
1535 4768 1656 4850 utrum
1670 4775 1725 4866 hi,
1749 4775 1813 4872 qui
1834 4773 1976 4871 parvuli
1992 4795 2071 4842 mo·

516 5073 524 5100 ¹
541 5072 623 5134 lton„
642 5087 698 5142 cap.
713 5091 744 5140 x,
761 5091 786 5127 v.
802 5078 841 5127 rc.
852 5073 958 5127 -'Sie
972 5089 986 5127 e
999 5073 1092 5128 Codice
1113 5073 1239 5130 Victorino
1258 5074 1406 5130 restituimus
1424 5075 1490 5128 hunc
1510 5075 1591 5129 locum
1604 5074 1646 5143 qui
1667 5075 1692 5126 in
1707 5074 1816 5127 edittom
1834 5073 1997 5126 Anbooeima
2015 5089 2075 5126 mu:

483 5162 540 5214 tilus
553 5171 597 5212 est.

462 5237 487 5281 θ
