4588 6106
945 647 1183 724 nerstotm.
1619 631 1621 636 ’
1788 646 1858 722 ter

275 811 398 876 earam
418 782 575 892 prelatio
596 787 795 889 perniciosa
815 789 856 864 lit
873 793 1104 865 monasterio.
1129 787 1334 862 Verendum
1348 789 1482 888 quippe
1496 801 1609 860 estne
1628 785 1755 860 vicinia
1775 813 1859 862 suo·

140 923 148 930 ’
275 941 355 988 rum
371 937 451 988 eam
472 909 781 1011 praesumptiorem
804 911 951 998 reddat,
984 927 1021 985 et
1052 910 1248 1008 frequentia
1276 910 1436 1007 ipsorum
1464 922 1585 1006 gravet
1604 923 1665 982 aut
1687 909 1859 1006 inquietet

275 1033 552 1117 monasterium,
580 1043 687 1126 atque
716 1029 793 1128 ipsa
820 1056 885 1128 per
909 1056 994 1104 suos
1016 1029 1196 1127 religionis
1219 1027 1372 1128 perierat
1396 1027 1675 1118 detrimentum,
1702 1042 1764 1100 aut
1783 1027 1859 1100 aliis

275 1153 392 1226 veniat
404 1152 441 1224 iu
459 1163 725 1248 contemptum,
743 1148 844 1244 juxta
862 1149 951 1222 illud
971 1149 1178 1222 Veritatis¹:
1201 1151 1316 1219 «Non
1335 1162 1388 1219 est
1407 1147 1584 1247 propheta
1603 1147 1679 1218 sine
1696 1145 1857 1242 bonore,

275 1271 341 1344 nisi
358 1271 396 1344 iu
415 1269 528 1368 patria
552 1291 628 1340 sua.
648 1295 667 1336 n
690 1268 798 1356 Quod
816 1267 942 1342 beatus
961 1292 1107 1368 quoque
1127 1265 1321 1366 providens
1341 1266 1599 1363 Hieronymus,
1622 1266 1670 1338 ad
1692 1265 1859 1340 Heliodo-

275 1415 354 1462 rum
374 1388 553 1478 scribeus,
577 1411 691 1485 quum
715 1387 884 1487 pleraque
908 1401 1199 1478 annumerasset,
1228 1411 1307 1484 quae
1334 1384 1520 1458 monachis
1543 1383 1705 1459 officiunt
1731 1387 1768 1458 in
1796 1412 1858 1460 sua

273 1507 497 1584 morantibus
517 1508 657 1608 patria:
682 1537 699 1576 u
714 1511 767 1579 Ex
788 1509 879 1600 hac,
899 1537 916 1577 r
939 1509 1096 1608 inquit',
1123 1508 1410 1607 «supputatione
1435 1505 1494 1578 illa
1515 1530 1655 1580 summa
1676 1508 1855 1599 nascitur,

273 1627 491 1702 monachum
512 1628 549 1698 in
567 1627 681 1725 patria
703 1651 767 1700 sua
787 1628 983 1728 perlectum
995 1653 1070 1702 esse
1082 1651 1157 1701 non
1169 1649 1287 1726 posse.
1305 1626 1503 1698 Perfectum
1521 1651 1597 1698 esse
1611 1641 1730 1699 autem
1747 1626 1855 1720 nolle,

143 1813 147 1822 .
272 1749 480 1849 delinquere
497 1763 561 1822 est.
583 1777 601 1814 u
622 1752 806 1837 Quantum
824 1775 910 1823 vero
930 1765 984 1824 est
1005 1749 1205 1822 animarum
1226 1747 1422 1840 damnum,
1445 1747 1474 1820 si
1495 1747 1615 1819 minor
1636 1747 1673 1818 in
1689 1746 1858 1845 religione

273 1870 400 1962 luerit,
420 1894 500 1968 quae
517 1867 697 1966 religionis
714 1884 841 1968 praeest
860 1869 1088 1967 magisterio?
1107 1868 1261 1982 Singulis
1278 1869 1412 1968 quippe
1431 1867 1597 1964 subjectis
1615 1867 1770 1966 singulas
1789 1871 1858 1941 vir·

274 2006 367 2064 tutes
384 1989 550 2064 exhibere
568 1988 707 2062 sufficit.
724 1994 765 2062 ln
782 1990 850 2064 bac
868 2008 986 2064 autem
1000 1991 1164 2064 omniurn
1180 1989 1342 2090 exempla
1355 1988 1490 2062 debent
1501 1989 1658 2063 eminere
1671 1991 1856 2084 virtutum,

276 2127 315 2185 ut
332 2113 454 2187 omnia
472 2135 551 2210 quae
569 2110 645 2184 aliis
661 2112 868 2211 praeceperit
885 2113 1039 2212 propriis
1056 2111 1247 2211 preveniat
1258 2110 1448 2210 exemplis,
1465 2135 1512 2184 ne
1524 2111 1597 2211 ipsa
1612 2136 1690 2212 quoe
1701 2114 1858 2213 praecipit

274 2231 434 2306 moribus
452 2246 657 2330 oppugnet,
678 2244 714 2302 et
726 2230 827 2328 quod
844 2229 962 2304 verbis
978 2229 1128 2304 aedificat
1137 2283 1149 2320 ,
1172 2229 1272 2302 factis
1291 2230 1368 2329 ipsa
1385 2228 1567 2322 destruat,
1587 2247 1623 2304 et
1643 2230 1689 2304 de
1707 2257 1770 2306 ore
1792 2257 1858 2308 suo

274 2350 424 2424 verbum
442 2351 674 2422 correctionis
691 2348 888 2442 auferatur3
908 2376 1021 2450 quum
1039 2352 1116 2450 ipsa
1132 2350 1169 2422 in
1187 2347 1264 2422 aliis
1278 2348 1464 2424 erubescat
1478 2351 1669 2448 corrigere,
1685 2379 1764 2452 quae
1777 2377 1859 2428 con-

273 2487 443 2546 stateem
460 2472 697 2546 committere.
719 2471 829 2572 Quod
846 2471 993 2570 quidem
1010 2470 1193 2544 Psalmista
1206 2494 1252 2543 ne
1268 2471 1300 2541 ei
1313 2471 1454 2544 eveniat
1465 2473 1662 2544 Dominum
1675 2489 1854 2570 precatur,

274 2574 417 2670 diceus.¹
432 2618 441 2664 z
461 2621 478 2662 u
492 2596 536 2664 Et
550 2616 596 2664 ne
609 2590 747 2664 auferas
758 2589 804 2664 de
816 2615 879 2664 ore
891 2615 974 2664 meo
983 2591 1171 2664 veritatem
1184 2597 1451 2690 usquequaque.
1465 2591 1713 2666 »attendebat
1724 2595 1857 2695 quippe

272 2713 368 2788 illam
386 2714 627 2812 gravissimam
644 2713 791 2784 Domini
807 2713 1111 2812 increpationem,
1132 2713 1179 2786 de
1192 2737 1263 2811 qua
1277 2713 1400 2812 etipse
1416 2709 1500 2785 alibi
1512 2713 1673 2788 meminit
1686 2713 1830 2788 decus*
1846 2745 1854 2786 :

274 2864 294 2902 a
310 2830 844 2908 PeccatorinutemdixitDeus:
863 2836 1011 2921 uQuare
1026 2847 1064 2904 tu
1077 2856 1222 2904 enarras
1231 2832 1386 2929 justitias
1402 2855 1523 2925 meas,
1540 2847 1576 2905 et
1590 2834 1740 2906 assumis
1759 2850 1858 2908 testa·

274 2983 293 3022 «
310 2967 472 3026 mentum
479 2975 599 3026 meum
609 2975 674 3051 per
689 2975 731 3024 os
743 2951 864 3023 tuum?
877 2955 928 3022 Tu
940 2976 1027 3023 vero
1043 2950 1151 3024 odisti
1164 2950 1403 3052 disciplinam,
1421 2967 1458 3024 et
1475 2951 1655 3050 projecisti
1673 2978 1856 3028 sermones

273 3103 292 3142 a
310 3097 411 3146 meos
421 3087 528 3145 reno.
546 3101 566 3140 u
583 3069 692 3160 Quod
704 3069 862 3142 studiose
871 3095 1074 3169 praecavens
1092 3071 1329 3170 Apostolus⁸z
1354 3071 1536 3170 «castigo,
1550 3100 1568 3139 u
1589 3072 1725 3172 inquit,
1744 3103 1762 3143 u
1777 3099 1855 3147 cor-

269 3207 339 3291 pus
356 3217 477 3266 meum
489 3246 499 3284 ,
520 3205 556 3264 et
572 3192 610 3264 in
628 3191 835 3264 servitutem
848 3189 995 3287 redigo,
1012 3214 1058 3262 ne
1071 3189 1175 3281 sorte,
1196 3215 1309 3290 quum
1323 3189 1400 3262 aliis
1413 3191 1694 3290 praedicaverim,
1710 3195 1787 3292 ipse
1800 3220 1855 3267 re·

269 3311 405 3410 probus
423 3310 567 3384 efficiar.
587 3338 606 3378 u
633 3309 743 3406 Cujus
758 3309 891 3408 quippe
912 3309 985 3380 vita
1002 3307 1219 3407 despicitur,
1246 3322 1354 3380 restat
1373 3322 1413 3380 ut
1432 3323 1468 3380 et
1485 3309 1691 3408 praedicatio
1714 3312 1770 3384 vel
1787 3311 1853 3384 do·

268 3432 382 3505 ctrina
394 3444 655 3504 contemnatur.
669 3432 711 3500 Et
729 3452 841 3526 quum
858 3452 982 3500 curare
1003 3426 1084 3524 quis
1102 3426 1213 3500 dium
1230 3425 1380 3526 debeat,
1394 3428 1423 3500 si
1440 3427 1478 3500 iu
1498 3428 1625 3501 eadem
1642 3429 1855 3506 laboraverit

266 3551 492 3644 infirmitate,
525 3564 620 3624 recte
646 3548 715 3648 ipsi
741 3547 787 3621 ab
811 3562 944 3645 egroto
970 3547 1286 3646 improperatur⁸z
1313 3577 1330 3616 u
1347 3547 1508 3635 Medice,
1529 3573 1615 3621 cura
1633 3550 1812 3649 teipsum.
1833 3581 1851 3620 u

268 3672 435 3746 Attendat
452 3671 599 3746 sollicite
612 3670 773 3769 quisquis
791 3668 955 3742 Ecclesiae
971 3693 1120 3767 preesse
1138 3667 1297 3760 videtur,
1316 3683 1487 3768 quantam
1505 3671 1646 3743 ruinam
1664 3697 1766 3745 casus
1779 3675 1855 3770 ejus

268 3792 443 3892 prebeat,
464 3817 577 3892 quum
596 3790 672 3886 ipse
690 3790 738 3864 ad
754 3790 988 3890 precipitium
1002 3813 1132 3869 secum
1154 3787 1286 3888 p'ariter
1302 3787 1480 3886 subjectos
1497 3790 1637 3864 trahat:
1656 3794 1764 3885 «Qui
1783 3793 1855 3868 sol·

268 3916 375 4006 verit,
392 3942 411 3982 u
436 3914 552 4012 inquit
573 3913 756 4004 Veritas',
779 3939 798 3980 u
815 3935 929 3982 unum
955 3909 1001 3984 de
1030 3908 1206 3981 mandatis
1236 3909 1308 3980 istis
1338 3910 1514 4002 minimis,
1547 3927 1583 3984 et
1612 3912 1778 3988 docuerit
1806 3916 1856 3988 sic

267 4033 453 4125 homines,
479 4032 649 4104 minimus
674 4027 859 4103 vocabitur
883 4030 919 4100 in
939 4053 1050 4128 regno
1069 4027 1255 4100 coelorum.
1274 4056 1294 4096 u
1316 4027 1435 4115 Solvit¹
1456 4030 1590 4130 quippe
1616 4033 1851 4127 mandatum,

266 4155 329 4250 qui
346 4167 471 4226 contra
487 4151 626 4248 agendo
646 4149 804 4248 infringit
822 4150 962 4250 ipsum,
986 4163 1023 4222 et
1038 4147 1203 4248 exemplo
1218 4173 1285 4222 suo
1303 4173 1539 4250 corrumpens
1556 4151 1666 4245 alios,
1683 4155 1720 4226 in
1740 4155 1856 4230 cathe-

267 4275 331 4348 dra
348 4273 554 4374 pestilentiae
579 4272 708 4345 doctor
735 4271 878 4344 residet.
897 4270 1006 4360 Quod
1023 4271 1053 4343 ei
1071 4269 1237 4370 quislibet
1256 4269 1327 4342 boc
1344 4294 1454 4368 agens
1474 4271 1644 4344 minimus
1667 4271 1855 4349 habendus

268 4410 321 4468 est
339 4395 377 4468 in
396 4419 507 4492 regno
525 4392 721 4479 coelorum,
735 4391 808 4464 hoc
822 4407 876 4464 est
892 4392 929 4463 in
948 4389 1102 4466 Ecclesia
1119 4391 1307 4490 presenti,
1327 4392 1452 4490 quanti
1467 4390 1655 4465 habendus
1668 4409 1722 4466 est
1741 4397 1854 4494 pessi-

269 4541 347 4590 mus
373 4513 536 4614 prelatus
555 4537 576 4586 a
593 4512 695 4608 cujus
708 4510 920 4610 negligentia
947 4536 1022 4584 non
1048 4535 1120 4586 suae
1141 4526 1302 4606 tantum,
1333 4509 1396 4584 sed
1423 4512 1589 4607 omniurn
1615 4510 1853 4610 subjectarum

267 4636 468 4714 animarum
484 4633 695 4730 sanguinem
711 4631 889 4704 Dominus
905 4632 1078 4731 requirit?
1099 4631 1204 4706 Unde
1227 4631 1321 4706 bene
1346 4631 1525 4732 Sapientia
1551 4631 1679 4705 talibus
1703 4637 1854 4708 commi·

267 4759 418 4830 natur':
442 4785 460 4824 a
474 4759 565 4828 Data
582 4767 674 4826 esta
693 4753 852 4825 Domino
873 4767 1027 4852 potestas
1050 4751 1173 4844 robis,
1194 4768 1231 4825 et
1245 4753 1357 4826 virtus
1378 4749 1423 4822 ab
1442 4750 1642 4844 altissimo,
1665 4755 1728 4851 qui
1741 4757 1856 4828 inter-

266 4873 404 4974 rogabit
422 4899 533 4975 opera
551 4887 667 4946 vestra
679 4925 690 4965 ,
710 4888 744 4946 et
757 4873 990 4972 cogitationes
998 4872 1234 4954 scrutabitur.
1249 4872 1430 4962 Quoniam
1440 4897 1554 4970 quum
1568 4877 1690 4950 essetis
1701 4877 1854 4952 ministri

297 5105 304 5130 ¹
323 5102 420 5164 luth..
441 5117 497 5170 cap.
518 5117 575 5165 xur,
594 5116 619 5152 r.
636 5101 677 5152 ll'l.
690 5098 743 5137 —'
758 5101 837 5167 Epist.
849 5115 873 5162 r,
887 5101 949 5165 opp.
965 5111 983 5151 t.
998 5099 1041 5164 lv,
1075 5116 1098 5153 r.
1113 5103 1154 5152 28.
1167 5126 1199 5138 ·-
1211 5097 1220 5128 ³
1233 5097 1330 5162 natu„
1344 5113 1399 5166 cap.
1416 5117 1440 5162 r,
1456 5117 1477 5150 r.
1495 5101 1533 5152 ta.
1545 5127 1575 5140 -
1589 5101 1599 5132 ⁸
1611 5103 1733 5168 Septem..
1748 5119 1802 5172 cap.
1819 5117 1867 5168 rr:

263 5188 312 5242 col.
324 5190 348 5239 9.
358 5185 411 5228 -'
423 5185 513 5238 Psalm.
530 5201 621 5246 carru,
633 5200 658 5235 r.
670 5187 696 5236 ⁸.
709 5210 741 5222 ·-
757 5183 867 5238 ‘Palm
882 5202 937 5252 mur
949 5222 956 5244 ‚
968 5201 992 5235 r.
1012 5185 1042 5234 tt
1074 5201 1098 5238 r.
1112 5185 1126 5234 l
1139 5196 1164 5237 et
1174 5201 1213 5254 eq.

263 5269 1043 5338 eu.-·corurt.t,up.1x.=.tt.-·tuc.,cap.rr.
