4536 6102
435 593 508 668 630
1036 588 1164 660 PETRI
1189 587 1424 662 ABAELllllDl

435 734 613 836 propheta
637 755 712 803 non
730 742 956 827 exsequatur,
973 729 1009 800 in
1028 730 1179 802 transitu
1196 743 1318 800 tamen
1334 751 1415 800 earn
1431 727 1665 828 perstringat,
1685 727 1836 828 nequid
1852 730 1928 827 ejus
1945 755 2030 804 nar·

434 855 564 930 rationi
583 853 628 925 de
647 852 777 923 divinis
794 849 964 949 operibus
980 850 1104 923 deesse
1116 849 1294 924 videatur.

487 1005 505 1042 a
520 981 564 1046 Et
580 973 736 1046 tenebrae
752 988 855 1045 erant
871 997 978 1071 snper
996 972 1123 1045 faciem
1140 971 1300 1070 abyssi.»
1314 970 1503 1068 abyssum,
1521 969 1560 1042 id
1577 985 1630 1043 est
1646 969 1948 1070 profunditatem,
1965 998 2029 1044 vo·

435 1111 492 1166 cat
508 1109 622 1166 totam
639 1093 736 1165 illam
753 1092 940 1165 confusam
958 1093 1113 1165 necdum
1131 1092 1359 1181 distinctam,
1380 1092 1471 1163 sicut
1496 1091 1730 1189 postmodum
1757 1093 1844 1180 luit,
1867 1091 2027 1164 elemen-

435 1228 555 1285 torum
583 1213 799 1309 congeriem.
832 1216 949 1299 Quam
977 1213 1125 1310 quidem
1153 1211 1404 1284 confusionem
1431 1209 1598 1282 nonnulli
1625 1209 1928 1309 philosophorum
1962 1234 2026 1282 seu

436 1348 625 1431 poetarum
652 1332 762 1405 chaos
790 1331 956 1405 dixerunt
972 1361 979 1404 :
996 1333 1097 1431 quod
1114 1334 1211 1404 enim
1228 1331 1451 1430 profundum
1477 1345 1548 1421 est,
1575 1331 1693 1404 minus
1718 1346 1867 1429 apparet
1882 1346 1919 1402 et
1934 1332 2027 1403 visui

435 1470 545 1551 patet.
567 1453 665 1526 lllam
690 1455 809 1551 itaque
830 1453 1091 1524 elementorum
1116 1453 1322 1548 congeriem
1349 1451 1515 1523 nondum
1535 1475 1601 1549 per
1625 1465 1744 1550 partes
1765 1451 1946 1523 ordinatas
1971 1451 2026 1521 di·

434 1575 623 1663 stinctam,
643 1589 682 1646 ut
700 1575 897 1671 cognitioni
914 1589 1044 1645 nostrae
1060 1572 1117 1644 vel
1134 1574 1225 1644 visui
1241 1586 1364 1670 patere
1379 1585 1523 1670 posset,
1541 1573 1682 1644 etiarnsi
1693 1573 1769 1667 jam
1786 1570 1899 1643 homo
1923 1595 2024 1642 crea·

436 1709 492 1764 tus
510 1707 619 1782 esset,
639 1693 808 1789 abyssum
825 1695 1007 1782 nominat;
1028 1693 1155 1764 faciem
1171 1713 1348 1790 veroque
1366 1691 1612 1788 unusquisque
1627 1691 1857 1787 cognoscitur
1871 1715 1939 1788 pro
1955 1715 2023 1762 no·

434 1813 511 1882 titia
526 1813 642 1909 ponit.
660 1813 779 1884 Facies
791 1836 876 1908 ergo
894 1812 1012 1909 abyssi
1025 1810 1183 1883 tenebris
1194 1810 1353 1883 obducta
1364 1825 1458 1900 erat,
1472 1810 1511 1882 id
1521 1826 1587 1900 est,
1602 1811 1730 1882 notitia
1740 1810 1835 1882 illius
1845 1811 2022 1907 congeriei

435 1955 477 2000 ex
504 1931 620 2029 prima
646 1931 858 2004 confusione
878 1931 1177 2030 prepediebatur,
1196 1944 1236 2002 ut
1257 1953 1487 2029 nequaquam
1503 1955 1541 2003 se
1560 1929 1738 2003 visibilem
1754 1929 1949 2028 praeberet,
1967 1931 2022 2002 vel

436 2053 554 2151 aliqua
570 2055 645 2150 ejus
661 2052 793 2126 utilitas
811 2055 848 2126 in
865 2052 1011 2127 laudem
1027 2054 1199 2126 creatoris
1215 2051 1334 2125 adhuc
1350 2067 1552 2152 appareret.

487 2200 505 2238 α
525 2177 570 2243 Et
589 2173 734 2270 spiritns
755 2173 899 2244 Domini
922 2171 1101 2243 serebatur
1121 2194 1229 2269 super
1251 2193 1411 2268 aquas.»
1430 2170 1648 2242 Hebraicum
1669 2167 1796 2257 habet,
1819 2196 1837 2237 n
1852 2167 2023 2241 volitabat

435 2311 543 2384 super
571 2288 698 2359 faciem
726 2311 913 2384 aquarum.
932 2315 950 2354 n
968 2287 1165 2361 Translatio
1189 2311 1277 2359 vero
1304 2288 1468 2386 quaedam
1493 2288 1621 2378 habet,
1652 2285 1830 2360 «fovebat
1854 2311 1982 2387 aquas,
2000 2316 2018 2354 n

318 2465 324 2474 .
436 2404 620 2503 quaedam,
642 2434 659 2472 a
677 2406 858 2478 ferebatur
878 2429 986 2505 super
1011 2429 1146 2504 aquas,¹
1159 2434 1177 2474 n
1199 2407 1291 2479 sicut
1316 2407 1427 2480 habet
1451 2431 1606 2506 praesens
1628 2431 1738 2505 quam
1760 2431 1833 2505 prae
1857 2405 2021 2480 manibus

435 2525 610 2598 habemus
622 2505 691 2614 ,ac
708 2527 865 2623 primum
883 2525 988 2597 nobis
1005 2527 1160 2598 oocurrit
1176 2525 1403 2624 exponenda.
1420 2531 1605 2614 Quantum
1627 2551 1713 2622 ergo
1737 2526 1843 2599 nobis
1866 2527 2017 2616 videon,

435 2670 610 2745 aquarum
626 2648 735 2721 etiam
751 2648 899 2718 nomine
916 2646 1064 2719 fluidam
1081 2647 1180 2720 illam
1190 2661 1299 2745 atque
1310 2639 1515 2720 instabilem
1527 2648 1735 2743 congeriem
1745 2647 1914 2720 nondum
1927 2661 2020 2720 oerta

435 2769 592 2866 partium
608 2791 754 2838 suarum
771 2766 1009 2839 collocatione
1026 2766 1203 2838 firmatam
1223 2766 1511 2865 comprehendit.
1533 2769 1648 2865 Super
1670 2765 1765 2839 hanc
1783 2768 1903 2864 itaque
1919 2767 2019 2865 spiri·

435 2899 492 2956 tus
509 2885 657 2956 Domini
674 2884 867 2974 ferebatan,
885 2885 970 2982 quia
993 2899 1034 2957 ut
1053 2908 1133 2956 eam
1151 2883 1357 2975 ordinaret,
1376 2900 1549 2983 tanquam
1563 2885 1717 2984 imperio
1737 2909 1804 2959 suo
1825 2885 2019 2983 subjectam

435 3003 558 3077 divina
573 3003 789 3103 disponebat
806 3004 936 3100 gratia,
956 3028 1002 3075 ne
1018 3002 1185 3076 videlicet
1207 3002 1353 3076 ulterius
1372 3018 1465 3076 esset
1479 3004 1596 3076 inanis
1612 3018 1675 3078 aut
1689 3027 1821 3096 vacua,
1840 3029 1903 3076 seu
1920 3019 2019 3076 tene·

433 3122 543 3196 brosa
558 3121 615 3194 vel
629 3121 752 3195 fluida.
772 3122 868 3210 Quid
891 3123 989 3194 enim
1005 3123 1150 3221 spiritus
1165 3123 1232 3194 Dei
1248 3122 1317 3196 nisi
1333 3122 1409 3220 ejus
1424 3121 1569 3196 bonitas
1584 3122 1806 3220 intelligitur,
1824 3122 1922 3218 eujus
1935 3146 2020 3222 par·

433 3243 641 3340 ticipatione
660 3255 745 3314 sunt
765 3241 864 3314 bona
883 3243 1069 3314 universa?
1085 3245 1173 3328 Quae
1187 3239 1353 3314 videlicet
1367 3242 1436 3313 Dei
1450 3241 1613 3329 bonitas,
1627 3241 1714 3339 quia
1729 3239 1895 3312 nondum
1910 3240 1948 3312 in
1962 3241 2018 3314 illa

435 3359 696 3433 elementorum
710 3361 924 3434 confusione
942 3359 1159 3460 apparebat,
1178 3360 1370 3460 superferri
1385 3361 1507 3460 potius
1522 3359 1595 3450 illi,
1613 3383 1724 3459 quam
1740 3360 1863 3434 inferri
1884 3359 2020 3432 diceba·

434 3494 506 3571 tur,
521 3483 606 3577 quia
621 3481 787 3553 nondum
803 3483 840 3552 in
858 3505 901 3552 ea
916 3496 1085 3580 operatus
1098 3481 1231 3572 suerat,
1245 3481 1343 3554 unde
1356 3480 1493 3580 aliquid
1506 3481 1666 3556 utilitatis
1679 3483 1757 3583 ipsa
1768 3482 2014 3581 praetenderet.

435 3601 539 3673 Unde
556 3625 623 3673 nec
639 3603 676 3672 in
693 3603 768 3696 ejus
784 3601 1100 3674 commendatione
1116 3602 1259 3694 dicitur,
1284 3631 1303 3672 a
1323 3602 1413 3676 vidit
1431 3607 1528 3676 Deus
1543 3605 1628 3702 quia
1649 3603 1788 3678 bonum
1805 3618 1878 3692 est,
1895 3632 1914 3673 a
1932 3604 2018 3676 sicut

433 3723 470 3792 in
487 3720 802 3794 commendatione
819 3720 1040 3821 reliquorum
1056 3745 1223 3822 operum.
1239 3723 1436 3821 Diligenter
1451 3725 1559 3798 etiam
1577 3724 1664 3798 dicit
1682 3754 1700 3794 a
1714 3725 1898 3798 serebatur
1913 3749 2016 3823 super

435 3864 559 3938 aquas,
575 3867 592 3909 a
613 3843 731 3939 potius
746 3865 869 3939 quarn,
891 3871 909 3910 e
922 3858 1020 3933 erat,
1039 3845 1141 3942 quasi
1166 3845 1361 3918 ostendens
1377 3869 1461 3917 eum
1473 3843 1607 3918 babere
1621 3844 1816 3944 quemdam
1832 3847 2017 3918 transitum

434 3965 470 4035 in
489 3964 583 4052 istis,
599 3977 637 4034 ut
654 3961 699 4034 de
715 3963 872 4035 tenebris
891 3965 937 4036 ad
953 3963 1071 4037 lucem
1083 3965 1317 4063 produceret,
1331 3991 1407 4038 non
1430 3968 1468 4038 in
1488 3968 1540 4040 eis
1562 3967 1847 4066 permanentiam
1864 3957 2013 4053 habere,

433 4107 522 4182 quas
538 4103 766 4182 nequaquam
784 4085 820 4154 in
837 4082 907 4156 hac
923 4084 1134 4156 confusione
1150 4101 1390 4184 proposuerat
1404 4086 1619 4185 relinquere.
1673 4126 1678 4134 ·

480 4201 557 4274 Alia
570 4203 696 4292 etiam,
712 4217 753 4274 ut
765 4202 931 4294 diximus,
948 4204 1132 4277 translatio
1149 4204 1284 4296 habet,⁸
1295 4235 1313 4275 r
1326 4220 1363 4278 et
1376 4205 1521 4304 spiritus
1536 4206 1685 4278 Domini
1700 4205 1847 4280 fovebat
1862 4229 1985 4304 aquas,
1996 4235 2013 4273 a

432 4345 533 4394 more
549 4321 715 4394 videlicet
730 4324 825 4414 aris,
844 4347 923 4420 quae
944 4348 1014 4396 ovo
1035 4324 1230 4415 incumbit,
1254 4340 1296 4398 ut
1315 4326 1435 4424 ipsum
1455 4325 1575 4398 foveat
1598 4338 1706 4423 atque
1731 4324 1904 4414 vivificet3
1924 4325 2015 4398 unde

433 4457 469 4513 et
483 4441 576 4513 bene
592 4441 850 4514 vivificatorem
872 4443 1045 4542 Spiritum
1064 4459 1230 4517 sanctum
1253 4443 1486 4544 appellamus.
1503 4449 1599 4518 bene
1619 4459 1740 4518 autem
1759 4470 1831 4519 ovo
1853 4445 2016 4520 nondum

432 4563 611 4637 vivificato
632 4582 695 4638 aut
715 4566 870 4638 formato
892 4567 951 4642 illa
975 4567 1126 4641 confusa
1150 4571 1335 4668 congeries
1355 4585 1598 4670 comparatur,
1622 4572 1659 4642 in
1682 4597 1768 4669 qua-
1783 4585 1957 4671 tanquam
1979 4575 2014 4644 in

433 4709 504 4756 ovo
521 4699 676 4782 quatuor
692 4687 729 4758 in
745 4711 784 4758 se
799 4689 1000 4761 continenti
1024 4705 1179 4788 quatuor
1204 4690 1381 4765 elementa
1405 4691 1775 4790 comprehenduntur.
1798 4697 1861 4765 Est
1885 4695 2016 4793 quippe

433 4803 469 4872 in
487 4827 557 4874 ovo
575 4819 666 4876 testa
683 4806 852 4894 exterior3
872 4805 1004 4880 deinde
1019 4808 1116 4880 intus
1136 4808 1226 4900 tela,
1254 4809 1292 4882 id
1318 4825 1370 4881 est
1392 4809 1562 4908 cartilago
1589 4811 1752 4908 quaedam
1777 4825 1875 4887 testae
1899 4811 2015 4884 adhae·

431 4945 531 5009 rens;
557 4947 598 4995 ac
622 4926 856 5022 postmodum
877 4928 1032 5026 albugo;
1056 4928 1212 5028 denique
1236 4930 1396 5003 medium
1418 4931 1508 5002 illud
1530 4932 1590 5002 ovi
1616 4935 1719 5030 quasi
1743 4933 1904 5006 medulla
1926 4937 2010 5030 ejus.

428 5039 537 5127 Quod
553 5041 700 5137 quidem
717 5043 876 5117 medium
893 5048 953 5120 ovi
974 5046 1074 5145 quod
1090 5048 1251 5122 vitellum
1271 5048 1444 5140 dicimus,
1466 5050 1569 5147 quasi
1591 5063 1687 5124 terra
1712 5053 1823 5123 estin
1848 5051 2009 5123 mundo:

428 5159 559 5258 albugo
577 5164 680 5259 quasi
696 5188 790 5261 aqua
806 5181 910 5248 terrae
926 5168 1110 5242 adhaerens
1128 5197 1136 5241 :
1152 5169 1221 5244 tela
1238 5185 1411 5269 tanquam
1427 5193 1488 5243 aer
1509 5197 1518 5241 z
1540 5185 1632 5244 tosta
1646 5187 1686 5245 ut
1703 5172 1807 5268 ignis.
1827 5177 1878 5242 Ex
1893 5169 2012 5245 vitello
