4520 6104
468 601 542 672 242
988 591 1215 666 flELOlSSAE
1239 591 1536 666 attentatum

465 753 548 810 tuus
564 737 677 826 venit;
694 763 714 802 ιι
734 733 834 832 quod
847 747 966 804 tamen
980 733 1058 831 ipso
1075 731 1133 804 die
1154 732 1283 804 Pilatus
1295 733 1422 831 saepius
1438 732 1557 804 verbis
1570 733 1737 822 asseruit,
1758 746 1795 804 et
1806 733 1843 804 in
1857 733 1936 830 ipso
1950 732 2049 806 titulo

466 859 581 930 crucis
598 857 729 953 scripto
743 852 980 926 confirmavit.
997 857 1044 923 Ut
1061 854 1158 924 enim
1175 853 1378 926 Matthaeus¹
1395 853 1578 944 meminit,
1597 851 1725 924 tudaeis
1745 854 1818 925 ait:
1838 881 1856 920 ιι
1873 852 1985 924 Vultis
1999 853 2050 926 di-

466 978 601 1048 mittam
620 973 721 1046 vobis
738 997 859 1070 regem
877 973 1082 1044 ludaeorum
1095 971 1131 1041 ¹?
1148 1001 1166 1038 ιι
1187 987 1223 1043 et
1239 974 1408 1044 iterum⁸:
1425 1003 1444 1041 ιι
1462 977 1593 1071 Regem
1604 989 1762 1046 vestrum
1779 971 2010 1070 crucifigam?
2032 1003 2048 1040 ιι

466 1098 537 1182 Qui
553 1097 660 1167 etiam
673 1119 787 1192 quum
804 1094 967 1191 superius
985 1093 1165 1189 quaesisset
1184 1117 1207 1165 a
1223 1094 1396 1166 Domino*
1413 1121 1420 1163 :
1443 1124 1461 1162 ιι
1476 1099 1526 1166 Tu
1544 1118 1583 1165 es
1595 1118 1657 1164 rex
1670 1092 1901 1166 tudaeorum?
1916 1121 1934 1160 ιι
1948 1092 2052 1166 etille

464 1214 727 1314 respondisset:
752 1243 770 1282 ιι
786 1218 814 1284 Δ
832 1212 1020 1310 temetipso
1043 1212 1114 1284 hoc
1135 1211 1244 1303 dicis,
1267 1237 1315 1284 an
1338 1213 1397 1284 alii
1423 1212 1488 1285 tibi
1506 1212 1673 1286 dixerunt
1692 1213 1739 1286 de
1761 1213 1845 1286 me?
1862 1241 1880 1280 ιι
1902 1216 2050 1286 Rursum

465 1337 514 1408 ait
528 1335 660 1408 Pilatus
684 1363 692 1406 :
712 1363 731 1403 ιι
746 1334 916 1431 Nunquid
935 1359 1002 1432 ego
1020 1333 1161 1406 Judaeus
1180 1335 1287 1406 surnl
1312 1337 1409 1408 Gens
1430 1349 1490 1406 tua
1508 1349 1542 1407 et
1564 1333 1752 1433 pontifices
1773 1334 1994 1408 tradidertmt
2018 1352 2050 1408 te

465 1456 565 1526 mihi.
586 1485 604 1522 ιι
625 1460 717 1528 Ecce
735 1455 876 1552 quoties
902 1469 938 1526 et
958 1478 1067 1552 quatu
1087 1454 1270 1526 manifeste
1294 1454 1426 1527 Pilatus
1444 1480 1529 1528 eum
1549 1480 1670 1552 regem
1689 1453 1899 1554 profiteatur
1913 1456 2051 1528 ludaeo-

464 1601 567 1666 rum,
596 1592 633 1648 et
648 1578 766 1675 ipsum
784 1574 960 1674 populum
979 1573 1184 1648 tudaeorum
1207 1590 1348 1672 gentem
1371 1575 1447 1670 ejus
1471 1575 1652 1674 appellet:
1672 1576 1731 1648 cui
1749 1599 1862 1673 quum
1878 1577 2051 1648 Dominus

464 1696 615 1768 dixerit:
636 1725 655 1764 ιι
672 1701 700 1768 Α
718 1697 906 1793 temetipso
919 1695 990 1766 hoc
1011 1694 1116 1785 dicis,
1134 1711 1219 1787 etc,
1240 1725 1257 1762 ιι
1277 1694 1347 1767 tale
1366 1710 1436 1787 est,
1455 1720 1497 1768 ac
1514 1695 1717 1768 sidiceret:
1741 1697 1878 1783 Quaeris
1896 1695 1967 1768 hoc
1985 1721 2050 1795 pro

464 1817 592 1915 teipso
610 1830 650 1888 ut
667 1817 852 1888 veritatem
868 1839 1080 1912 cognoscas,
1103 1839 1150 1886 an
1169 1814 1256 1888 dolo
1280 1814 1504 1906 tudaeornm,
1523 1832 1696 1912 tanquam
1716 1840 1809 1888 unus
1826 1839 1870 1886 ex
1887 1816 1990 1913 ipsis,
2015 1831 2051 1887 ut

465 1959 524 2006 me
548 1933 787 2008 interficiendi
804 1935 1030 2006 occasionem
1050 1933 1135 2006 hinc
1155 1933 1299 2006 sumas?
1317 1935 1480 2032 Denique
1500 1951 1536 2008 et
1558 1935 1699 2006 titulum
1718 1933 1851 2006 Pilatus
1868 1933 2049 2022 scribens,

463 2054 535 2126 hoc
556 2054 657 2152 quod
679 2055 815 2128 dixerat
838 2053 974 2142 verbis,
1000 2054 1133 2152 scripto
1152 2053 1378 2126 confirmavit
1396 2057 1504 2128 trium
1519 2055 1742 2153 linguarum,
1762 2070 1801 2126 ut
1815 2053 1862 2126 ab
1887 2053 2055 2128 omnibus

464 2175 747 2271 Hierosolymam
763 2173 1059 2246 convenientibus
1077 2172 1144 2269 legi
1165 2189 1303 2272 posset,
1329 2189 1366 2246 et
1385 2201 1489 2247 verus
1503 2175 1649 2272 intelligi
1662 2199 1725 2246 rex
1738 2173 1960 2248 ludaeorum.
1970 2178 2054 2246 Erat

464 2297 598 2393 quippe
626 2295 799 2394 scriptum
821 2297 863 2362 ⁵:
900 2323 916 2360 ιι
941 2297 1042 2374 lesus
1060 2297 1282 2384 Nazarenus,
1308 2319 1370 2364 rex
1387 2294 1605 2366 ludaeorum.
1637 2323 1655 2362 ιι
1680 2293 1748 2365 Ubi
1767 2293 1916 2392 quidem
1941 2319 2053 2392 quum

463 2413 614 2510 adjecit:
639 2443 656 2482 ιι
674 2418 894 2502 Nazarenus,
909 2441 927 2476 u
947 2411 1134 2508 diligenter
1149 2412 1248 2483 hunc
1263 2417 1383 2485 lesum
1402 2413 1560 2484 distinxit
1576 2415 1759 2504 acaeteris,
1778 2414 1892 2511 quiin
1906 2414 2055 2510 antiquo

464 2533 620 2631 populo,
641 2533 713 2604 hoc
730 2555 875 2629 quoque
896 2533 1065 2622 nomine,
1086 2555 1161 2602 non
1186 2547 1260 2602 tam
1281 2533 1426 2630 proprie
1447 2557 1558 2630 quam
1578 2534 1819 2631 nuncupative
1837 2533 1978 2604 fuerant
1999 2533 2054 2604 in·

465 2651 612 2748 signiti:
638 2665 762 2748 utpote
782 2655 915 2737 losue,
937 2654 1037 2721 lesus
1066 2649 1251 2739 sacerdos,
1281 2651 1338 2722 vel
1358 2655 1458 2722 lesus
1485 2650 1579 2722 lilius
1601 2650 1737 2722 Sirach.
1763 2655 1817 2722 De
1840 2650 1911 2722 hoe
1933 2666 2054 2724 autem
2103 2691 2107 2704 ·

463 2770 604 2844 honore
621 2771 732 2861 tituli,
754 2768 941 2868 pontifices
959 2768 1164 2841 Judaeorum
1184 2769 1414 2842 vehementer
1431 2770 1603 2866 indignati
1622 2785 1794 2867 tanquam
1806 2771 1844 2842 in
1858 2770 2055 2842 damnatio

464 2919 549 2967 nem
574 2919 676 2968 suam
700 2895 892 2992 conscripti
913 2895 999 2991 qui·
1022 2918 1144 2991 regem
1167 2895 1356 2993 proprium
1382 2895 1661 2984 crucifixissent,
1695 2896 1861 2970 dixerunt
1888 2897 2051 2970 Pilato⁷:

466 3045 483 3084 ιι
500 3015 579 3088 Noli
598 3015 752 3090 scribere
769 3039 890 3112 regem
906 3014 1129 3105 ludaeorum,
1149 3014 1212 3086 sed
1230 3016 1315 3113 quia
1331 3016 1407 3115 ipse
1421 3016 1531 3108 dixit,
1552 3043 1614 3090 rex
1631 3043 1713 3090 sum
1728 3017 1947 3090 ludaeorum.
1967 3048 1987 3086 ιι
2012 3025 2056 3092 At

464 3159 550 3207 vero
561 3137 732 3233 quoniam
744 3128 998 3233 prophetatum
1008 3135 1121 3206 luerat
1131 3139 1159 3204 ⁸:
1179 3165 1195 3202 ιι
1207 3140 1257 3206 Ne
1268 3159 1478 3235 corrumpas
1492 3137 1607 3210 David
1621 3139 1658 3210 in
1671 3138 1763 3211 tituli
1774 3140 2020 3238 inscriptione,
2038 3173 2053 3206 ιι

465 3270 635 3354 tanquam
662 3255 733 3328 hoc
759 3254 806 3326 ad
832 3279 871 3326 se
899 3253 1035 3326 dictum
1063 3253 1194 3326 Pilatus
1221 3255 1443 3348 intenderet,
1474 3257 1680 3357 respoudit·
1705 3286 1713 3328 :
1737 3289 1755 3326 ιι
1769 3258 1879 3346 Quod
1903 3261 2053 3358 scripsi,

464 3376 626 3473 scripsi.»
638 3379 823 3470 Tanquam
836 3375 866 3444 si
878 3372 1012 3444 diceret
1025 3400 1033 3444 ε
1051 3373 1160 3460 Quod
1171 3373 1401 3449 scribendum
1412 3377 1554 3476 providi
1564 3379 1642 3450 sine
1661 3377 1732 3450 ulla
1746 3379 1983 3475 correptionis
1999 3405 2056 3452 re-

465 3496 674 3566 tractatione
700 3492 858 3581 firmavi;
878 3507 1050 3590 tanquam
1068 3493 1103 3565 in
1123 3494 1199 3588 ejus
1213 3511 1333 3568 mente
1350 3496 1422 3570 hoc
1443 3499 1616 3596 scriptum
1633 3500 1798 3596 primitus
1819 3515 1932 3589 esset,
1952 3501 2056 3598 qnod

464 3611 625 3685 secundo
638 3612 761 3684 litteris
778 3611 973 3684 exhiberet.
993 3615 1075 3684 Hauc
1089 3637 1174 3710 ergo
1187 3615 1379 3711 geminatio
1397 3617 1495 3690 verbi
1512 3644 1520 3688 ε
1543 3647 1561 3687 ιι
1577 3617 1685 3705 Quod
1703 3618 1847 3716 scripsi,
1866 3619 2013 3717 scripsi,
2034 3648 2054 3686 ιι

464 3732 765 3826 perseverantiam
788 3731 844 3804 vel
866 3731 1259 3806 incommutabilitatem
1283 3733 1457 3831 significat
1480 3736 1581 3828 facti,
1610 3738 1702 3810 sicut
1724 3735 1845 3808 illud:
1873 3767 1892 3805 ιι
1919 3743 2057 3814 Euntes

463 3848 575 3922 lbani.
599 3879 617 3917 u

1028 4027 1211 4075 anonam
1235 4028 1403 4076 amasae
1427 4030 1476 4076 Π.

509 4185 705 4274 Quomodo
722 4200 815 4258 stare
831 4201 951 4285 potest
966 4187 1067 4285 quod
1085 4191 1261 4262 Dominus
1283 4191 1411 4264 ludaeis
1428 4193 1528 4290 signa
1543 4191 1782 4290 quaerentibus
1802 4195 1988 4294 respondit
2003 4196 2056 4270 de

462 4323 624 4406 tempore
640 4306 829 4403 sepulturae
847 4331 918 4380 suae
929 4311 949 4347 ¹⁶
964 4335 972 4377 :
990 4337 1008 4377 ιι
1023 4308 1120 4380 Sicut
1138 4309 1203 4382 lirit
1220 4315 1328 4386 Jonas
1343 4313 1379 4384 in
1399 4328 1523 4386 ventre
1540 4315 1610 4386 ceti
1627 4313 1739 4388 tribus
1749 4314 1876 4388 diebus
1889 4330 1924 4388 et
1936 4315 2056 4390 tribus

461 4428 647 4518 noctibus,
669 4429 719 4501 sic
736 4431 803 4500 erit
820 4443 855 4500 et
872 4429 965 4502 lilius
982 4429 1139 4504 hominis
1157 4432 1193 4505 in
1213 4435 1322 4507 corde
1344 4450 1448 4508 terrae
1466 4435 1579 4509 tribus
1601 4437 1727 4510 diebus
1745 4453 1780 4509 et
1799 4437 1913 4511 tribus
1931 4441 2055 4514 nocti·

460 4547 552 4618 bus?
567 4577 585 4615 ιι
606 4551 754 4620 Constat
768 4549 902 4648 quippe
920 4551 1116 4622 Dominum
1134 4568 1231 4624 sexta
1248 4554 1334 4628 feria
1351 4555 1397 4628 de
1416 4581 1522 4628 cruce
1540 4555 1743 4654 depositum
1760 4581 1836 4630 esse
1849 4557 2052 4658 sepultum,

461 4681 495 4738 et
519 4667 667 4738 sabbato
688 4669 864 4764 quievisse
879 4670 917 4741 in
935 4670 1118 4767 sepulcro,
1139 4688 1176 4744 et
1192 4677 1357 4772 sequenti
1374 4691 1489 4749 noctae
1508 4676 1698 4749 dominicae
1720 4677 1791 4748 diei
1814 4681 2056 4754 resurrexisse

493 4943 502 4970 ¹
520 4941 561 4994 stc
570 4939 633 4992 cod.
644 4939 798 4992 liet-Uale
810 4953 891 4995 autern
905 4943 994 5011 legitur
1009 4945 1034 4998 in
1053 4947 1161 5000 editione
1172 4949 1233 5002 Arn-
1266 4967 1322 5018 cap.
1336 4968 1394 5012 ιιι,
1407 4968 1432 5004 v.
1451 4953 1488 5004 19.
1497 4980 1529 4992 -
1541 4953 1551 4982 ⁸
1562 4953 1604 5008 Sic
1615 4953 1701 5006 cou-
1712 4953 1839 5018 Qu'deart
1851 4954 2002 5010 nuttam.
2014 4983 2054 4997 ·—

458 5025 1234 5093 boaamfflrucoaeuumatncrutommduaaeu
1267 5034 2053 5106 'loan.,cap.mn.tt.·-'Pstlm.avt,r.t.-·'lotn.,

459 5117 504 5162 ott.
515 5135 548 5149 -
557 5108 567 5136 ¹
577 5110 660 5170 loen..
675 5125 732 5176 cap.
749 5127 823 5173 xrrn,
838 5129 864 5164 v.
876 5113 919 5163 39.
928 5137 962 5150 -
972 5113 1075 5180 ‘lcan.,
1095 5133 1152 5185 cap.
1173 5135 1233 5181 ιιι,
1265 5133 1319 5187 cap.
1330 5137 1390 5186 ιιι,
1400 5137 1424 5172 v.
1436 5123 1480 5173 tt.
1495 5150 1521 5162 -
1535 5121 1557 5150 '⁸
1571 5123 1669 5186 Usula..
1681 5139 1737 5190 etp.
1749 5141 1798 5185 ιιι,
1810 5141 1835 5176 v.
1848 5125 1889 5176 40.

458 5211 481 5246 r.
505 5192 703 5256 15.-⁴loan.‚
716 5209 772 5260 cap.
795 5211 868 5262 xun,
888 5213 913 5247 v.
934 5198 966 5248 28
986 5209 1012 5250 et
1030 5215 1069 5266 sq.
1084 5201 1232 5266 —⁸loan.,
