4644 6112
472 621 517 690 l0
900 619 1026 688 PETRI
1054 615 1290 692 ABAELARDl
1316 617 1372 694 ΕΤ
1396 617 1623 690 HELOlSSAE

469 759 568 832 Tanti
581 759 713 856 quippe
727 771 813 830 tnnc
826 757 983 830 nominis
1001 781 1117 850 eram,
1134 772 1168 832 ot
1181 758 1377 854 juventutis
1393 773 1429 834 et
1440 757 1564 834 sormoe
1575 759 1686 856 gratia
1698 758 1994 858 prmetninebam,
2011 772 2051 832 ut

468 903 719 977 quamcunque
732 879 942 950 feminarum
955 895 1080 952 nostro
1092 878 1257 977 dignarer
1267 903 1408 970 umore,
1422 877 1558 952 nullam
1575 903 1716 952 vererer
1732 877 1924 977 repulsam.
1938 881 2049 954 Tanto

467 1014 588 1070 autem
599 997 731 1070 facilius
745 996 838 1068 hanc
851 995 939 1070 mibi
951 997 1108 1095 puellam
1121 1023 1376 1075 consensuram
1387 997 1540 1088 credidi,
1554 1013 1692 1094 quanto
1705 997 1946 1096 ampliuseam
1959 997 2050 1072 litte·

466 1143 587 1190 rarum
608 1118 790 1190 scientiam
812 1133 846 1190 et
863 1116 997 1190 babere
1019 1134 1055 1190 et
1075 1119 1221 1218 diligere
1239 1143 1426 1210 noveram,
1446 1142 1584 1216 nosque
1603 1119 1708 1193 enam
1731 1117 1894 1192 absentes
1913 1119 2051 1216 scriptis

464 1237 689 1310 internuntiis
710 1238 864 1308 invicem
881 1237 1001 1312 liceret
1018 1253 1229 1336 prasentare
1241 1253 1302 1328 ,et
1315 1237 1484 1334 pleraque
1495 1237 1666 1312 audacius
1681 1236 1835 1312 scribere
1850 1261 1961 1335 quam
1971 1237 2050 1314 col-

464 1356 585 1452 lcqui,
607 1371 644 1428 et
663 1358 713 1428 sic
727 1381 868 1454 semper
880 1357 1047 1451 jucundis
1059 1360 1227 1432 interesse
1240 1356 1439 1454 colloquiis.
1461 1362 1502 1428 In
1513 1357 1620 1454 hujus
1638 1356 1758 1454 itaque
1780 1356 2050 1430 adolescentulae

463 1497 625 1548 amorem
649 1490 743 1548 totns
767 1477 1021 1566 inflammatus,
1046 1479 1290 1550 occasionem¹
1314 1477 1458 1574 quesivi
1481 1501 1554 1574 qua
1584 1501 1665 1552 eam
1687 1476 1775 1552 mibi
1797 1476 1992 1550 domestica
2015 1491 2050 1548 et

463 1596 670 1694 quotidiana
681 1597 951 1668 conversatione
960 1597 1169 1670 familiarem
1180 1596 1421 1686 effmemm,at
1432 1596 1565 1673 facilius
1574 1595 1622 1670 ad
1629 1621 1845 1672 consensum
1855 1596 2045 1670 traherem.

463 1716 570 1802 Quod
593 1715 740 1812 quidem
767 1729 806 1787 ut
828 1715 947 1806 fieret,
972 1717 1026 1813 egi
1049 1739 1133 1788 cum
1154 1716 1325 1815 praedicto
1349 1715 1475 1814 puella
1497 1715 1691 1806 annuendo,
1705 1715 1921 1814 quibusdam
1940 1717 2050 1814 ipsius

461 1834 925 1926 amicisinteruenientibus,
938 1835 2049 1933 quatenusmeindomumsuam,quaescbolisnostrisproxima
2118 1819 2120 1822 ⁵

462 1971 557 2043 erat,
574 1955 642 2026 sub
658 1980 876 2053 quocunque
890 1958 1150 2053 procurationis
1171 1957 1286 2054 pretio
1306 1957 1516 2054 susciperet,
1538 1956 1632 2030 banc
1644 1955 1809 2031 videlicet
1824 1957 2048 2030 occasionem

460 2074 704 2170 prmtendans¹
727 2075 828 2173 quod
852 2075 1011 2147 studium
1031 2090 1194 2150 nostrum
1217 2075 1413 2150 domestica
1432 2091 1560 2150 nostrae
1585 2075 1722 2148 familiae
1747 2097 1833 2148 cura
1856 2074 2050 2176 plurimum

460 2194 693 2292 praepediret⁸
715 2209 750 2265 et
769 2197 931 2295 impensa
960 2197 1069 2268 nimia
1092 2197 1244 2268 nimium
1262 2219 1320 2268 me
1345 2211 1518 2293 gravaret.
1549 2200 1633 2270 Erat
1652 2211 1773 2268 autem
1798 2194 1972 2290 cupidus*
1990 2193 2049 2268 ille

386 2351 391 2364 ι
463 2315 584 2403 valde,
604 2329 710 2411 atque
727 2339 809 2412 erga
822 2318 960 2414 neptim
977 2341 1097 2408 suam,
1116 2331 1154 2388 ut
1170 2316 1321 2414 amplius
1334 2341 1475 2416 semper
1487 2317 1524 2388 in
1544 2315 1746 2390 doctrinam
1757 2312 1944 2413 proficeret
1956 2313 2048 2388 litte·

462 2435 646 2525 ratoriam,
673 2435 870 2531 plurimum
889 2437 1079 2508 studiosus.
1097 2436 1236 2524 Quibus
1253 2436 1415 2508 duobus‘
1432 2437 1532 2510 facile
1550 2459 1733 2510 assensum
1750 2449 1931 2510 amecutm
1948 2459 2046 2526 sum,

463 2570 497 2624 et
510 2553 609 2652 quod
629 2553 798 2653 optabam
817 2554 980 2627 obtinui:
1002 2581 1115 2652 quum
1135 2555 1194 2627 ille
1213 2555 1376 2629 videlicet
1394 2572 1430 2630 et
1449 2556 1496 2632 ad
1517 2556 1706 2654 pecuniam
1722 2567 1817 2628 totns
1832 2554 2000 2646 mhmoet,
2014 2569 2049 2628 et
2150 2624 2155 2633 .

463 2673 598 2770 neptim
616 2699 718 2746 suam
731 2697 775 2745 ex
787 2673 950 2745 doctrina
969 2691 1091 2746 nostra
1111 2676 1246 2772 aliquid
1260 2691 1510 2774 percepturam
1524 2675 1696 2750 crederet.
1718 2677 1833 2772 Super
1847 2699 1922 2771 qno
1942 2675 2048 2750 veba-

461 2809 599 2868 menter
615 2819 673 2865 me
687 2793 916 2893 deprecatus,
938 2819 1046 2892 supra
1059 2821 1168 2893 quam
1182 2821 1324 2896 sperare
1337 2819 1605 2894 ptmsumerem,
1623 2796 1714 2868 votis
1726 2795 1815 2866 meis
1832 2798 1998 2882 accessit,
2014 2809 2050 2870 et
2108 2866 2113 2876 ,

461 2915 574 2984 amori
598 2912 776 2984 oonnnuit
797 2941 805 2984 ι
827 2937 906 2984 eam
921 2915 1082 2986 videlicet
1104 2929 1215 2987 totam
1231 2931 1356 2988 nostro
1369 2916 1571 3013 magisterio
1588 2913 1833 3002 committam,
1853 2929 1894 2986 ut
1910 2913 2049 3009 quoties

462 3032 548 3104 mdri
567 3057 587 3104 a
606 3033 737 3104 scholis
754 3059 897 3106 reverso
916 3049 1076 3124 vacaret,
1106 3050 1180 3112 tam
1198 3037 1235 3106 in
1254 3035 1313 3108 die
1330 3059 1440 3132 quam
1459 3036 1495 3106 in
1518 3049 1641 3125 nocte,
1662 3034 1696 3106 ei
1713 3031 1886 3108 docendae
1902 3056 2049 3130 operam

462 3151 598 3241 darem,
610 3167 646 3224 et
657 3177 738 3224 eam
750 3153 780 3222 si
788 3152 1025 3249 negligentem
1038 3155 1218 3243 sentirem,
1235 3154 1465 3226 vehementer
1477 3154 1768 3252 constringerem.
1782 3155 1821 3222 ln
1836 3175 1908 3248 qua
1920 3175 1960 3224 re
1973 3153 2049 3248 qui·

464 3270 546 3343 dem
569 3285 701 3367 quanta
724 3271 798 3366 ejus
818 3272 1023 3369 simplicitas
1045 3287 1136 3344 essct
1156 3272 1614 3363 vehementeradmiratus,
1634 3295 1710 3346 non
1733 3271 1851 3344 mimus
1872 3269 1969 3368 apud
1990 3291 2049 3342 me

464 3373 645 3488 obstupui,
661 3413 769 3487 quam
781 3391 811 3464 si
821 3415 948 3488 agnam
959 3407 1118 3464 teneram
1133 3392 1293 3465 famelico
1306 3392 1394 3490 lupo
1403 3391 1652 3466 committeret.
1661 3390 1733 3478 Qui
1744 3413 1858 3487 quum
1869 3413 1948 3460 eam
1961 3389 2048 3462 mihi

464 3535 538 3582 non
556 3511 673 3584 solum
692 3511 913 3603 docendam,
935 3514 1184 3586 verumetiam
1203 3513 1434 3586 vehementer
1445 3511 1758 3609 constringendam
1773 3509 1941 3598 traderet,
1962 3509 2048 3607 qnid

465 3630 560 3702 aliud
579 3631 721 3728 agebat,
738 3657 847 3729 qnam
867 3649 906 3704 nt
922 3634 1014 3704 votis
1027 3634 1115 3706 meis
1132 3633 1311 3706 licentiam
1324 3635 1466 3733 penitus
1477 3635 1598 3720 daret,
1619 3650 1656 3708 et
1675 3633 1923 3722 occasionem,
1944 3631 2049 3706 ctiam

466 3750 495 3820 si
510 3748 704 3838 nollemus,
730 3749 890 3842 offerret,
912 3767 953 3822 ut
971 3775 1079 3849 qnam
1097 3753 1260 3828 videlicet
1276 3754 1455 3827 blanditiis
1472 3777 1547 3826 non
1565 3778 1729 3852 possem,
1749 3753 1855 3826 minis
1872 3766 1907 3826 et
1927 3749 2050 3824 verbe·
2155 3765 2159 3774 '

465 3869 562 3940 ribus
578 3869 712 3941 facilius
730 3869 933 3942 flecterem?
947 3871 1017 3944 Sed
1030 3872 1103 3944 duo
1121 3889 1240 3966 erant,
1262 3897 1343 3971 quaa
1357 3897 1441 3945 eum
1460 3873 1614 3944 maxime
1629 3898 1651 3944 a
1664 3873 1760 3970 turpi
1774 3871 1976 3969 suspicione
1993 3894 2048 3942 re·

466 3991 658 4082 vocabant,
674 4013 776 4062 umor
789 3989 954 4063 videlicet
966 3994 1101 4090 neptis,
1118 4010 1153 4066 et
1170 3995 1397 4066 continentiae
1410 4017 1499 4066 mcoe
1510 3992 1800 4091 famapraeterita.
1815 3973 1912 4077 Quid
1924 3989 2048 4088 plura?

465 4114 621 4209 primum
638 4110 750 4182 domo
768 4133 840 4183 una
858 4113 1126 4211 conjungimur,
1151 4113 1386 4213 postmodum
1407 4115 1540 4186 animo.
1562 4112 1636 4184 Sub
1654 4111 1844 4184 ocmnone
1860 4111 1980 4205 itaque
1998 4107 2050 4180 di-

465 4233 620 4330 sciplinoe
642 4233 754 4304 amori
774 4233 915 4330 penitus
937 4234 1171 4324 vacabamus,
1193 4249 1229 4306 et
1246 4249 1399 4308 senatos
1421 4234 1617 4320 ronow,
1643 4253 1735 4328 quos
1755 4251 1859 4301 amor
1878 4227 2045 4328 optabat,

464 4353 620 4426 studium
631 4353 791 4426 lectionis
804 4352 1002 4426 offerebat&
1015 4355 1151 4453 Apertis
1162 4355 1280 4452 itaque
1292 4354 1390 4428 libris
1396 4355 1499 4453 plura
1509 4352 1556 4424 de
1568 4375 1691 4424 annom
1705 4349 1866 4447 quamde
1879 4348 2049 4420 lectione⁸

467 4474 574 4546 verba
591 4497 628 4546 se
645 4471 868 4572 ingerebant,
889 4473 992 4570 plura
1008 4487 1111 4544 erant
1128 4473 1249 4544 oscula
1266 4497 1376 4572 qnam
1393 4471 1586 4546 sententie.
1607 4470 1740 4569 Scpins
1760 4467 1807 4542 ad
1825 4470 1922 4540 sinus
1939 4489 2049 4564 quam

466 4593 511 4664 ad
523 4592 634 4665 libros
645 4592 907 4666 reducebantur
920 4615 1065 4682 manus,
1081 4593 1238 4666 crebrius
1248 4595 1373 4668 oculos
1386 4617 1489 4668 amor
1498 4593 1536 4666 in
1549 4617 1587 4666 se
1603 4589 1808 4664 redamabat
1820 4613 1930 4688 quam
1944 4587 2048 4660 lectio

465 4714 503 4786 in
516 4715 726 4810 scripturam
735 4714 924 4812 dirigebat3
935 4738 1080 4811 quoqne
1090 4715 1208 4787 minus
1216 4717 1428 4815 suspicionis
1438 4715 1664 4803 haberemus
1676 4711 1823 4784 verbera
1832 4710 2049 4808 quandoque

465 4831 572 4906 dabat
590 4857 707 4926 amor,
727 4859 802 4905 non
821 4835 938 4924 l'ur0r;
955 4832 1082 4932 gratia,
1098 4858 1173 4907 non
1191 4834 1262 4925 ira,
1283 4861 1363 4933 quae
1380 4835 1543 4908 omnium
1560 4845 1824 4929 unguentorum
1843 4827 2048 4900 suavitatem

496 5058 635 5122 'tempora
649 5059 948 5122 mittopponnaqattm
961 5049 1033 5110 ntis.
1047 5083 1077 5098 ·-
1091 5057 1101 5086 ¹
1114 5059 1236 5110 Struebat
1272 5059 1331 5109 ABG
1347 5070 1372 5110 ct
1383 5060 1433 5112 18.
1449 5059 1691 5120 lucanam
1706 5053 1899 5106 traditionibus
1910 5052 2049 5118 lectura-

461 5141 531 5193 llllS.
546 5142 597 5180 -'
612 5145 739 5206 Impediret
749 5142 820 5193 nus.
835 5169 859 5180 -
872 5143 882 5172 ⁴
893 5145 931 5194 ld
944 5146 1181 5207 recrastinandum
1195 5151 1237 5192 ct·
1274 5141 1284 5172 ¹
1299 5145 1391 5198 omns
1400 5143 1471 5196 lillS.
1481 5167 1515 5184 -
1529 5141 1709 5204 ‘Philosophia
1718 5138 1789 5190 nus.

461 5230 603 5278 teneremur
616 5225 686 5278 nats.
701 5225 756 5264 -⁸
771 5227 860 5288 Quibus
871 5231 965 5290 quidem
979 5229 1071 5278 duobus
1086 5227 1114 5278 n.
1127 5225 1182 5266 -⁸
1197 5225 1238 5277 Sic
1676 5243 1679 5260 1
