4520 6104
456 660 528 735 tta
894 656 1021 726 PETRl
1050 649 1285 726 tssAEuAttut
1311 655 1366 724 ET
1391 654 1617 725 HELOlSSAE

454 803 545 875 Audi
569 801 785 872 Dominum
781 797 1033 870 dicentour²:
1059 827 1076 864 n
1095 799 1154 868 Vae
1177 795 1297 888 vobis,
1323 797 1445 868 scribae
1463 813 1497 868 et
1518 795 1699 896 pharisaei,
1721 795 1892 892 quoniam
1920 793 2041 866 tulistis

454 917 612 997 clavem·²
628 901 804 1012 scientiae,
837 943 910 1028 non
940 921 1007 1040 ipsi
1021 897 1201 991 introistis
1216 943 1366 1018 ,neque
1397 919 1556 991 volentes
1581 917 1799 1018 permisistis.
1819 945 1836 984 »
1862 921 1934 988 Nos
1959 941 2040 988 vero

454 1055 641 1143 nunquam
642 1044 838 1114 cessemus
857 1031 985 1138 puteos
1006 1063 1106 1138 aquae
1125 1039 1211 1112 viva
1233 1039 1428 1129 lodiendo,
1450 1055 1485 1111 et
1501 1062 1598 1110 nunc
1621 1037 1768 1136 quidem
1788 1052 1926 1127 vetera,
1933 1061 2043 1108 nunc

454 1167 561 1238 etiam
579 1189 674 1236 nova
677 1162 730 1232 'ld
716 1159 939 1250 1333113333,
970 1159 1167 1267 efficiamur
1187 1159 1318 1231 similes
1343 1159 1392 1230 illi
1412 1159 1630 1257 evangelico.
1639 1157 1783 1248 scribae,
1810 1157 1856 1228 de
1877 1181 1951 1255 quo
1973 1161 2044 1228 Do·

454 1288 573 1358 minus
587 1284 721 1355 dixit²·:
736 1310 752 1348 a
771 1282 841 1369 Qui
856 1280 991 1379 profert
1004 1280 1049 1352 de
1063 1280 1230 1352 thesauro
1247 1305 1312 1352 suo
1328 1306 1422 1352 nova
1437 1297 1470 1352 et
1483 1296 1613 1352 vetera.
1630 1309 1648 1347 3
1664 1283 1797 1351 llen1²:
1817 1278 2045 1350 «Redeamus

453 1407 499 1478 ad
519 1411 648 1494 lsaad,¹
664 1419 699 1475 et
718 1400 895 1473 fodiamus
917 1425 1002 1472 curn
1011 1401 1099 1498 ipso
1118 1415 1244 1498 puteos
1262 1425 1362 1498 aquae
1377 1403 1484 1492 vivae,
1506 1401 1612 1472 etiam
1624 1425 1653 1498 si
1644 1399 1845 1471 'obsistunt
1857 1396 2042 1486 philistini,

453 1527 559 1598 etiam
588 1526 617 1596 si
633 1524 812 1628 rixantur,
840 1545 906 1591 nos
931 1535 1049 1591 tamen
1076 1544 1344 1617 perseveremus
1370 1545 1451 1592 cum
1481 1522 1564 1619 ipso
1582 1535 1709 1618 puteos
1729 1517 1924 1608 lodiend0,
1950 1532 1987 1589 ut
2012 1534 2046 1589 31

452 1644 774 1718 3313331333πῆΙ
784 1641 906 1712 anthe
931 1663 1061 1738 aquam
1079 1639 1125 1710 de
1142 1641 1212 1754 tuis
1236 1643 1348 1729 vasis,
1380 1657 1414 1712 et
1434 1641 1481 1713 de
1507 1642 1574 1712 tuis
1599 1641 1727 1752 puteis.
1756 1669 1773 1708 n
1800 1645 1843 1710 Et
1868 1637 2046 1710 intantum

452 1767 651 1854 fodiamus:
663 1769 723 1836 ’·3“1
737 1745 1029 1860 superabundent
1046 1783 1145 1856 aquae
1151 1761 1263 1856 'putei
1283 1761 1319 1830 in
1343 1759 1467 1859 plateis
1489 1759 1640 1850 uostris,
1663 1775 1701 1831 ut
1719 1785 1800 1831 non
1813 1759 1928 1830 solum
1941 1755 2048 1828 nobis

453 1885 603 1960 sufficiat
615 1883 771 1954 seientia
785 1883 1072 1978 scripturarum,
1096 1879 1158 1950 sed
1178 1895 1212 1951 et
1230 1879 1318 1950 alios
1340 1880 1535 1952 doceamus
1560 1895 1595 1952 et
1612 1881 1830 1951 instruamus
1850 1895 1887 1950 ut
1906 1877 2044 1950 bibant.

454 2007 625 2077 Homines
647 2003 786 2084 bibant·
798 2015 832 2073 et
854 2024 1011 2100 pecora,
1043 2001 1127 2098 quia
1157 2015 1192 2071 et
1217 2001 1393 2099 Propheta
1416 2001 1524 2073 (11311ὅ
1551 2027 1559 2071 :
1592 2002 1800 2072 «Homines
1823 2015 1857 2072 et
1884 2001 2050 2098 jumenta

454 2157 472 2192 «
496 2127 610 2198 salvos
625 2126 753 2212 facies,
775 2123 982 2204 Dominej'n
1002 2125 1045 2192 Et
1063 2135 1144 2220 post
1163 2120 1325 2218 aliqua⁸:
1352 2151 1369 2190 3
1384 2123 1454 2209 Qui
1469 2121 1673 2193 Plrilistinus
1688 2137 1760 2212 est,
1778 2149 1794 2188 3
1816 2122 1952 2218 inquit,
1976 2153 1994 2188 «
2016 2137 2052 2192 et

454 2265 594 2321 terrena
613 2248 724 2344 sapit,
755 2244 918 2314 nescitin
939 2244 1038 2314 omni
1059 2257 1151 2314 terra
1171 2242 1330 2314 invenire
1349 2267 1500 2339 aquam,
1522 2245 1684 2314 invenire
1707 2241 1953 2314 rationabilem
1972 2267 2054 2314 sen-

454 2393 545 2440 sum.
568 2397 585 2434 »
609 2365 706 2454 Quid
719 2364 788 2435 utri
805 2345 954 2462 prodiast
975 2362 1106 2434 habere
1121 2363 1382 2453 eruditionem,
1406 2378 1442 2435 et
1451 2363 1586 2435 nescire
1605 2365 1714 2435 ea'uti
1727 2363 1741 2432 1
1755 2361 1888 2500 habere
1911 2387 2052 2434 sermo·

454 2516 559 2577 nem,
587 2503 626 2559 31
648 2486 785 2556 nescire
803 2484 932 2581 loqui?
959 2481 1054 2555 lstud
1079 2479 1224 2582 proprie
1244 2508 1439 2582 puerorum
1467 2499 1519 2556 est
1542 2489 1659 2576 isaac,
1691 2482 1817 2582 quiin
1832 2485 1931 2555 otnui
1954 2499 2056 2556 terra

454 2611 601 2683 fodiunt
615 2617 743 2707 puteos
760 2591 864 2704 aquae
879 2608 977 2678 vivae.
1002 2612 1072 2677 Vos
1095 2622 1214 2678 autern
1234 2633 1308 2678 nou
1328 2609 1396 2696 sic,
1419 2607 1481 2679 sed
1498 2540 1703 2705 vaniloqitio
1722 2606 1864 2707 penitus
1887 2625 2057 2706 superse-

454 2735 613 2822 dentes,
627 2735 849 2829 quecunque
869 2729 1031 2801 discendi
1051 2731 1199 2827 gratiam
1220 2745 1386 2802 assecutae
1409 2745 1511 2821 sunt,
1534 2729 1619 2802 de'
1598 2755 1640 2801 us
1659 2753 1737 2828 quae
1757 2727 1803 2800 ad
1827 2733 1943 2801 Deum
1967 2757 2058 2828 per-

453 2857 567 2925 1133111
586 2851 719 2922 erudiri
736 2843 925 2922 slude‘ant.
921 2850 1030 2920 Sicut
1049 2849 1109 2920 de
1113 2849 1243 2921 beato
1237 2842 1408 2950 scriptum
1427 2865 1480 2921 est
1499 2847 1625 2921 viio⁷:
1646 2879 1662 2916 3
1679 2849 1773 2922 Sed
1764 2875 1799 2920 tn
1812 2849 1889 2946 lege
1905 2851 2061 2921 Domini

454 2975 731 3070 voluntas'ejus,
751 2975 789 3044 et'
803 2972 938 3069 iu'lege
962 2972 1038 3068 ejus
1057 2971 1288 3043 meditabitur
1306 2969 1364 3042 die
1383 2996 1425 3042 ac
1447 2987 1565 3043 nocte.
1586 2999 1602 3039 n
1624 2971 1733 3068 Cujus
1751 2971 1898 3070 quidem
1916 2971 2062 3043 assidui

453 3096 559 3168 studii
577 3099 614 3167 iri
634 3096 712 3192 lege
730 3095 877 3165 Dotnini
896 3117 975 3190 quae
996 3093 1166 3194 sequatur
1178 3089 1309 3162 utilitas
1329 3091 1448 3163 statim
1462 3093 1688 3191 adjungitur:
1709 3123 1726 3160 κ
1741 3093 1863 3163 Et'erit
1879 3106 2063 3190 tanquam

452 3215 588 3315 lignum
601 3215 701 3313 quod
717 3213 918 3312 plautatum
931 3227 984 3282 est
994 3235 1095 3282 secus
1109 3209 1280 3282 decursus
1291 3237 1478 3309 aquarum.
1492 3237 1509 3278 3
1526 3214 1635 3299 Quasi
1649 3213 1744 3284 enim
1758 3212 1894 3309 lignum
1909 3209 2065 3283 aridum

454 3347 505 3409 est
524 3351 559 3409 et
577 3335 859 3422 infructuosum,
885 3331 985 3430 quod
995 3331 1146 3434 ¹liuentis
1160 3331 1365 3403 divinorum
1379 3333 1612 3430 eloquiomm·
1623 3357 1698 3404 non
1712 3333 1887 3432 irrigatur.
1905 3337 1957 3404 De
1971 3337 2067 3430 qui-

456 3459 523 3529 bus
548 3457 722 3553 scriptum
739 3457 841 3526 est⁸2
867 3451 1062 3523 «Flumina
1081 3451 1126 3523 de
1145 3467 1268 3524 ventre
1284 3453 1361 3548 ejus
1379 3453 1490 3525 fluent
1509 3479 1608 3552 aquae
1626 3455 1725 3525 vivae.
1746 3483 1764 3521 n
1789 3457 1870 3526 Haec
1888 3453 1947 3525 illa
1967 3473 2070 3527 sunt

457 3579 612 3667 fluenta,
637 3575 683 3648 de
708 3573 838 3673 quibus
859 3575 894 3645 in
914 3569 1020 3645 laude
1041 3574 1162 3672 spousi
1182 3573 1278 3645 canit
1299 3595 1430 3672 sponsa
1446 3576 1495 3645 'in
1521 3573 1667 3646 canticis
1689 3599 1772 3646 etun
1790 3573 2030 3646 describens²
2055 3607 2065 3648 :

461 3729 479 3768 n
495 3698 599 3772 Oculi
612 3699 690 3793 'ejus
703 3698 794 3768 sicut
809 3694 1105 3794 columbaesuper
1122 3696 1255 3766 rivulos
1273 3718 1469 3792 aquarum,
1490 3720 1568 3794 quae
1586 3695 1676 3768 lacte
1694 3693 1891 3786 33311313,
1916 3713 1949 3768 et
1964 3700 2071 3769 resi-

459 3817 545 3890 dent
555 3819 655 3914 juxta
670 3816 803 3888 fluenta
819 3814 1038 3915 plenissima.
1061 3841 1077 3880 3
1100 3817 1142 3886 Et
1161 3839 1226 3887 vos
1246 3815 1351 3912 igitur
1367 3814 1457 3887 lacte
1470 3816 1574 3905 lotae,
1594 3815 1632 3886 id
1652 3829 1704 3888 est
1721 3815 2077 3890 candorecastimo-

460 3940 693 4010 uiaenitentes
708 3937 898 4033 juxta-lraec
917 3937 1165 4034 fluentaquasi
1182 3935 1357 4008 columhae
1369 3935 1542 4028 residere,
1564 3951 1602 4009 ut
1614 3934 1698 4008 liinc
1712 3939 1890 4035 sapientia
1902 3937 2077 4012 haustus

459 4041 658 4148 33333133,
679 4054 888 4128 nonsolum
904 4056 1060 4147 discere,
1082 4057 1146 4127 sed
1165 4071 1204 4128 et
1218 4056 1368 4143 docere,
1392 4073 1428 4129 et
1440 4055 1515 4129 aliis
1529 4073 1701 4156 tanquam
1718 4057 1812 4129 oculi
1832 4057 1923 4128 viam
1939 4063 2080 4155 possi-

459 4181 503 4250 tis
516 4178 727 4266 ostendere,
748 4191 784 4248 et
798 4201 970 4276 sponsum
985 4179 1102 4276 ipsum
1121 4199 1195 4248 uon
1215 4177 1332 4248 solum
1348 4181 1577 4276 conspicer&
1602 4177 1666 4250 sed
1682 4193 1717 4251 et
1734 4177 1810 4250 aliis
1827 4179 1971 4250 valeatis
1994 4181 2081 4254 de-

459 4299 624 4370 scribere.
653 4301 707 4368 De
726 4279 826 4392 eujus
847 4298 993 4395 quidem
1013 4297 1181 4395 singulari
1197 4304 1346 4396 sponsa,
1370 4323 1448 4395 quae
1472 4299 1589 4398 ipsum
1615 4323 1700 4371 aure
1719 4297 1838 4370 cordis
1860 4301 2082 4398 concipere

462 4420 612 4507 meruit,
627 4419 799 4516 scriptum
812 4443 887 4490 esse
905 4411 1071 4490 novimus
1084 4421 1104 4456 ¹⁰
1120 4445 1128 4488 :
1148 4449 1165 4485 u
1178 4421 1286 4490 Maria
1305 4435 1425 4492 autem
1439 4417 1673 4492 conservabat
1691 4421 1813 4491 omnia
1829 4419 1937 4491 verba
1951 4419 2052 4496 hacc
2069 4483 2081 4516 ,

461 4539 648 4611 conferens
667 4539 703 4610 iu
722 4538 831 4610 corde
850 4563 928 4611 suo.
950 4569 967 4606 >r
988 4543 1069 4610 Haec
1093 4539 1199 4636 igitur
1216 4543 1347 4612 summi
1366 4540 1474 4613 Verbi
1495 4539 1644 4640 genitrix
1663 4539 1771 4612 verba
1789 4541 1865 4637 ejus
1882 4542 1918 4611 in
1942 4547 2089 4622 corde

462 4661 581 4758 potius
597 4658 734 4730 lraben's
752 4683 860 4757 quam
881 4659 918 4730 in
937 4683 1022 4750 ore,
1043 4660 1120 4758 ipsa
1138 4661 1244 4731 etiarn
1262 4661 1449 4759 diligenter
1466 4659 1692 4751 conserebat:
1714 4661 1799 4758 quia
1812 4661 1971 4734 studiose
1992 4668 2092 4739 sin-

381 4879 386 4887 ·
462 4778 543 4876 gula
561 4776 792 4871 discutiebat,
818 4794 854 4851 et
876 4780 1036 4852 invicem
1047 4777 1114 4850 sibi
1131 4804 1173 4852 ea
1190 4780 1415 4874 conserebat,
1438 4806 1547 4878 quam
1570 4802 1728 4880 congrue
1747 4778 1880 4853 scilicet
1895 4782 2001 4854 inter
2038 4817 2093 4864 se

461 4902 695 4973 convenirent
724 4903 857 4973 omnia.
881 4906 1038 4972 Noverat
1057 4900 1156 4996 juxta
1183 4899 1390 4999 mysterium
1415 4902 1502 5000 legis
1533 4925 1642 4974 omne
1665 4901 1797 4974 animal
1822 4903 2096 4985 immundum

497 5105 512 5160 ¹¹
525 5134 596 5195 Luc,
608 5147 663 5200 cap.
677 5149 717 5194 xv,
731 5145 755 5183 v.
770 5135 811 5182 52.
823 5159 855 5170 -
865 5131 875 5158 ²
887 5131 981 5195 1131113,
992 5147 1117 5200 capam,
1131 5153 1154 5186 v.
1166 5136 1240 5185 52.-
1275 5151 1297 5186 v.
1319 5139 1343 5186 2.
1356 5161 1387 5173 -
1402 5135 1506 5196 'toan.‚
1526 5151 1582 5202 cap.
1602 5151 1651 5196 vu,
1673 5161 1694 5186 0.
1712 5135 1753 5187 18.
1765 5158 1798 5174 -
1808 5135 1819 5162 ²
1831 5137 1935 5195 consto,
1951 5152 2029 5206 cap.
2063 5163 2099 5208 v,

465 5217 549 5283 ’orig
560 5218 644 5268 homil:
657 5235 710 5280 xm,
720 5217 781 5281 opp.
793 5219 850 5278 nil,
860 5235 882 5284 p.
892 5215 1192 5288 lll.-⁸Prov.,cap.v‚v.
1201 5221 1238 5269 15.
1274 5239 1296 5271 v.
1312 5223 1350 5272 12.
1362 5249 1394 5260 -
1405 5221 1508 5284 10133ΙΙ
1524 5237 1580 5287 cap.
1593 5239 1624 5283 n,
1640 5237 1664 5273 v.
1680 5221 1717 5272 111.

464 5303 507 5341 -⁸
520 5303 607 5356 Psalm.
620 5320 693 5365 xxxv,
705 5319 728 5353 v.
739 5302 906 5354 t.-⁸llornil.
917 5319 973 5362 nu,
986 5320 1011 5369 p.
1022 5304 1108 5354 atu-¹
1118 5295 1206 5356 Pralin.
1217 5318 1239 5366 ι,
