4522 6102
471 563 517 631 86
901 563 1028 634 PETRl
1055 561 1289 634 sufflatum
1317 563 1373 634 ΕΤ
1397 562 1622 635 HELOlSSAE

461 704 544 772 satis
558 727 679 774 secum
693 701 937 774 sollicitudinis
950 701 1072 773 afferet
1090 702 1191 774 omni
1205 701 1441 774 amaritudine
1455 701 1626 774 involuta.
1646 732 1663 768 «
1679 701 1775 788 Quid
1793 703 1888 772 enim
1908 725 2049 774 necesse

461 838 531 910 est,
546 849 564 888 n
586 823 699 918 inquit
717 824 849 892 Seneca
862 825 883 910 ¹,
902 850 918 889 n
934 820 1027 892 mala
1040 845 1236 911 arcessere,
1258 837 1293 893 et
1311 836 1393 895 ante
1407 837 1560 893 mortem
1574 821 1683 893 vitam
1695 819 1868 919 perdere?
1883 849 1901 886 »
1919 824 2043 919 Rogas,

462 944 586 1031 unice,
617 956 655 1012 ut
680 965 897 1038 quocunque
923 965 1005 1012 casu
1036 940 1139 1014 nobis
1165 939 1292 1011 absens
1319 941 1413 1012 banc
1447 943 1553 1012 vitam
1582 941 1733 1030 finieris,
1761 941 1809 1012 ad
1833 941 2044 1014 cimiterium

460 1077 620 1132 nostrum
641 1084 772 1157 corpus
793 1075 895 1131 tuum
914 1059 1044 1131 adferri
1064 1060 1249 1148 iaciamus,
1267 1075 1306 1130 ut
1321 1061 1524 1131 orationum
1543 1060 1674 1133 scilicet
1688 1074 1890 1132 nostrarum
1902 1084 1946 1132 ex
1960 1064 2043 1132 assi-

458 1179 528 1251 dua
546 1180 598 1250 tui
621 1179 793 1250 memoria
815 1179 1026 1277 ampliorem
1045 1179 1239 1276 assequaris
1263 1163 1428 1250 lructum.
1452 1183 1494 1250 At
1514 1185 1599 1250 vero
1621 1178 1807 1276 quomodo
1835 1181 2043 1251 memoriam

459 1302 506 1370 tui
521 1325 541 1370 a
554 1298 659 1371 nobis
670 1298 744 1370 labi
755 1323 860 1397 posse
873 1300 1086 1397 suspicaris?
1105 1314 1165 1370 aut
1179 1299 1279 1396 quod
1295 1302 1448 1370 orationi
1463 1315 1602 1398 tempus
1617 1317 1702 1372 tunc
1716 1301 1783 1372 erit
1793 1301 2040 1391 commodum,

456 1418 602 1514 quando
619 1442 759 1490 summa
780 1418 999 1516 perturbatio
1018 1418 1108 1489 nihil
1129 1420 1309 1516 permittet
1326 1421 1510 1516 quietum?
1533 1445 1645 1517 quum
1669 1445 1735 1492 nec
1757 1421 1875 1492 anima
1899 1421 2043 1493 rationis

457 1563 618 1627 sensum,
641 1561 707 1610 nec
728 1537 847 1634 lingua
867 1537 1041 1609 sermonis
1054 1535 1221 1610 retinebit
1239 1539 1366 1612 usum?
1387 1561 1498 1636 quom
1520 1540 1767 1610 mans-inmun
1785 1539 1823 1609 in
1844 1541 1980 1636 ipsum,
2004 1557 2044 1610 ut

456 1659 502 1728 ita
522 1657 660 1748 dicam,
686 1660 802 1732 Deum
823 1657 931 1755 magis
952 1657 1040 1728 irata
1063 1681 1173 1753 quam
1193 1671 1338 1758 pacata,
1360 1681 1433 1728 non
1459 1674 1531 1729 tarn
1549 1656 1770 1728 orationibus
1796 1657 1911 1756 ipsum
1929 1657 2043 1756 placa·

455 1775 507 1846 bit
527 1799 634 1872 quarn
659 1775 891 1873 querimoniis
911 1773 1085 1849 irritabit?
1107 1773 1205 1846 Flere
1223 1788 1312 1847 tunc
1329 1777 1478 1847 miseris
1498 1791 1635 1849 tannim
1659 1774 1816 1864 vacabit,
1841 1799 1915 1848 nan
1937 1800 2040 1848 orare

456 1893 591 1984 licebit,
615 1909 650 1966 et
668 1910 702 1966 te
724 1895 833 1992 magis
854 1893 1023 1992 subsequi
1035 1916 1144 1992 quam
1159 1894 1306 1994 sepelire
1333 1894 1584 1966 maturandum
1608 1896 1691 1986 erit,
1718 1909 1756 1965 ut
1778 1895 1898 1994 potius
1920 1908 1955 1966 et
1974 1917 2041 1966 nos

455 2012 739 2112 consepeliendae
756 2013 886 2102 simus,
910 2035 1019 2110 quom
1040 2013 1189 2112 sepelire
1204 2013 1394 2112 possimus.
1415 2017 1505 2101 Quae
1520 2039 1635 2110 quum
1652 2014 1690 2084 in
1715 2028 1750 2086 te
1771 2027 1929 2086 nonum
1952 2015 2041 2086 ami·

454 2133 602 2203 serimus
616 2133 744 2222 vitant,
765 2132 902 2221 vivere,
918 2147 954 2203 te
966 2132 1174 2221 recedente,
1196 2155 1422 2228 nequaquam
1444 2114 1651 2229 poterimus.
1677 2137 1789 2229 Atque
1814 2134 1949 2204 utinam
1975 2157 2041 2204 nec

456 2267 540 2320 tunc
560 2276 673 2349 usque
695 2251 892 2350 possimusl
912 2252 1035 2323 Mortis
1058 2267 1127 2322 tuae
1141 2252 1299 2323 mentio¹
1318 2275 1417 2322 mors
1428 2251 1591 2348 quaedam
1612 2250 1717 2322 nobis
1738 2267 1801 2322 est.
1824 2256 1903 2349 lpsa
1921 2267 2040 2324 autem

456 2371 579 2443 mortis
596 2371 702 2466 hujus
722 2372 852 2453 veritas
865 2372 972 2468 quid,
995 2372 1023 2444 si
1040 2396 1107 2451 uos
1123 2373 1318 2460 invenerit,
1341 2371 1456 2448 suune
1475 2371 1548 2446 est?
1570 2377 1761 2468 Nunquam
1776 2375 1871 2447 Deus
1891 2386 2038 2461 annuat,

454 2504 493 2559 ut
506 2490 576 2565 hoc
595 2489 658 2565 tibi
671 2489 832 2565 debitum
851 2493 1055 2590 superstites
1067 2492 1330 2590 persolvamus,
1349 2507 1387 2562 ut
1400 2486 1472 2563 hoc
1486 2493 1550 2567 tibi
1563 2491 1760 2590 pauocinio
1773 2491 2049 2583 subveniamus,-

454 2609 552 2704 quod
576 2633 596 2679 a
618 2624 652 2682 te
669 2610 814 2706 penitus
835 2623 1075 2708 expectamus.
1107 2615 1146 2682 ln
1174 2610 1251 2690 hoc.
1273 2610 1410 2687 utinam
1427 2625 1461 2686 te
1481 2635 1723 2710 pracessma,
1745 2633 1820 2686 non
1842 2610 2036 2685 scomma!

426 2734 429 2742 '
455 2733 563 2802 Parce
584 2730 726 2826 itaque,
749 2728 918 2818 obsecro,
946 2728 1069 2822 notris¹
1087 2753 1203 2827 parce
1222 2730 1341 2825 itaque
1360 2729 1472 2805 unicae
1490 2729 1615 2808 saltem
1638 2744 1723 2821 tuae,
1748 2728 1953 2826 hujusmodi
1975 2733 2042 2802 sci·

456 2846 538 2918 licet
553 2846 822 2944 supersedendo
839 2846 972 2942 verbis,
990 2847 1120 2947 quibus
1140 2863 1310 2946 tanquam
1328 2846 1453 2948 gladiis
1473 2850 1598 2926 mortis
1620 2863 1759 2924 nostras
1776 2847 2040 2925 transverberas

455 2971 607 3060 animas,
631 2983 671 3049 ut
695 2968 799 3066 quod·
819 2983 971 3049 mortem
992 2968 1163 3067 praevenit
1186 2969 1262 3067 ipsa
1286 2983 1404 3043 morte
1428 2969 1569 3065 gravius
1590 2969 1645 3043 sit.
1670 2968 1862 3044 Confectus
1886 2993 2039 3043 moerore

454 3091 596 3164 animus
613 3089 754 3187 quietus
769 3113 843 3158 non
866 3102 917 3158 est
928 3090 952 3178 ⁸,
970 3111 1039 3162 nec
1058 3092 1135 3160 Deo
1157 3089 1293 3161 sincere
1313 3102 1432 3186 potest
1452 3111 1576 3163 vacare
1596 3111 1697 3164 mens
1712 3086 2039 3189 perturbationibus

349 3267 353 3277 n
455 3211 661 3304 occupata‘.
687 3207 788 3296 Noli,
812 3206 982 3294 obsecro,
1005 3205 1168 3284 divinum
1186 3205 1361 3302 impedire
1383 3207 1587 3296 seruitium,
1608 3209 1666 3286 cui
1684 3232 1750 3279 nos
1769 3208 1924 3280 maxime
1940 3231 2039 3284 man-

456 3327 591 3424 cipasti.
618 3328 735 3397 Omne
761 3323 981 3413 manabile,
1009 3324 1108 3422 quod
1134 3348 1245 3421 quum
1269 3323 1455 3412 acciderit,
1486 3349 1677 3403 moerorem
1702 3327 1897 3403 maximum
1916 3350 2040 3398 secum

455 3445 599 3534 inferet,
627 3459 665 3514 ut
686 3443 806 3525 subito<
826 3444 945 3520 veniat
962 3441 1162 3548 optandum
1183 3456 1255 3532 est,
1271 3467 1315 3514 ne
1328 3444 1457 3518 timore
1475 3443 1591 3516 inutili
1611 3444 1671 3519 diu
1697 3459 1780 3518 ante
1801 3445 1952 3534 cruciet,
1978 3447 2038 3520 cui

456 3562 553 3637 nulla
576 3565 733 3634 succurri
752 3563 976 3662 providentia
990 3576 1123 3661 potest.
1150 3561 1257 3650 Quod
1276 3577 1312 3634 et
1328 3578 1436 3659 poeta
1454 3563 1547 3639 bene
1566 3563 1797 3641 considerans
1816 3568 1932 3643 Deum
1958 3589 2038 3663 pre-

456 3689 574 3756 catur⁵
592 3684 730 3758 dicens:

772 3819 819 3884 stt
829 3817 964 3898 subitum
978 3817 1181 3902 quodcunque
1196 3838 1301 3902 paras,
1315 3821 1358 3891 sit
1367 3821 1555 3886 caeceluturi

773 3925 858 3984 Mens
869 3921 1103 3999 bominumlati.
1123 3924 1224 3986 Liceat
1236 3942 1363 4006 sperare
1376 3925 1492 3989 timenti
1505 3925 1526 3984 ⁵.

454 4069 550 4154 Quid
570 4084 706 4154 autem,
728 4084 762 4141 te
779 4069 930 4157 amisso,
952 4067 1167 4166 sperandum
1186 4067 1275 4144 mihi
1292 4067 1472 4165 saperem?
1492 4075 1564 4146 litt
1581 4091 1659 4164 qua
1680 4069 1719 4146 iu
1740 4069 1808 4148 bas
1834 4071 2036 4168 peregrina-

454 4191 550 4261 tione
568 4213 674 4262 causa
691 4188 919 4276 remeandi,
938 4187 1000 4260 ubi
1017 4188 1238 4263 nulltsmnisi
1251 4203 1286 4261 ta
1299 4188 1500 4264 remedium
1515 4188 1698 4278 babeant',
1716 4205 1750 4262 et
1774 4189 1913 4264 nullum
1935 4189 2035 4266 aliud

453 4313 488 4379 in
509 4326 542 4382 te
560 4312 628 4382 nisi
645 4310 716 4383 boc
733 4312 851 4410 ipsum
870 4309 1369 4406 quod'ririseomfflmsdete
1383 4309 1557 4386 mibialds
1571 4309 1811 4408 votrpndttm
1821 4309 2031 4400 interdictis,

452 4431 509 4498 cui
527 4454 595 4502 nec
610 4430 795 4529 pressanda
813 4445 874 4502 trra
890 4453 1107 4503 concessum
1121 4443 1173 4500 est
1189 4429 1277 4519 frui,
1304 4430 1578 4527 aequandaque
1597 4427 1685 4504 mild
1702 4429 1805 4504 reddi
1822 4429 1980 4504 valeam?
1999 4433 2033 4500 0

453 4551 482 4618 si
499 4549 551 4620 ias
570 4551 614 4620 sit
634 4550 721 4640 dici,
748 4548 930 4621 crudelem
950 4548 1040 4624 mihi
1054 4571 1120 4647 per
1138 4551 1260 4623 omrria
1282 4547 1416 4624 Detml
1431 4573 1456 4620 o
1474 4549 1724 4624 nannenten
1740 4545 1984 4624 umnam!
2007 4573 2032 4620 ο

452 4670 890 4756 infortunatanfonrmam
901 4665 909 4738 l
922 4668 1083 4764 quaejam
1094 4669 1131 4741 in
1141 4691 1200 4742 me
1214 4670 1370 4742 rmirersi
1382 4669 1581 4744 conaminis
1594 4669 1651 4744 set
1663 4667 1732 4742 tela
1745 4669 1932 4746 inmotum
1943 4691 2034 4738 con-

451 4790 619 4886 sumpsit,
641 4803 680 4860 ut
697 4789 827 4887 quib'us
843 4790 878 4859 in
899 4788 986 4859 alios
1005 4789 1139 4878 saeviat,
1157 4791 1231 4885 jam
1253 4815 1326 4862 non
1349 4787 1500 4861 habeat!
1529 4789 1674 4860 Plenam
1693 4789 1729 4897 in
1750 4813 1807 4860 me
1827 4788 2032 4886 pharetram

484 4980 491 5004 ⁴
509 4979 586 5044 Epist.
606 4995 671 5030 xxrr.
685 5005 716 5014 -
729 4977 739 5005 ⁸
755 4979 873 5030 inseritur
891 4985 962 5032 etiam
984 4985 1095 5046 coquaris
1108 4980 1180 5032 tttts.
1191 5007 1222 5019 -·
1255 4984 1321 5033 divor
1331 4981 1550 5044 tupreetrmpmr
1561 4977 1631 5030 lim.
1644 4976 1793 5031 drocen.
1804 4977 1933 5038 marm,
1942 4975 1985 5028 lib.
1996 4975 2031 5036 tt,

451 5063 461 5090 ²
474 5063 601 5126 Nunquam
612 5067 712 5126 quiescit
722 5062 792 5114 tttts.
803 5061 857 5099 -⁴
875 5065 957 5116 rarus
974 5076 998 5115 et
1015 5076 1065 5116 tam
1077 5070 1147 5117 toertr
1161 5076 1222 5116 tenr-
1256 5081 1278 5116 r.
1295 5067 1339 5128 tt,
1353 5067 1393 5115 tt.
1402 5091 1432 5102 —
1446 5067 1454 5094 ⁷
1471 5066 1514 5113 Vel
1524 5079 1595 5126 opem
1603 5061 1673 5114 llllS.

449 5151 580 5210 paruum
604 5147 808 5211 RllS.-Ayr'tota
833 5147 903 5199 tttts.
920 5175 946 5184 -
966 5149 976 5175 ⁸
995 5150 1081 5200 Secum
1101 5152 1223 5201 rerctuens
