4606 6106
995 587 1221 660 HELOlSSAE
1246 587 1539 662 PaoBLattttra

1087 817 1222 888 Solutio
1238 816 1431 889 Ahoetardt.
1564 831 1580 928 ἰ

522 1002 628 1091 Quod
646 1006 696 1094 si,
716 1016 754 1074 ut
769 1017 929 1100 oportet,
945 1026 1069 1073 verum
1082 1002 1322 1093 concedatur,
1338 1005 1531 1100 quaestione
1545 1005 1641 1100 gravi
1654 1002 1850 1102 pulsamur,
1867 1005 2051 1101 quomodo

425 1157 428 1164 ¹
472 1123 661 1219 conjuges,
683 1123 738 1194 vel
756 1124 791 1194 in
812 1123 959 1218 antiquo
978 1121 1133 1220 populo,
1154 1123 1211 1194 vel
1231 1123 1268 1194 iu
1291 1147 1405 1210 novo,
1427 1123 1606 1195 carnalem
1619 1124 1943 1222 concupiscentiam
1958 1149 2052 1196 exer·

471 1258 606 1332 centes,
635 1243 673 1312 in
695 1265 738 1312 eo
757 1266 904 1338 peccare
923 1241 1099 1331 dicantur,
1121 1241 1216 1312 unde
1234 1242 1270 1311 in
1290 1255 1452 1339 posteros
1475 1257 1660 1339 peccatum
1680 1242 1849 1340 originale
1874 1244 2052 1316 transfun-

370 1443 373 1446 ,
470 1363 571 1434 dunt.
597 1363 753 1434 Priorem
780 1363 913 1466 quippe
938 1361 1114 1459 populum
1142 1361 1188 1432 ad
1214 1363 1500 1460 procreationem
1518 1363 1675 1434 filiorum
1699 1365 1874 1436 Dominus
1897 1389 1940 1435 ex
1965 1391 2053 1463 prae·

470 1499 587 1580 cepto,
608 1500 644 1555 et
659 1484 746 1580 legis
765 1483 954 1556 maledicto
975 1485 1009 1554 in
1030 1508 1104 1573 eos,
1120 1484 1181 1579 qui
1199 1507 1321 1554 semen
1337 1484 1374 1554 in
1389 1483 1494 1556 lsrael
1509 1510 1584 1556 non
1602 1485 1854 1583 relinquerent,
1876 1487 2051 1558 constrin-

470 1603 584 1698 gebat.
610 1604 712 1675 Unde
740 1629 814 1674 non
836 1604 952 1674 solum
978 1605 1101 1702 primis
1125 1603 1330 1700 parentibus
1355 1620 1436 1676 ante
1454 1621 1640 1703 peccatum
1660 1607 1791 1678 dixit¹:
1816 1609 2000 1678 «Crescite
2018 1621 2059 1677 et

471 1724 765 1823 multiplicamini,
780 1742 815 1796 et
829 1723 962 1820 replete
976 1738 1119 1813 terram,
1139 1753 1156 1789 »
1174 1748 1297 1794 verum
1316 1725 1422 1796 etiam
1438 1724 1509 1796 hoe
1522 1727 1640 1824 ipsum
1654 1731 1730 1798 Noe
1744 1743 1779 1799 et
1798 1727 1877 1798 filiis
1888 1727 1964 1822 ejus
1971 1741 2052 1825 post

471 1844 644 1918 diluvium
659 1845 838 1940 injunxit².
859 1847 912 1915 De
926 1843 1131 1942 supradicto
1149 1858 1268 1915 autem
1281 1844 1368 1940 legis
1382 1844 1591 1935 maledicto,
1615 1870 1687 1942 quo
1702 1847 1748 1918 ad
1760 1847 2053 1944 propagationem

472 1963 628 2036 liliorum
655 1963 819 2035 homines
848 1963 1084 2060 cogebantur,
1119 1963 1206 2034 illud
1228 1978 1280 2035 est
1302 1964 1510 2061 Hieronymi
1534 1981 1659 2036 contro
1680 1965 1879 2036 Helvillum
1904 1965 1948 2036 de
1968 1991 2053 2062 per-

469 2101 576 2178 petuo
596 2087 807 2181 Vr'rgr’nr'tate
821 2099 955 2154 sanctae
972 2086 1117 2154 Marioe³
1136 2111 1145 2152 :
1171 2112 1188 2151 a
1207 2083 1375 2171 Qaaudiu
1394 2085 1452 2156 lex
1469 2085 1528 2155 illa
1544 2086 1738 2184 permansit
1755 2113 1762 2156 :
1782 2115 1801 2154 ι(
1823 2087 2000 2175 Crescite,
2019 2099 2054 2156 et

475 2232 492 2269 a
515 2202 818 2301 multiplicamini,
849 2219 884 2275 et
902 2203 1035 2302 replete
1056 2217 1205 2293 terram,
1230 2233 1247 2269 a
1268 2217 1303 2275 et
1324 2232 1331 2274 :
1356 2234 1373 2272 n
1393 2204 1578 2276 Maledicta
1595 2205 1739 2295 sterilis,
1767 2231 1845 2302 quae
1871 2229 1946 2276 non
1974 2205 2054 2275 facit

475 2353 492 2388 κ
515 2348 635 2394 semen
653 2324 690 2392 in
713 2325 841 2413 lsrael,
860 2353 877 2388 u
903 2322 1086 2394 nubebant
1104 2347 1250 2411 omnes,
1269 2338 1305 2395 et
1330 2324 1601 2395 nubebantur.»
1623 2325 1713 2396 Hinc
1729 2341 1765 2396 et
1780 2324 1869 2396 illud
1893 2338 1947 2395 est
1961 2322 2053 2394 beati

476 2442 658 2539 Augustini
671 2443 708 2511 in
722 2441 814 2512 libro
827 2439 871 2510 de
888 2445 987 2511 Bono
999 2440 1181 2538 conjugali
1184 2444 1194 2479 ⁶
1209 2469 1216 2510 :
1236 2470 1254 2509 u
1268 2443 1531 2514 Continentiam
1545 2447 1698 2514 loannes
1711 2458 1745 2514 et
1760 2444 1795 2514 in
1810 2466 1931 2540 opere,
1949 2441 2054 2512 Abra·

475 2561 557 2633 ham
577 2561 712 2633 veroin
731 2561 808 2632 solo
826 2559 949 2632 habitu
968 2559 1132 2632 habebat.
1150 2559 1213 2630 lllo
1231 2561 1352 2658 itaque
1364 2576 1546 2660 tempore,
1562 2587 1674 2659 quum
1689 2577 1724 2633 et
1741 2561 1796 2633 lex
1813 2561 1888 2634 dies
1907 2562 2053 2659 patriar·

475 2683 623 2754 charum
640 2682 879 2779 subsequens,
897 2680 1125 2753 maledictum
1137 2681 1247 2770 dixit,
1268 2683 1331 2779 qui
1348 2707 1422 2753 non
1435 2683 1603 2753 excitaret
1614 2707 1734 2753 semen
1749 2682 1785 2752 in
1801 2680 1926 2770 lsrael,
1946 2681 2054 2776 etqui
2102 2701 2110 2722 ·

474 2818 612 2899 poterat
630 2826 703 2874 non
722 2801 929 2900 promebat,
957 2800 1021 2872 sed
1044 2815 1163 2873 tamen
1190 2800 1356 2873 habebat.
1374 2830 1391 2867 u
1420 2801 1519 2872 ldem
1542 2800 1593 2871 ad
1607 2801 1789 2872 Julrunum
1812 2799 1856 2870 de
1881 2799 2055 2870 Vzilm'tate
2093 2799 2104 2822 '

472 2920 667 2990 servanda⁵
685 2950 695 2990 :
716 2953 734 2988 u
754 2926 826 2992 Nec
842 2922 926 3017 quia
937 2920 1009 2990 dixi
1030 2919 1123 2989 Ruth
1141 2920 1300 3008 beatam,
1319 2926 1458 2992 Annam
1475 2919 1690 3010 beatiorem,
1710 2945 1820 3017 quum
1841 2919 1900 2990 illa
1917 2919 1973 2990 his
1990 2945 2054 2990 nu·
2111 2993 2116 3006 ,

474 3043 602 3137 pserit,
619 3040 694 3110 haec
708 3065 781 3108 uno
795 3041 872 3106 viro
891 3041 962 3104 cito
978 3037 1123 3104 viduata
1141 3037 1201 3106 diu
1220 3038 1356 3128 vixerit,
1374 3039 1547 3108 continuo
1566 3041 1673 3110 etiam
1690 3054 1725 3109 te
1745 3038 1929 3110 meliorem
1953 3055 2055 3136 putes
2101 3095 2113 3124 ,

474 3185 549 3231 esse
571 3139 679 3256 quain
700 3155 812 3244 Ruth,
834 3152 900 3223 alia
919 3153 1051 3250 quippe
1070 3153 1286 3250 propheticis
1302 3156 1524 3253 temporibus
1542 3173 1744 3228 sanctarum
1766 3157 1977 3228 feminarum
1992 3157 2056 3228 dis·

473 3279 633 3377 pensatio
652 3277 738 3366 luit,
755 3297 844 3372 quas
858 3271 992 3382 nubere
1012 3271 1233 3364 obedientia,
1255 3297 1329 3344 non
1348 3277 1636 3374 concupiscentia
1648 3277 1906 3374 compellebat,
1924 3292 1963 3347 ut
1978 3301 2057 3375 pro·

474 3411 661 3494 pagaretur
684 3393 839 3492 populus
861 3393 946 3482 Dei,
973 3417 1014 3464 ex
1047 3415 1120 3490 quo
1146 3407 1350 3464 nasceretur
1375 3395 1481 3466 etiam
1501 3419 1584 3466 caro
1614 3394 1793 3467 Christi.»
1822 3401 1868 3467 Ut
1891 3421 1975 3492 ergo
1999 3395 2055 3467 ille

474 3518 627 3614 populus
643 3528 910 3614 propagaretur,
927 3512 1134 3584 maledictus
1156 3511 1355 3584 habebatur
1373 3514 1541 3612 perlegis
1560 3517 1795 3605 sententiam,
1815 3517 1967 3612 quinon
1986 3539 2055 3586 sus·

474 3637 596 3708 citaret
618 3659 738 3706 semen
758 3634 794 3703 in
816 3631 933 3704 lsrael.
956 3629 1060 3701 Unde
1073 3645 1109 3701 et
1122 3645 1250 3702 sanctae
1272 3632 1436 3704 mulieres
1455 3633 1741 3706 accendebantur
1768 3659 1841 3704 non
1867 3634 2055 3733 cupiditate

474 3756 750 3846 concumbendi,
771 3755 834 3826 sed
842 3757 970 3853 pietate
980 3752 1154 3851 pariendi,
1173 3769 1210 3824 ut
1220 3755 1411 3826 rectissime
1420 3756 1611 3828 credantur
1622 3758 1754 3828 coitum
1766 3781 1839 3828 non
1852 3756 1955 3828 fuisse
1966 3781 2056 3853 quae·

475 3880 607 3967 siturae,
622 3879 651 3948 si
664 3875 781 3974 proles
794 3889 912 3973 posset
927 3873 1027 3945 aliter
1045 3873 1244 3971 provenire.
1262 3877 1305 3945 Et
1318 3875 1402 3945 viris
1416 3899 1498 3960 usus
1511 3875 1744 3973 plurimarum
1759 3878 1921 3946 vivarum
1934 3868 2056 3947 conce·

474 3995 625 4068 debatur
640 4019 803 4066 uxorum.
820 3992 973 4066 Proinde
989 4007 1109 4065 sancta
1128 3992 1222 4064 Ruth
1233 3997 1242 4031 ⁸
1255 3994 1359 4091 quale
1375 4019 1487 4092 quum
1502 4009 1622 4067 semen
1638 3995 1697 4067 illo
1717 4013 1878 4095 tempore
1900 4021 2056 4068 necessa-

477 4117 567 4187 rium
584 4115 650 4186 luit
666 4117 702 4184 in
723 4111 828 4186 lsrael
841 4136 914 4183 non
928 4111 1076 4182 haberet
1089 4112 1125 4181 in
1139 4127 1282 4184 mortuo
1300 4113 1395 4198 viro,
1413 4114 1572 4210 quaesivit
1585 4113 1735 4186 alterum
1751 4115 1795 4186 de
1808 4141 1882 4212 quo
1894 4114 2052 4188 haberet.

476 4236 528 4307 Ab
548 4235 619 4305 hoc
647 4235 768 4330 utique
793 4232 880 4328 legis
906 4230 1115 4321 maledicto,
1141 4230 1240 4328 quod
1256 4232 1446 4329 praedictus
1465 4250 1724 4307 commemorat
1742 4235 1882 4324 doctor,
1907 4250 1944 4306 et
1959 4238 2056 4332 quasi

474 4379 616 4427 summo
642 4353 799 4425 fidelium
815 4351 1030 4450 opprobrio,
1055 4353 1232 4424 intantum
1257 4353 1361 4425 etiam
1382 4354 1458 4451 ipsa
1475 4355 1531 4426 lex
1548 4355 1597 4426 illi
1612 4355 1823 4453 providebat
1842 4355 2002 4454 populo,
2020 4370 2055 4426 ut

475 4474 688 4573 posteriores
711 4473 851 4562 fratres,
876 4473 941 4543 etsi
960 4470 1006 4542 de
1025 4471 1195 4542 uxoribus
1214 4472 1286 4544 suis
1303 4475 1489 4571 proprium
1509 4499 1631 4546 semen
1648 4473 1844 4564 haberent,
1866 4475 1912 4547 ad
1935 4501 2054 4547 semen

474 4618 617 4690 quoque
639 4593 801 4690 priorum
825 4591 972 4663 fratrum
997 4591 1261 4681 suscitandum,
1291 4617 1419 4663 uxores
1444 4617 1571 4664 eorum
1593 4594 1724 4667 ducere
1751 4594 2001 4692 compelleret,
2024 4609 2057 4668 et

475 4713 541 4784 illis
557 4713 632 4810 jam
651 4712 825 4784 defunctis
848 4713 966 4809 potius
989 4735 1097 4806 quam
1114 4710 1180 4783 sibi
1202 4709 1292 4782 lilios
1308 4735 1497 4808 generare,
1519 4729 1555 4785 ut
1574 4715 1631 4785 vel
1654 4716 1704 4786 sic
1722 4739 1743 4786 a
1761 4715 1949 4787 maledicto
1973 4716 2056 4812 legis

474 4832 553 4903 illos
567 4831 780 4919 absolveret,
802 4831 863 4926 qui
877 4829 977 4927 prole
991 4828 1117 4926 privati
1134 4855 1207 4900 non
1223 4845 1350 4902 essent.
1368 4836 1447 4929 lpse
1460 4835 1567 4905 ctiam
1577 4835 1754 4905 Dominus
1771 4834 2056 4906 observatoribus

511 5087 1159 5158 ⁴Certen,cap.1,v.28.-'lbid.,cap.rx,v.
1180 5091 1250 5137 l.-
1283 5089 1331 5140 col.
1356 5091 1550 5159 adh-'Cap
1566 5095 1685 5158 worp.
1699 5104 1717 5146 t.
1732 5094 1834 5159 vacet
1846 5095 2056 5153 :taanenu

477 5183 561 5244 'Opta
577 5189 596 5229 t.
607 5176 649 5240 tt,
660 5177 688 5227 Ρ.
700 5175 736 5236 ll,
751 5175 798 5226 eol.
815 5171 1002 5239 tlh-‘Cap
1017 5190 1075 5234 xxi,
1095 5175 1155 5236 opp.
1175 5183 1194 5224 t.
1206 5172 1249 5237 lV,
1283 5190 1338 5242 cap.
1352 5191 1384 5237 rr,
1395 5191 1420 5224 v.
1437 5178 1477 5226 13.
