4590 6106
898 607 1135 681 EPlSTOLAE.
1753 603 1799 674 ‘tt

227 752 431 828 mendicare
448 749 722 822 erubescerent
741 773 759 816 a
776 747 829 820 Ad
851 762 964 820 artem
985 749 1120 846 itaque,
1145 767 1253 844 quam
1277 767 1471 835 noveram,
1499 748 1714 834 recurrens²,
1735 733 1801 841 pro

228 877 351 948 labore
372 883 565 959 manuum,
594 869 640 940 ad
667 867 825 940 offcium
853 868 981 966 linguae
1008 868 1213 967 compulsus
1229 891 1322 939 sum.
1343 866 1528 940 scholares
1559 881 1678 938 autem
1708 865 1802 936 ultro

230 998 320 1070 mihi
343 994 506 1094 quaelibet
529 991 727 1064 necessaria
752 989 1027 1090 preparabant⁸,
1051 1004 1125 1062 tam
1151 989 1187 1060 in
1209 989 1306 1059 rictu
1327 988 1459 1062 scilicet
1484 1009 1593 1086 quarn
1613 989 1652 1058 in
1677 986 1802 1058 vestitu

231 1118 288 1191 vel
312 1117 451 1191 cultura
481 1134 668 1211 agrorum,
701 1135 763 1183 seu
793 1112 829 1182 in
857 1111 1020 1210 expensis
1047 1107 1301 1198 edificiorum,
1339 1123 1380 1180 ut
1409 1108 1505 1180 nulla
1535 1131 1593 1181 rne
1624 1107 1754 1179 scilicet
1784 1131 1804 1177 a

230 1237 348 1312 studio
366 1261 452 1309 curn
472 1235 667 1307 domestica
692 1231 910 1304 retardaret.
941 1236 1062 1319 Qaurn
1085 1246 1204 1303 autern
1226 1229 1421 1301 oratorium
1443 1243 1604 1301 noenum
1627 1227 1805 1300 modicam

231 1384 356 1434 eorum
384 1358 589 1457 portionem
614 1377 741 1454 capere
764 1377 839 1426 non
873 1367 1009 1452 posset,
1039 1352 1237 1425 necemario
1263 1352 1381 1451 ipsunt
1415 1350 1666 1440 dilataverunt,
1697 1365 1732 1422 et
1761 1349 1806 1420 de

229 1479 407 1579 lapidibus
424 1493 460 1551 et
474 1477 578 1574 hgnis
595 1489 840 1548 construentes
858 1473 1160 1546 melioraverunt⁸.
1183 1471 1291 1559 Quod
1308 1495 1422 1570 quum
1439 1472 1476 1542 in
1495 1473 1659 1542 nomine⁸
1681 1485 1808 1544 sancta

232 1599 408 1671 Trinitatis
434 1612 524 1669 esset
549 1594 755 1682 firndmum,
785 1617 828 1665 ac
849 1609 973 1692 postea
995 1593 1215 1682 dedicatum,
1237 1593 1320 1690 quia
1346 1605 1465 1662 tamam
1494 1589 1545 1660 ibi
1570 1590 1740 1688 profugus
1768 1615 1809 1664 ac

231 1721 326 1815 jam⁷
344 1717 551 1815 desperabas
569 1715 696 1786 divinae
713 1714 822 1811 gratia
839 1711 1093 1784 consolationis
1119 1711 1377 1810 aliquantulum
1406 1711 1649 1807 respirassem,
1674 1711 1711 1782 in
1733 1737 1808 1783 me·

234 1839 384 1911 moriam
402 1836 509 1932 hujus
532 1832 712 1922 beneficii,
738 1834 856 1932 ipsum
881 1831 1118 1904 Paracletum⁸
1141 1831 1336 1903 nominavi.
1356 1829 1464 1916 Quod
1487 1829 1588 1903 multi
1606 1829 1806 1920 audientes,

235 1983 312 2032 non
329 1959 406 2029 sine
423 1979 549 2051 magna
568 1952 804 2026 admiratione
828 1967 1080 2051 susceperunt,
1102 1966 1138 2022 et
1155 1949 1321 2022 nonnulli
1332 1949 1412 2020 hoc
1435 1949 1663 2021 vehementer
1680 1949 1812 2020 calurn

238 2079 325 2152 niati
342 2078 448 2167 sunt'3
468 2074 625 2147 dicentes
642 2097 717 2146 non
735 2073 841 2144 licere
859 2073 1003 2171 Spiritui
1023 2085 1147 2144 sancto
1165 2069 1361 2170 specialiter
1378 2069 1490 2166 magis
1504 2094 1612 2167 quarn
1626 2074 1702 2141 Deo
1721 2074 1811 2169 patri

239 2199 421 2272 ecclesiam
439 2195 594 2293 aliquam
611 2193 797 2290 assignari3
819 2192 882 2264 sed
899 2191 956 2264 vel
975 2193 1041 2264 soli
1054 2190 1145 2283 filio,
1161 2191 1218 2264 vel
1232 2191 1299 2262 toti
1311 2189 1416 2261 simul
1428 2190 1599 2281 Trinitati,
1616 2191 1813 2262 secundum

236 2318 417 2413 antiquam
446 2311 754 2386 cousuetudinem.
782 2311 835 2384 ad
859 2335 967 2407 quam
999 2311 1169 2382 nimirum
1194 2308 1409 2381 calumniam
1431 2307 1491 2379 hic
1518 2333 1581 2379 eos
1611 2330 1711 2380 error
1737 2311 1813 2409 plu·

237 2438 368 2508 timum
386 2433 566 2522 induxitt,
595 2430 695 2528 quod
721 2430 813 2504 inter
834 2430 1052 2529 paracletum
1077 2445 1112 2502 et
1137 2430 1307 2529 Spiritum
1329 2427 1549 2526 par-adetum
1571 2428 1659 2500 nihil
1686 2430 1814 2505 referre

238 2555 447 2643 crederent,
500 2577 589 2624 uum
610 2550 687 2652 ipsa
704 2575 849 2651 quoque
870 2551 1019 2622 Trinitas
1036 2565 1073 2622 et
1089 2548 1254 2646 quelibet
1275 2550 1312 2621 in
1334 2549 1502 2622 Trinitate
1522 2573 1699 2648 persona,
1726 2553 1815 2625 sicut

241 2679 334 2746 Deus
349 2672 407 2746 vel
433 2671 575 2766 adjutor
600 2669 745 2760 dicitur,
774 2670 881 2740 itaet
905 2669 1119 2768 paracletus,
1149 2667 1186 2740 id
1210 2682 1263 2740 est
1287 2669 1492 2740 consolator
1517 2683 1613 2740 recte
1634 2693 1815 2769 nuncupe-

241 2810 316 2886 tur,
333 2795 434 2890 juxta
449 2790 539 2863 illud
551 2789 728 2889 apostoli¹¹
742 2817 750 2860 ι
765 2817 783 2856 a
798 2787 1009 2862 Benedictus
1019 2793 1115 2862 Deus
1133 2803 1169 2860 et
1181 2803 1282 2887 pater
1294 2788 1432 2859 domini
1445 2788 1559 2860 nostri
1570 2792 1652 2860 Jesu
1668 2788 1812 2880 Christi,

162 2910 168 2924 '
239 2929 339 3012 pater
363 2910 703 2999 misericordiarum,
736 2924 772 2981 et
797 2913 893 2982 Deus
918 2909 1027 2980 totius
1060 2908 1329 2998 consolationis,
1359 2909 1421 3005 qui
1450 2906 1657 2978 consolatur
1685 2933 1752 2980 nos
1779 2911 1814 2981 in

240 3033 343 3104 omni
356 3031 583 3104 tribulatione
601 3045 733 3101 nonna.
753 3057 771 3096 a
785 3034 829 3100 Et
844 3029 1044 3102 secundum
1061 3027 1161 3125 quod
1175 3029 1311 3100 Veritas
1328 3027 1395 3098 ait¹¹
1417 3054 1425 3098 ι
1443 3055 1462 3094 a
1477 3031 1521 3098 Et
1537 3025 1646 3098 alium
1664 3029 1818 3127 paracle-

242 3168 321 3225 tum
338 3149 438 3221 dabit
454 3149 568 3220 robis.
585 3178 602 3216 a
623 3149 719 3236 Quid
736 3149 844 3221 etiarn
862 3147 1031 3246 impedit,
1051 3171 1163 3245 quum
1182 3148 1300 3218 omnis
1313 3144 1468 3218 Ecclesia
1481 3145 1518 3215 in
1530 3146 1676 3217 nomine
1693 3147 1815 3235 Patris,

242 3285 278 3342 et
294 3269 388 3358 Filii,
409 3283 445 3341 et
461 3269 610 3366 Spiritus
627 3268 739 3340 sancti
757 3269 889 3367 pariter
906 3283 1146 3358 consecretur,
1166 3288 1235 3339 nec
1251 3267 1301 3338 sic
1319 3290 1445 3338 eorum
1457 3266 1495 3337 in
1505 3265 1627 3362 aliquo
1645 3269 1819 3364 possessio

159 3405 164 3412 '
243 3389 418 3479 dirersa¹³,
439 3387 539 3486 quod
556 3388 687 3459 domus
709 3388 854 3460 Domini
872 3413 948 3459 nou
965 3388 1014 3459 ita
1034 3389 1145 3478 Patri,
1174 3386 1231 3459 vel
1258 3386 1403 3486 Spiritui
1429 3391 1552 3472 sancto
1578 3383 1817 3478 adscribatur,

242 3509 331 3580 sicut
347 3506 460 3579 Filio?
479 3507 566 3593 Quis
584 3507 728 3578 titulum
745 3506 838 3602 ejus,
859 3506 961 3602 cujus
975 3521 1029 3578 est
1049 3507 1126 3605 ipsa
1143 3504 1293 3595 domus,
1314 3503 1360 3576 de
1379 3504 1495 3576 lronte
1512 3502 1677 3575 vestibuli
1698 3506 1821 3580 radere

245 3625 482 3724 praesumot?
500 3631 569 3698 Aut
582 3649 694 3723 quum
708 3649 746 3701 se
764 3624 869 3696 Filius
886 3625 925 3696 in
943 3623 1153 3696 sacrificium
1173 3625 1266 3695 Patri
1286 3621 1470 3712 obtulerit,
1491 3636 1526 3694 et
1543 3621 1739 3695 secundum
1752 3625 1822 3696 hoc

245 3744 591 3817 incelebrationibus
610 3746 796 3816 missarum
819 3742 1016 3843 specialiter
1036 3745 1082 3815 ad
1105 3749 1246 3818 Patrem
1259 3744 1438 3816 orationes
1455 3741 1674 3839 dirigantur,
1700 3760 1734 3816 et
1757 3744 1821 3817 ho-

246 3865 319 3936 stiae
345 3863 407 3936 liat
424 3865 639 3956 immolatio3
660 3890 724 3943 cur
743 3865 819 3959 ejus
836 3865 1013 3964 precipue
1041 3863 1149 3936 altare
1179 3887 1255 3935 esse
1284 3888 1359 3934 non
1384 3861 1545 3934 rideatur
1559 3915 1571 3953 ,r
1596 3864 1654 3934 cui
1673 3867 1823 3936 maxime

247 3983 455 4083 supplicatio
481 4001 517 4058 et
540 3985 752 4058 sacrificium
773 3985 912 4082 agitur?
936 3983 1106 4082 Ntmquid
1128 3985 1257 4056 rectius
1281 3985 1356 4079 ejus
1380 3984 1437 4055 cui
1459 3983 1688 4072 immolatur,
1716 4009 1824 4082 quarn

244 4104 341 4176 illius
358 4107 419 4202 qui
438 4105 682 4197 immolaturl,
700 4105 810 4178 altare
833 4105 1026 4178 dicendum
1047 4104 1148 4176 esst?
1168 4109 1220 4174 An
1246 4103 1374 4176 melius
1394 4103 1583 4176 dominicae
1603 4107 1737 4196 crucis,
1766 4124 1826 4178 aut

248 4224 417 4324 sepulcri,
444 4223 501 4296 vel
523 4224 618 4296 beati
639 4224 837 4313 Michaelis,
866 4247 927 4296 seu
947 4224 1113 4315 loannis,
1139 4237 1200 4294 aut
1221 4224 1332 4310 Petri,
1354 4239 1415 4295 aut
1434 4223 1580 4319 alicujus
1604 4226 1735 4315 sancti,
1762 4231 1822 4324 qui

248 4367 318 4417 nec
335 4344 384 4416 ibi
401 4345 645 4435 immolantur,
666 4371 734 4418 nec
751 4347 802 4418 eis
821 4345 1045 4437 immolatur,
1066 4361 1128 4416 aut
1144 4343 1406 4416 obsecrationes
1424 4344 1474 4415 eis
1492 4343 1600 4434 fiunt,
1621 4344 1728 4417 altare
1745 4350 1824 4443 quis

246 4489 322 4537 esse
342 4464 597 4536 confitebitur?
623 4467 797 4538 Nimirum
826 4489 892 4538 nec
917 4466 1010 4537 inter
1039 4465 1206 4536 idolatras
1229 4464 1349 4539 altaria
1377 4464 1434 4534 vel
1467 4464 1599 4563 templa
1623 4465 1824 4562 aliquorum

246 4583 475 4676 dicebantur,
502 4585 569 4656 nisi
595 4585 725 4682 quibus
749 4587 816 4684 ipsi
843 4584 1053 4658 sacrificium
1080 4600 1186 4682 atque
1212 4583 1423 4680 obsequium
1441 4584 1647 4682 impendere
1670 4587 1826 4659 intende

247 4701 345 4776 bant.
369 4704 441 4778 Sed
465 4705 612 4777 fortasse
632 4705 726 4778 dican
745 4707 890 4803 aliquis,
916 4704 998 4778 ideo
1028 4705 1121 4777 Patri
1146 4729 1221 4777 non
1242 4729 1317 4776 esse
1344 4703 1400 4775 vel
1425 4703 1606 4794 ecclesias,
1630 4705 1686 4778 vel
1705 4705 1824 4780 altaria

283 4962 290 4988 ¹
306 4961 513 5028 hnc.cap.nvr,r.
522 4958 731 5012 8.-¹llrrertnra.
741 4960 777 4998 -⁸
786 4959 970 5010 Parodana-⁴
979 4961 1025 5011 lar·
1056 4943 1156 5012 camellis
1169 4958 1231 5010 llllS
1246 4985 1278 4997 -·
1289 4959 1311 4986 ¹⁰
1321 4961 1407 5024 Adepit
1416 4959 1487 5011 llllS.
1498 4986 1526 4996 -
1541 4960 1559 4986 ¹¹
1574 4961 1679 5012 Οοήηιὶι.
1692 4960 1727 5020 ll,
1737 4975 1792 5027 cap.
1806 4981 1826 5025 ι,

251 5050 341 5107 rediret
348 5045 459 5097 utta-
469 5045 479 5072 ⁸
490 5047 658 5096 incolaverunt
667 5046 717 5096 ΜΒ.
726 5045 797 5096 Amb.
806 5069 840 5082 -
849 5044 860 5072 ⁸
869 5046 965 5094 Honore
974 5044 1025 5096 Cct
1056 5061 1080 5096 r.
1092 5047 1106 5094 3
1116 5042 1230 5094 eth-¹¹
1238 5044 1309 5094 loun.
1320 5058 1374 5110 cap.
1387 5060 1438 5104 arv,
1448 5059 1471 5093 v.
1484 5047 1523 5095 18.
1533 5073 1560 5081 -
1572 5045 1594 5072 ¹³
1603 5047 1685 5097 Divus
1697 5046 1745 5096 llS.
1755 5047 1826 5098 Aml».

1851 1487 1885 1536 bc
1895 1484 2011 1535 Paraclcti

1844 1549 2016 1618 appellatione.
2127 1559 2130 1565 '

253 5128 602 5180 asaph-'steatttt-
611 5131 669 5182 Tam
679 5127 801 5181 sdic-¹
816 5128 1025 5180 raracttuocu
1058 5125 1828 5191 -¹‘Aareartttts.-⁴⁸immotaeb.-¹⁶Nrnqutarrcam....
1862 5166 1871 5174 -

254 5211 301 5262 tts.
314 5213 412 5264 lmu—
421 5214 432 5242 '
442 5217 549 5265 Hanccb
559 5230 657 5265 eamear
665 5217 818 5278 mentumis
827 5215 959 5277 affecerant
968 5229 1026 5262 con-
1058 5214 1183 5264 dicendum
1196 5221 1230 5260 cat
1243 5209 1331 5262 desum
1343 5211 1368 5260 io
1382 5210 1444 5262 Ccd.
1460 5212 1508 5262 AB.
