4486 6100
571 795 659 869 CUM
685 795 812 867 PETRI
841 782 1074 867 ABAEntlbt
1089 787 1435 866 ’8111111111111111118.Λ
1719 795 1785 867 att

412 1081 416 1088 1
774 1012 953 1060 monentur
980 1013 1145 1062 nexorssn
1170 1015 1230 1060 xx.

256 1140 455 1226 Quaerimus
471 1154 507 1212 et
520 1139 629 1229 illud,
651 1139 751 1236 qnod
768 1140 804 1212 in
817 1137 1243 1236 3311333111313·31111133111
1262 1165 1280 1210 t·
1291 1140 1453 1210 «²0mnil
1466 1157 1551 1236 ergo
1569 1160 1790 1238 quaecunque

208 1259 312 1331 vultis
329 1275 368 1331 ut
380 1259 507 1330 1331331
518 1259 619 1331 vobis
630 1259 811 1346 homines,
834 1273 869 1330 et
880 1282 946 1330 vos
958 1259 1059 1331 facite
1070 1259 1247 1332 illisllaeo
1260 1261 1418 1334 estasim
1430 1259 1486 1330 lex
1503 1273 1539 1330 et
1554 1259 1750 1358 propbetae.
1769 1290 1786 1326 u

207 1381 244 1450 Si
261 1380 452 1476 quisenim
470 1379 547 1452 uult
563 1395 602 1451 ut
621 1381 659 1450 in
671 1379 779 1450 311313·
790 1377 857 1450 sibi
872 1365 1063 1477 quisquam
1079 1381 1297 1488 consentiat,¹
1315 1377 1480 1476 nunquid
1492 1378 1603 1452 ‘debet
1625 1375 1674 1450 illi
1700 1403 1788 1478 pne·

141 1567 143 1572 .
207 1499 516 1572 bereoonsensum
530 1501 567 1572 in
582 1525 621 1572 re
631 1499 834 1572 consimili?

817 1681 951 1752 Salutio
969 1681 1170 1785 Abaelardi.

255 1845 337 1912 Duo
356 1840 442 1937 legis
463 1840 633 1912 naturalis
648 1854 825 1942 praecepta
842 1856 926 1912 sunt
950 1843 1042 1914 cirea
1060 1841 1289 1930 dilectionem
1306 1840 1459 1937 proximi
1478 1867 1486 1910 :
1509 1863 1623 1923 unum
1643 1839 1787 1932 scilieet,

207 1962 308 2059 quod
321 1962 391 2032 boc
405 1961 485 2033 loeo
497 1963 660 2058 ponitur,
672 1961 835 2051 alterum,
852 1961 951 2057 quod
968 1963 1005 2033 in
1025 1961 1129 2032 Tobia
1140 1961 1302 2060 legimus,
1319 1961 1397 2058 ipso
1411 1959 1460 2044 ad
1471 1958 1586 2036 filium
1599 1960 1762 2032 dieente¹
1779 1989 1786 2030 :

207 2113 224 2149 u
244 2081 353 2169 Quod
369 2081 416 2152 ab
434 2080 503 2152 alio
522 2081 602 2152 odis
621 2080 698 2152 fieri
717 2080 797 2170 tibi,
819 2079 902 2153 vide
922 2105 968 2152 ne
992 2081 1091 2154 alteri
1108 2097 1148 2153 tu
1160 2080 1353 2178 aliquando
1367 2081 1485 2152 facias.
1509 2107 1528 2148 u
1546 2079 1643 2152 Sicut
1656 2106 1741 2176 ergo
1753 2081 1790 2152 id

204 2200 307 2271 molis
321 2255 329 2286 ,
344 2201 392 2270 ita
404 2199 492 2271 illud
507 2199 552 2270 de
571 2199 675 2271 bonis
689 2198 936 2298 accipiendum
952 2213 1016 2270 est.
1033 2199 1079 2270 Ut
1090 2198 1274 2288 videlieet,
1296 2201 1386 2270 sicut
1399 2198 1491 2270 mala
1504 2200 1674 2270 nolumus
1687 2201 1791 2272 nobis

202 2320 345 2406 inferri,
362 2320 412 2392 sic
429 2343 500 2394 nec
510 2318 588 2392 aliis
601 2319 811 2410 inieramus,
828 2334 898 2393 ete
910 2319 1115 2407 oontmrio,
1137 2318 1256 2407 bona,
1269 2317 1468 2416 ,quaenob‘s
1481 2317 1613 2390 ubaliis
1626 2317 1792 2393 volumus

203 2439 371 2528 conferri,
392 2437 468 2509 aliis
486 2438 694 2537 impendere
706 2440 815 2510 simus
828 2440 952 2537 parati.
966 2442 1086 2526 Quum
1102 2463 1187 2534 ergo
1200 2438 1329 2509 dicitur
1342 2466 1349 2508 ε
1363 2441 1480 2525 «Quae
1492 2438 1598 2510 vultis
1611 2456 1650 2510 ut
1665 2439 1793 2512 Faciant

203 2557 489 2647 vobisbornines,
503 2585 521 2624 u
531 2557 599 2629 tale
609 2557 794 2644 estzQuod
805 2556 1010 2656 approbatis
1019 2557 1281 2632 ineenseientia
1291 2556 1512 2628 vestravobis
1521 2557 1566 2628 ab
1576 2557 1652 2630 aliis
1661 2559 1792 2633 debere

202 2678 294 2751 fieri.
317 2677 440 2750 Nullus
470 2679 565 2750 enim
594 2679 630 2747 in
658 2677 873 2750 conscientia
893 2677 1090 2776 approbat,
1108 2675 1174 2750 sibi
1198 2676 1495 2749 consentiendum
1511 2703 1586 2750 esse
1611 2679 1647 2750 in
1668 2681 1787 2768 malo,

201 2799 266 2870 sed
287 2799 323 2869 in
341 2797 415 2889 his,
428 2795 511 2894 'quae
523 2795 620 2868 bona
633 2797 802 2886 aestimat,
824 2808 859 2867 et
876 2796 951 2868 lieri
969 2795 1087 2893 digna.
1107 2799 1163 2867 Sic
1178 2813 1210 2867 et
1228 2796 1418 2895 Apostolus
1432 2821 1544 2894 quum
1559 2799 1649 2868 ait³:
1676 2828 1693 2866 u
1712 2805 1792 2872 Non

197 2918 305 3016 quod
323 2919 425 3008 volo,
453 2917 524 2989 hoc
548 2942 615 3013 ago
640 2945 647 2986 :
671 2945 688 2982 u
710 2916 794 2987 volo
810 2917 897 2988 dixit
918 2941 987 3015 pro
1011 2915 1086 2987 fieri
1107 2917 1281 3015 approbo.
1305 2915 1375 2988 Sed
1392 2915 1572 3013 quidest,
1589 2918 1689 3015 quod
1715 2922 1788 2991 ait:

198 3039 370 3110 «Omnia
391 3061 612 3136 quaecunque
631 3035 757 3108 vultis?
775 3065 793 3102 x
815 3036 915 3106 Multi
938 3038 1070 3134 quippe
1091 3059 1159 3134 pro
1173 3035 1362 3133 dignitate,
1379 3035 1435 3111 vel
1448 3035 1649 3110 diversitate
1670 3063 1792 3138 perso·

195 3183 350 3248 narum,
372 3157 483 3230 multa
501 3155 567 3228 sibi
586 3155 718 3227 debere
736 3154 812 3227 steri
830 3171 995 3244 censent,
1012 3180 1096 3252 quae
1119 3180 1343 3253 nequaquam
1366 3155 1442 3227 aliis
1469 3165 1519 3227 se'
1535 3155 1666 3230 debere
1684 3184 1790 3232 reeo-

192 3292 399 3378 gnoscunt:
418 3293 456 3349 ut
470 3279 507 3348 in
517 3275 667 3376 praelatis
684 3273 845 3348 videmus
859 3289 894 3346 et
907 3275 1088 3370 subjectis,
1102 3300 1215 3373 quum
1231 3277 1286 3347 isti
1301 3258 1412 3348 multa
1429 3275 1569 3374 exigant
1586 3276 1632 3348 ab
1649 3278 1735 3366 illis,
1753 3298 1791 3354 ut

190 3399 270 3472 sibi
283 3398 388 3488 fiant,
409 3423 488 3495 quae
506 3421 731 3496 nequaquam
751 3395 818 3468 illis
832 3394 945 3466 lacere
964 3392 1108 3466 debent.
1130 3395 1200 3467 Sed
1216 3395 1375 3495 prolecto
1389 3398 1439 3468 sic
1456 3411 1508 3469 est
1526 3400 1786 3497 accipiendum,

189 3538 236 3594 ut
253 3545 477 3618 quaecunque
499 3519 575 3591 fieri
596 3518 727 3592 debere
746 3516 850 3588 nobis
867 3514 912 3588 ab
927 3516 1136 3588 hominibus
1157 3518 1352 3609 eredimus,
1373 3521 1485 3618 parati
1507 3545 1664 3592 essemus
1675 3538 1710 3594 et
1723 3522 1790 3596 illis

185 3643 334 3730 facere,
354 3665 427 3712 non
446 3639 592 3738 quidem
609 3638 898 3737 quibuscunque,
916 3637 979 3710 sed
997 3639 1110 3720 nostri
1128 3637 1317 3730 similibus,
1336 3639 1489 3731 honest,
1508 3643 1570 3738 qui
1590 3639 1665 3713 baec
1682 3667 1703 3714 3
1725 3669 1789 3715 no·

184 3763 252 3833 bis
271 3763 451 3860 suscipere
469 3760 568 3857 digni
581 3773 710 3850 essent,
726 3758 816 3829 sicut
833 3781 900 3828 nos
917 3756 962 3828 31)
980 3755 1059 3829 illis.
1075 3757 1166 3827 lllud
1178 3783 1323 3856 quoque
1340 3757 1456 3831 Tobiae
1475 3788 1482 3830 ε
1503 3790 1520 3828 u
1542 3761 1650 3848 Quod
1662 3760 1707 3834 31)
1719 3762 1788 3835 alio

182 3883 281 3954 odis
300 3881 378 3954 fieri
401 3882 483 3972 tibi,
504 3879 584 3951 vide
603 3904 649 3950 ne
671 3878 771 3950 alteri
791 3892 830 3949 tu
850 3875 1042 3975 aliquando
1062 3877 1186 3967 facias,
1208 3907 1226 3945 u
1250 3877 1414 3952 nonnihil
1434 3879 1538 3952 habet
1562 3883 1787 3978 quaestionis,

179 4029 314 4102 quum
330 4004 359 4073 is
377 4002 532 4092 scilicet,
548 4001 610 4098 qui
630 3998 738 4070 alium
757 4012 904 4096 propter
915 3996 1086 4094 justitiam
1105 3995 1252 4088 occidit,
1270 4023 1455 4095 nunquam
1477 3998 1522 4070 31)
1542 4000 1612 4071 3113
1626 4000 1662 4072 id
1686 4005 1789 4073 susti·

179 4147 288 4194 nere
298 4120 391 4193 velle
402 4121 525 4219 possit.
548 4118 618 4190 Sed
636 4118 720 4216 quia
738 4142 850 4213 quum
869 4117 948 4212 quis
958 4114 1129 4211 justitiam
1144 4131 1290 4215 propter
1309 4122 1424 4189 Deum
1439 4134 1594 4207 exercet3
1613 4123 1709 4191 Deus
1726 4147 1789 4220 po·

177 4247 265 4316 tius
287 4241 326 4312 id
343 4265 450 4338 quam
469 4240 527 4311 ille
545 4239 644 4328 13311,
665 4239 754 4310 sicut
773 4235 911 4308 dudum
938 4237 1099 4335 superius
1121 4234 1293 4327 diximus,
1314 4241 1516 4340 precipitur
1533 4255 1572 4311 ut
1592 4240 1691 4336 quod
1714 4242 1790 4314 odit
1815 4333 1818 4339 Α

174 4361 272 4435 fieri
292 4359 379 4450 sibi,
401 4363 474 4458 ipse
488 4359 587 4432 alteri
605 4383 651 4430 ne
663 4357 767 4429 133131
784 4385 791 4426 :
813 4357 898 4453 quia
911 4380 1024 4453 quum
1036 4355 1190 4452 aliquem
1205 4371 1301 4429 recte
1314 4359 1439 4456 punit,
1456 4361 1550 4430 Deus
1564 4359 1635 4430 boc
1647 4362 1787 4457 potius,

173 4483 242 4556 vel
262 4481 349 4572 lex,
365 4505 474 4578 quam
489 4479 602 4552 bomo
621 4477 713 4549 facit.

754 4680 937 4729 PROBLEMA
960 4680 1125 4728 nntfflssffi
1152 4681 1224 4728 XXl.
1256 4701 1258 4708 ,

230 4821 349 4912 Quid
357 4837 433 4909 est,
451 4836 489 4892 ut
505 4821 554 4893 ait¹
573 4818 773 4919 Apostolus,
796 4849 813 4887 «
836 4820 912 4895 sine
923 4820 1342 4896 1313331331313333313*.1
1367 4850 1383 4887 u

759 5048 762 5056 v
817 5010 951 5081 Solutr'e
978 5010 1168 5082 Ataelardt.

225 5179 399 5255 Nullum
417 5192 574 5276 tempus,
594 5201 667 5274 quo
686 5175 879 5248 debeamus
892 5199 1013 5266 orare,
1029 5176 1309 5274 praetermittere.

205 5417 212 5442 ¹
237 5409 342 5464 13111)
357 5422 514 5473 ,ceparum
529 5409 568 5458 tt.
578 5403 625 5444 -'
640 5407 709 5466 1313,
722 5421 778 5472 eap.
789 5422 821 5468 rr,
834 5421 857 5454 v.
874 5407 912 5455 16.
924 5432 949 5441 -
964 5405 973 5431 ⁸
986 5404 1068 5464 11333,
1078 5421 1135 5469 cap.
1147 5419 1190 5464 rx,
1200 5421 1223 5455 ν.
1238 5407 1276 5456 tt.
1288 5404 1335 5441 -⁸
1351 5405 1539 5470 711331.1,33ρ,
1553 5418 1575 5462 v,
1592 5418 1615 5454 r.
1633 5403 1670 5450 n.
