4510 6108
504 629 574 700 540
1097 637 1224 708 PETRI
1254 637 1485 710 ABAELARDI

500 773 670 880 Susanuae
685 786 850 868 parentes
869 772 1136 871 distinguuntur
1152 802 1265 875 quum
1289 793 1364 851 tam
1384 779 1421 849 in
1445 803 1571 850 eorum
1591 776 1757 850 laudibus
1777 803 1887 876 quam
1913 782 1950 852 in
1973 783 2079 880 ipsius

499 892 669 962 Susannae
691 891 838 981 dicitur,
864 894 967 990 quia¹
992 913 1189 994 «parentes
1213 901 1288 995 ejus
1312 924 1425 995 quum
1457 913 1574 971 essent
1601 900 1704 996 justi,
1730 900 1938 974 erudierunt
1970 901 2077 976 liliam

498 1035 612 1100 suam,
634 1026 702 1082 eto.
717 1040 736 1080 »
760 1016 880 1099 Quum
897 1029 1014 1085 essent
1032 1017 1128 1087 enirn
1141 1018 1240 1113 justi,
1255 1017 1393 1089 dictum
1408 1031 1474 1107 est,
1493 1043 1586 1110 non,
1606 1043 1719 1116 quum
1735 1033 1854 1091 essent
1864 1021 1978 1110 avari3
1994 1025 2076 1119 quia

496 1128 597 1225 quod
613 1130 670 1201 isti
687 1155 783 1202 nune
799 1157 863 1229 per
880 1134 1063 1206 avaritiam
1086 1150 1214 1231 agunt,
1239 1135 1288 1207 illi
1304 1161 1368 1235 per
1385 1136 1593 1234 religionem
1609 1152 1774 1232 egerunt,
1799 1153 1834 1209 et
1856 1163 1979 1212 amore
1995 1143 2071 1232 Dei,

497 1274 570 1320 non
588 1250 784 1322 ambitione
802 1252 936 1340 saculi,
955 1267 1128 1352 tanquam
1144 1255 1232 1328 illud
1252 1256 1352 1353 quod
1372 1258 1543 1354 scriptum
1566 1271 1620 1328 est
1639 1256 1881 1329 attendentes¹
1895 1287 1903 1328 :
1919 1287 1937 1326 a
1950 1263 2073 1332 Beatus

492 1368 605 1441 homo
623 1395 731 1467 quem
748 1385 786 1442 tu
808 1371 997 1462 erudieris,
1016 1375 1189 1464 Domine,
1209 1390 1245 1446 et
1268 1374 1315 1446 de
1335 1373 1412 1473 lego
1429 1391 1490 1448 tua
1506 1375 1671 1447 docueris
1687 1400 1783 1446 eum.
1800 1403 1817 1442 >r
1836 1379 1936 1463 Quos
1951 1377 1988 1448 in
2005 1377 2071 1450 hac

492 1517 555 1588 spe
571 1514 635 1562 sua
647 1515 875 1588 nequaquam
886 1492 1071 1564 frustratos
1085 1494 1189 1565 luisse
1201 1495 1382 1591 praesentis
1392 1494 1550 1565 historiae
1559 1494 1744 1590 sequentia
1754 1491 1924 1584 clamant,
1936 1509 2069 1568 tanum

491 1608 570 1681 filiae
586 1635 658 1681 suae
674 1611 912 1698 describendo
929 1611 1199 1710 perfectionem,
1213 1637 1324 1711 quam
1337 1613 1383 1684 de
1395 1613 1524 1684 divinae
1534 1613 1620 1708 legis
1632 1612 1833 1684 eruditione
1849 1616 2064 1711 provenisse,

490 1731 725 1828 praecedentia
742 1732 937 1822 insinuant,
954 1733 1003 1802 ob
1020 1731 1090 1804 hoc
1106 1732 1271 1805 videlicet
1286 1748 1580 1806 commemorata.

536 1853 641 1940 Quah
663 1868 783 1925 autem
807 1878 921 1950 agone
938 1866 1103 1926 matrona
1117 1853 1288 1927 mirabilis
1304 1853 1511 1926 mirabibter
1529 1853 1819 1953 triumphaverit,
1839 1855 2060 1953 perpendite,

485 1975 652 2070 virgines,
672 1987 711 2044 ut
727 1998 768 2043 ex
786 1998 829 2044 ea
844 1973 986 2045 discatis
1006 1973 1159 2071 qualiter
1175 1987 1211 2044 et
1231 1974 1315 2072 ipsae
1335 1973 1504 2046 dimicare
1526 1972 1702 2062 debeatis,
1726 1989 1762 2046 et
1785 1974 1987 2072 sponsionis
2007 1999 2063 2046 vo·

484 2109 563 2164 tum
591 2116 731 2164 servare
758 2091 922 2182 Christo,
957 2093 1048 2163 sicut
1079 2091 1140 2163 illa
1170 2090 1280 2164 fidem
1311 2091 1503 2164 custodivit
1536 2092 1678 2163 marito.
1712 2090 2061 2190 Comprehendentes

483 2213 589 2308 igitur
604 2237 685 2284 eam
701 2237 815 2300 senes,
828 2210 920 2282 etad
936 2235 1153 2283 consensum
1169 2211 1331 2284 adtdterii
1346 2237 1473 2309 cogere
1490 2213 1682 2284 nitentes³:
1698 2218 1830 2302 «Ecce,
1846 2241 1863 2279 n
1882 2213 2056 2309 inquiunt,

485 2361 503 2396 a
523 2333 614 2402 ostia
628 2331 781 2428 pomarii
797 2330 916 2402 clausa
930 2344 1031 2420 sunt,
1050 2346 1086 2403 et
1102 2356 1210 2402 nemo
1227 2357 1293 2403 uos
1309 2330 1419 2404 videt.
1440 2330 1684 2418 Quamobrem
1702 2332 1870 2403 assentire
1887 2330 2009 2418 nobis,
2027 2346 2057 2402 et

481 2452 713 2522 commiscere
729 2449 931 2523 nobiscum.
952 2449 1059 2538 Quod
1076 2453 1105 2522 si
1122 2451 1292 2540 nolueris,
1311 2451 1471 2523 dicemus
1487 2466 1612 2523 contra
1628 2467 1664 2522 te
1680 2425 1943 2540 testimonium,
1961 2449 2055 2547 quod

481 2569 585 2642 suerit
596 2584 714 2642 tecum
727 2571 881 2665 juvenis,
894 2585 929 2642 et
943 2569 991 2642 ob
1008 2570 1102 2642 hanc
1119 2595 1262 2642 causam
1281 2571 1438 2642 emiseris
1454 2571 1590 2668 puellas
1606 2585 1688 2642 ate.
1707 2599 1724 2638 »
1744 2573 1777 2639 Ο
1787 2571 1869 2640 caeci
1885 2593 2054 2642 caecorum

478 2692 604 2782 duces,
625 2707 660 2763 et
679 2705 840 2789 expertes
856 2691 999 2786 justitiae
1017 2689 1174 2786 judices,
1195 2690 1359 2788 nunquid
1377 2694 1406 2762 si
1422 2692 1511 2762 ostia
1529 2691 1682 2787 pomarii
1698 2704 1782 2762 sunt
1797 2689 1934 2779 clausa,
1948 2689 2053 2786 janua

476 2811 555 2882 coeli
576 2836 700 2882 nonne
716 2825 769 2881 est
785 2811 927 2909 aperta?
951 2814 1092 2881 Frustra
1114 2809 1304 2881 hominurn
1329 2824 1562 2907 conspectum
1583 2809 1718 2905 sugitis,
1743 2809 1805 2905 qui
1825 2823 2052 2906 conspectum

474 2931 540 3001 Dei
557 2930 677 3027 fugere
694 2954 769 3000 non
786 2929 946 3027 potestis.
967 2932 1043 2999 lloc
1056 2927 1115 3000 illa
1131 2928 1308 3026 praecipue
1324 2927 1544 3015 attendebat,
1563 2953 1676 3024 quum
1693 2927 1847 3000 diceret*
1866 2955 1874 2996 :
1896 2955 1915 2995 x
1933 2926 2050 2998 Melius

473 3064 526 3120 est
546 3048 634 3121 mihi
655 3048 790 3145 absque
811 3073 920 3145 opere
942 3048 1100 3117 incidere
1121 3049 1159 3117 in
1184 3071 1311 3118 manus
1327 3062 1479 3137 vestras,
1503 3072 1613 3145 quam
1633 3072 1782 3145 peccare
1802 3048 1840 3118 in
1860 3061 2048 3144 conspectu

472 3171 660 3240 Domini.»
680 3173 806 3255 Nemo,
819 3168 947 3254 dicitis,
960 3164 1146 3237 nosvidet.
1168 3166 1262 3254 Quid
1282 3167 1312 3238 si
1329 3167 1444 3238 Deus?
1461 3167 1574 3238 Pudet
1589 3166 1635 3238 ab
1651 3166 1799 3238 homine
1816 3165 2045 3264 deprehendi,

471 3305 506 3362 et
522 3314 598 3362 non
615 3312 635 3360 a
652 3292 728 3358 Deo
745 3286 922 3383 conspici;
942 3299 1097 3356 mortem
1113 3286 1275 3383 corporis
1293 3285 1529 3383 temporalem
1544 3285 1590 3357 ab
1607 3285 1814 3358 hominibus
1830 3284 2046 3382 deprehendi

469 3409 617 3496 timetis;
647 3419 801 3476 mortem
831 3405 959 3473 animae
983 3417 1191 3502 perpetuam
1221 3429 1295 3474 non
1326 3403 1543 3492 formidatis,
1571 3405 1672 3500 cujus
1692 3403 1962 3501 comparatione
1984 3427 2046 3474 nec

468 3528 565 3600 illam
588 3524 658 3595 diei
679 3536 835 3594 mortem
858 3521 917 3592 illa
941 3519 1152 3620 profitetur?
1178 3522 1234 3592 Sic
1258 3523 1393 3621 quippe
1414 3522 1479 3593 ait'
1499 3549 1507 3591 :
1529 3523 1602 3592 «si
1624 3521 1721 3593 enim
1741 3521 1812 3593 hoc
1827 3545 1935 3617 egero
1953 3547 2044 3597 mors

347 3711 351 3719 .
468 3644 556 3718 mihi
580 3657 649 3731 est3
682 3641 711 3712 si
732 3654 851 3711 autern
870 3664 945 3711 non
967 3665 1091 3736 egero,
1115 3663 1189 3710 non
1215 3639 1383 3736 effugiam
1405 3664 1533 3712 manus
1553 3656 1733 3714 vestras.»
1756 3643 1911 3712 Mortem
1927 3643 2043 3738 utique

465 3768 585 3867 potius
607 3765 733 3836 animae
755 3787 864 3860 quam
890 3762 1051 3860 corporis
1076 3761 1327 3860 appellandam
1351 3762 1505 3850 censuit;
1533 3777 1569 3833 et
1590 3762 1674 3860 quia
1696 3761 1793 3833 illam
1814 3761 1895 3861 plus
1914 3764 2040 3853 timuit,

466 3901 653 3982 utramque
669 3883 801 3981 pariter
814 3883 946 3955 evitare
963 3881 1105 3953 meruit.
1121 3884 1194 3952 Vos
1211 3895 1331 3952 autem
1344 3905 1364 3952 e
1381 3905 1569 3971 converso,
1584 3881 1678 3954 hano
1693 3883 1805 3978 magis
1822 3907 1933 3978 quam
1948 3883 2041 3955 illam

463 4021 678 4093 metuentes,
704 4029 725 4076 a
746 4018 872 4075 neutra
895 4003 1008 4074 suistis
1029 4003 1219 4074 immunes.
1246 4000 1310 4073 Illa
1321 4001 1480 4097 judicem
1505 4007 1620 4074 Deum
1636 4004 1716 4102 plus
1732 4026 1841 4100 quam
1857 4003 2040 4076 hominem

461 4131 592 4219 verita,
623 4143 697 4199 tam
717 4125 842 4196 divino
867 4149 976 4221 quam
999 4123 1160 4194 humano
1179 4120 1315 4218 judicio
1339 4121 1505 4211 liberata,
1529 4148 1685 4220 quorum
1705 4139 1874 4197 neutrum
1890 4149 1955 4197 vos
1976 4124 2040 4221 ipsi

457 4250 595 4346 judices
613 4247 767 4343 elhrgere
784 4271 859 4316 non
876 4246 1053 4343 potuistis.

507 4368 705 4456 Attendite,
730 4389 869 4464 sponsae
888 4364 1036 4454 Christi,
1060 4365 1148 4463 quid
1171 4364 1298 4438 dixerit
1320 4389 1361 4437 ac
1383 4365 1503 4436 lecerit
1523 4365 1654 4460 conjux
1670 4365 1845 4455 hominis,
1864 4379 1901 4436 et
1916 4365 1945 4436 si
1961 4365 2039 4461 quis

457 4491 639 4590 profanus,
656 4503 691 4559 et
702 4488 767 4558 Dei
783 4511 929 4585 prorsus
946 4485 1090 4575 oblitus,
1110 4487 1334 4559 consimilem
1348 4486 1483 4558 avobis
1496 4487 1649 4582 exegerit
1661 4486 1935 4584 turpitudinem,
1950 4499 1986 4557 et
2003 4486 2037 4556 iu

455 4627 595 4685 tantum
612 4610 720 4681 etiam
738 4608 885 4679 fortasse
901 4608 1105 4705 perstiterit,
1120 4623 1159 4679 ut
1177 4607 1248 4678 vim
1263 4607 1378 4678 lacere
1394 4622 1602 4705 proesumat:
1616 4607 1780 4704 respicite
1795 4620 1957 4677 vestrum
1968 4628 2038 4676 ma·

453 4735 562 4804 ritum
580 4757 655 4802 non
671 4728 875 4816 hominem,
893 4725 957 4799 sed
977 4731 1110 4816 Deum,
1130 4753 1203 4800 non
1222 4727 1398 4816 Joacbim,
1414 4727 1476 4799 sed
1493 4726 1695 4817 Christum,
1717 4741 1753 4798 et
1772 4725 1954 4824 intrepida
1970 4727 2036 4795 Su-

451 4881 564 4928 sanna
584 4869 740 4927 vestrum
761 4875 984 4948 unaquaeque
1004 4850 1099 4923 dicat
1124 4879 1164 4921 :a
1180 4851 1215 4921 si
1230 4850 1301 4921 hoc
1322 4873 1449 4944 egero,
1468 4873 1565 4919 mors
1586 4847 1673 4920 mihi
1693 4863 1757 4919 est.
1775 4875 1791 4912 n
1816 4852 1943 4919 Latere
1960 4850 2036 4918 Joa-

451 4975 547 5046 chirn
573 4971 759 5044 fornicatio
787 4984 927 5069 poterat
951 4971 1087 5057 uxoris,
1117 4993 1291 5068 sponsum
1319 4983 1439 5040 autem
1467 4981 1624 5038 vestrum
1653 4966 1733 5064 quis
1757 4964 1866 5037 latere
1890 4965 2035 5062 potest?

480 5243 487 5272 ¹
505 5243 577 5304 llam,
590 5202 644 5308 capi
658 5257 717 5302 xnr,
732 5255 755 5288 u.
768 5241 793 5288 a.
811 5267 835 5276 -
848 5236 857 5264 ¹
871 5237 956 5288 psalm.
972 5253 1044 5298 xcrn,
1059 5254 1082 5288 r.
1097 5237 1348 5302 12.-³uan.‚ep.
1361 5253 1418 5300 xru,
1432 5253 1455 5288 v.
1469 5239 1552 5288 tlh·-
1562 5234 1572 5262 ⁴
1583 5234 1658 5299 lbid.,
1668 5253 1691 5288 v.
1704 5237 1789 5286 Ἀ·-
1800 5235 1811 5264 ⁸
1823 5233 1895 5296 ibid..
1909 5249 1935 5286 r.
1949 5235 1992 5285 22.
