4510 6108
534 575 576 647 lN
602 573 734 644 FERlA
760 568 960 642 SECUNDA
986 565 1290 640 PENTECOSTES
1314 563 1477 637 SERMO.
1654 535 1656 540 Ι
1728 563 1800 635 495

214 736 359 820 petunt,
377 734 414 791 et
429 717 541 788 Graeci
563 715 775 814 sapientiam
795 726 972 809 quaerunt.
992 716 1064 784 Nos
1089 726 1208 782 autern
1232 708 1466 808 praedicamus
1482 707 1662 782 Christum
1686 710 1801 780 cruci·

216 841 343 927 fixum,
362 837 491 910 ludaeis
506 835 654 933 quidem
669 831 897 921 scandalum,
917 830 1083 926 gentibus
1099 845 1219 902 autem
1235 828 1433 901 stultitiam.
1454 829 1542 928 Ipsis
1557 837 1678 900 autem
1697 853 1803 900 voca·

216 964 259 1034 tis
280 959 408 1032 ludaeis
425 972 531 1055 atque
554 953 684 1026 Graecis
706 952 888 1024 Christum
907 952 974 1021 Dei
996 952 1164 1022 virtutem
1189 965 1225 1022 et
1252 951 1318 1022 Dei
1342 939 1566 1048 sapientiam.
1583 948 1678 1036 Quia
1702 949 1803 1046 quod

216 1078 363 1150 stultum
380 1090 434 1149 est
449 1075 514 1145 Dei
531 1067 726 1172 sapientius
741 1085 795 1142 est
809 1069 1036 1158 hominibus,
1060 1085 1096 1140 et
1117 1067 1219 1167 quod
1238 1067 1423 1141 infirmum
1443 1084 1497 1139 est
1516 1069 1582 1138 Dei
1603 1066 1729 1142 lortius
1752 1065 1805 1138 est'

217 1195 436 1270 hominibus.
456 1177 584 1266 Videte
600 1193 697 1264 enim
713 1189 942 1266 vocationem
963 1205 1137 1279 vestram,
1155 1189 1299 1279 fratres,
1317 1190 1492 1288 quianon
1509 1189 1611 1260 multi
1627 1190 1803 1287 sapientes

216 1316 415 1388 secundum
431 1337 595 1401 carnem,
614 1336 689 1382 non
707 1309 810 1382 multi
825 1323 1010 1409 potentes,
1029 1333 1105 1379 non
1122 1307 1227 1382 multi
1242 1308 1399 1401 nobiles3
1418 1308 1481 1382 sed
1497 1335 1576 1407 quae
1591 1308 1698 1382 stulta
1721 1325 1804 1381 sunt

218 1436 364 1525 mundi,
383 1435 488 1532 elegit
503 1438 599 1507 Deus
614 1447 656 1504 ut
671 1430 870 1504 confundat
884 1431 1080 1530 sapientes,
1098 1447 1134 1503 et
1144 1430 1316 1528 ignobilia
1332 1446 1367 1503 et
1382 1430 1665 1530 contemptibilia
1677 1431 1804 1502 mundi
1857 1433 1859 1436 ’

218 1556 322 1654 elegit
338 1560 434 1628 Deus
451 1569 487 1626 et
502 1578 544 1626 ea
564 1577 643 1650 quae
664 1577 738 1623 non
755 1549 866 1640 s'unt,
888 1566 930 1622 ut
951 1575 995 1622 ea
1019 1576 1098 1648 quae
1123 1567 1207 1623 sunt
1231 1550 1447 1642 destrueret,
1472 1566 1512 1622 ut
1533 1577 1609 1623 non
1635 1551 1805 1648 glorietur

218 1679 338 1750 omnis
351 1701 436 1750 caro
452 1676 490 1746 in
506 1687 702 1772 conspectu
725 1655 813 1768 ejus.
831 1700 849 1740 n
869 1673 949 1744 Non
971 1672 1068 1742 enim
1090 1672 1253 1744 mirabile
1274 1687 1367 1744 esset
1385 1673 1415 1743 si
1436 1697 1543 1771 super
1562 1686 1728 1771 potentes
1747 1674 1804 1744 vel

217 1798 394 1895 sapientes
414 1792 532 1866 saeculi
548 1815 679 1889 magna
702 1804 926 1889 operaretur,
949 1789 1050 1886 quod
1072 1789 1239 1861 humanae
1259 1789 1381 1862 virtuti
1405 1790 1655 1889 potiusquam
1674 1790 1804 1862 divina

219 1896 472 1990 ascriberetur.¹
488 1911 593 1984 Unde
608 1911 720 2000 bene,
739 1911 830 1982 si'cut
845 1909 904 1980 bic
920 1907 1064 1999 dicitur,
1083 1910 1159 2007 ipse
1179 1913 1276 1982 Deus
1296 1909 1421 2000 Israel,
1447 1911 1510 2007 qui
1529 1910 1695 1983 videlicet
1717 1913 1804 1984 anti·

219 2060 331 2136 quum
346 2031 522 2135 populum
538 2032 660 2128 elegit3
679 2031 774 2128 ipse,
792 2030 959 2127 inquam,
977 2054 1053 2101 non
1070 2028 1159 2106 alter
1174 2043 1238 2101 aut
1256 2055 1381 2102 recens
1397 2035 1505 2102 Deus.
1529 2031 1590 2102 His
1606 2030 1754 2130 plebeiis
1767 2033 1803 2104 ¹et
1843 2013 1848 2022 ¹

218 2154 436 2257 pauperibus
452 2154 536 2225 viris
552 2151 599 2224 de
614 2150 752 2250 populo
768 2148 899 2222 eodem
920 2150 1132 2248 assumptis,
1155 2164 1191 2220 et
1211 2174 1309 2220 nunc
1331 2150 1461 2222 virtute
1486 2175 1529 2221 ex
1551 2150 1623 2222 alt'o
1649 2150 1802 2240 indutis,

219 2278 320 2352 dabit
340 2277 509 2347 virtutem
535 2270 732 2344 verborum
759 2285 885 2342 contra
913 2269 1031 2341 saeculi
1055 2259 1250 2368 sapientes,
1278 2285 1315 2342 et
1333 2269 1581 2343 fortitudinem
1600 2273 1805 2346 animorum

220 2413 346 2470 contra
361 2395 564 2496 potentium
579 2392 879 2492 impugnationes.
896 2388 1138 2462 «Benedictus
1153 2394 1266 2481 Deus,
1281 2417 1300 2460 n
1315 2390 1486 2463 subaudis
1502 2420 1511 2462 ε
1529 2393 1591 2484 sit,
1606 2391 1678 2466 hoc
1691 2410 1745 2466 est
1758 2396 1804 2466 ab

221 2515 389 2589 omnibus
410 2512 626 2612 glorificatus
646 2526 683 2584 et
705 2509 896 2601 laudatus,
919 2510 981 2611 qui
1001 2533 1066 2613 per
1090 2509 1179 2586 tales
1202 2509 1286 2582 talia
1310 2527 1478 2613 operatus
1503 2527 1557 2584 est
1582 2512 1639 2585 his
1663 2511 1802 2588 diebus.

221 2646 346 2712 Amen.

478 3293 483 3302 ¹
545 3311 603 3399 IN
639 3297 1053 3400 ratiarnam
1086 3309 1485 3405 PENTECOSTES.

916 3556 1028 3603 SERMO
1054 3559 1114 3603 XX.

272 3743 488 3810 Hesternum
510 3761 717 3810 sermonem
738 3761 782 3808 ex
803 3735 1016 3808 testimoniis
1039 3739 1246 3834 sexagesimi
1271 3741 1412 3838 septimi
1435 3741 1564 3841 psalmi
1586 3744 1805 3842 collegimus.

224 3861 328 3930 Nunc
343 3871 464 3928 autem
480 3855 526 3929 ad
542 3855 841 3954 septuagesimum
856 3853 1036 3954 psalmum
1051 3870 1301 3928 convertentes
1321 3858 1470 3954 stylum,
1484 3905 1485 3910 =
1489 3861 1590 3955 juvat
1612 3862 1698 3935 hinc
1722 3891 1809 3962 quo

224 4003 297 4076 que
311 3977 420 4072 hujus
431 3975 666 4049 solemnitatis
682 3973 902 4075 praeconium
917 3973 1129 4046 subinferre.
1148 3975 1327 4075 Scriptum
1342 3977 1394 4049 ibi
1408 3982 1503 4050 ost²2
1521 4009 1540 4048 u
1552 3985 1681 4053 Notam
1698 3983 1809 4058 fecisti

223 4101 262 4171 in
278 4096 422 4197 populis
436 4097 607 4170 virtutem
621 4111 741 4198 tuam,
759 4094 941 4167 redemisti
957 4095 995 4167 in
1012 4094 1163 4168 brachio
1180 4111 1243 4168 tuo
1258 4097 1436 4196 poprdum
1450 4114 1571 4188 tuum,
1590 4099 1682 4175 filios
1698 4105 1810 4176 Jacob

225 4235 262 4292 et
276 4217 423 4319 loseph.
441 4217 618 4291 Viderunt
631 4232 668 4289 te
685 4242 804 4316 aquae,
822 4221 937 4307 Deus,
955 4216 1123 4289 viderunt
1137 4231 1173 4290 te
1189 4242 1306 4315 aquae,
1325 4234 1361 4290 et
1377 4220 1589 4310 timuerunt,
1608 4237 1645 4294 et
1660 4224 1809 4296 turbatae

225 4355 310 4412 sunt
325 4339 456 4438 abyssi.
471 4339 662 4412 Multitudo
676 4341 814 4412 sonitus
826 4361 1019 4437 aquarum,
1031 4363 1160 4412 rocem
1172 4339 1351 4412 dederunt
1364 4341 1496 4432 nubes,
1510 4358 1579 4415 etc.
1592 4372 1610 4411 n
1626 4344 1681 4416 Ad
1693 4349 1810 4419 Deum

226 4457 410 4533 Psalmista
425 4460 598 4558 loquitur,
616 4459 816 4558 praevidens
839 4461 877 4531 in
893 4460 1044 4559 Spiritu,
1063 4485 1142 4558 quae
1161 4485 1226 4559 per
1242 4460 1411 4534 eumdem
1426 4463 1598 4560 Spiritum
1612 4463 1668 4537 his
1684 4465 1811 4542 diebus

226 4577 382 4680 apostoli
406 4579 583 4652 mirabilia
606 4594 691 4652 sunt
715 4580 854 4679 operati
871 4607 879 4650 ι
903 4607 921 4647 u
940 4581 1072 4652 Notam
1094 4579 1223 4671 fecisti,
1240 4608 1258 4648 »
1277 4581 1415 4679 inquit,
1436 4609 1454 4649 α
1471 4583 1509 4654 in
1525 4583 1667 4682 populis
1692 4587 1813 4661 mrdtis

226 4699 398 4772 virtutem
412 4714 531 4788 tuam,
547 4727 565 4767 n
584 4698 683 4775 illam
698 4698 865 4774 videlicet
879 4722 990 4798 quam
1001 4699 1177 4799 ‘apostolis
1196 4701 1430 4800 promiserat,
1448 4702 1590 4775 dicens¹
1605 4733 1613 4775 ι
1631 4733 1649 4773 u
1665 4711 1739 4779 Vos
1755 4733 1814 4780 au·

228 4837 303 4894 tem
322 4821 443 4893 sedete
459 4823 497 4892 in
514 4822 658 4894 civitate
672 4821 791 4894 donec
811 4819 1012 4930 induamini
1033 4823 1164 4894 virtute
1188 4822 1367 4896 exalto.»
1387 4827 1502 4923 Atque
1524 4825 1574 4897 ita
1588 4826 1626 4897 in
1642 4825 1813 4902 bracchio

228 4957 312 5030 tuo,
331 4940 403 5012 boc
418 4955 489 5031 est,
512 4941 550 5012 in
574 4941 634 5014 illa
648 4942 780 5016 virtute
801 4941 859 5014 vel
876 4940 1085 5014 tortitudine
1101 4941 1283 5016 redemisti
1298 4943 1474 5044 populum
1490 4960 1593 5019 tuum
1610 4970 1631 5020 a
1645 4950 1815 5024 servitute

265 5191 273 5218 ¹
290 5191 380 5244 Psalm.
395 5209 481 5253 nxxu,
497 5209 521 5244 v.
537 5194 576 5244 15.
589 5217 620 5232 ·-
630 5190 640 5220 ¹
652 5191 723 5257 Luc„
737 5207 794 5260 rap.
807 5208 875 5256 nu,
885 5206 909 5242 r.
919 5191 961 5243 ta.
