4520 6104
602 601 692 678 CUM
717 599 845 673 PETRI
872 595 1104 672 ABAELARDI
1129 591 1454 668 SOLU'llONlBUS.
1745 593 1816 664 245

846 814 980 886 Solutio
1006 811 1197 886 Aboelardt’.

281 991 386 1065 Solus
408 992 557 1090 quidem
574 997 730 1064 loannes
750 989 795 1062 de
813 989 921 1062 Maria
940 987 1147 1086 Magdalene
1158 1039 1168 1080 ,
1189 1003 1225 1060 et
1243 989 1470 1059 noncoeteris
1489 985 1696 1060 mulieribus
1717 990 1753 1059 in
1771 1014 1824 1060 re·

233 1113 454 1185 surrectione
475 1112 621 1184 Domini
642 1125 922 1200 commemorat,
945 1134 1018 1180 non
1035 1108 1135 1206 quod
1155 1133 1196 1178 ea
1215 1107 1291 1180 sola
1306 1106 1386 1196 his,
1408 1133 1487 1204 quae
1504 1123 1589 1179 tuuc
1606 1107 1697 1180 facta
1714 1124 1820 1197 sunt,

234 1230 372 1304 alliserit
385 1225 403 1324 ς’
425 1231 488 1304 sed
507 1231 605 1328 quod
629 1231 705 1327 ejus
724 1230 954 1303 devotionem
973 1229 1106 1300 caeteris
1124 1227 1297 1322 majorem
1322 1226 1515 1325 plurimum
1539 1228 1614 1325 ipse
1639 1251 1823 1301 commen-

234 1350 354 1441 daret,
375 1350 476 1447 cujus
493 1349 637 1423 hortatu
654 1353 709 1422 et¹
726 1350 889 1448 exemplo
903 1363 1035 1422 caeterae
1049 1346 1188 1419 seminae
1199 1347 1431 1418 incitarentur
1442 1347 1606 1418 maxime.
1625 1347 1724 1420 Sicut
1737 1373 1821 1446 ergo

234 1471 368 1544 ooeteris
384 1471 421 1542 in
439 1470 631 1543 dilectione
647 1470 840 1542 ferventior
857 1483 952 1559 erat,
978 1483 1014 1542 et
1031 1468 1077 1541 de
1092 1466 1221 1566 gaudio
1241 1467 1509 1538 resurrectionis
1522 1469 1633 1565 magis
1646 1469 1818 1560 sollicita,

235 1590 334 1662 venit
345 1591 446 1689 prior
458 1605 495 1663 et
507 1589 703 1687 intrepida,
719 1615 833 1686 quum
847 1589 966 1662 adhuc
980 1614 1053 1662 nox
1067 1603 1158 1660 esset
1172 1641 1182 1678 ,
1198 1586 1245 1659 ad
1258 1603 1533 1661 monumentum
1545 1641 1555 1679 ,
1569 1602 1604 1660 et
1617 1613 1757 1662 reversa
1770 1607 1824 1664 est

235 1710 366 1782 iterum
380 1709 426 1781 ad
439 1734 544 1801 suos,
565 1711 758 1807 quaerendo
776 1709 935 1783 studiose
949 1711 978 1780 si
996 1710 1075 1807 quis
1091 1708 1210 1780 adhuc
1225 1707 1272 1781 de
1289 1709 1549 1781 resurrectione
1563 1711 1709 1781 Domini
1724 1713 1825 1782 certi·

235 1829 360 1904 sicatus
378 1846 482 1904 esset.
502 1830 611 1919 Quod
626 1856 740 1929 quum
758 1832 905 1903 minime
924 1831 1133 1930 reperisset,
1156 1831 1285 1901 iterum
1304 1828 1350 1901 ad
1369 1843 1644 1902 mouumentum
1658 1846 1739 1903 orto
1749 1831 1825 1927 jam

236 1951 311 2025 sole
329 1977 414 2024 cum
431 1952 508 2026 aliis
528 1956 645 2044 veuit,
669 1969 705 2026 et
730 1969 816 2026 tunc
832 1952 1009 2026 revolutio
1027 1952 1154 2051 lapidis
1172 1952 1263 2024 facta
1280 1966 1353 2042 est,
1375 1953 1537 2048 quamvis
1556 1957 1710 2025 loannes
1733 1953 1826 2026 hauc

235 2070 496 2144 revolutionem
514 2074 614 2170 quasi
633 2073 732 2170 prius
751 2073 878 2144 iactam
897 2097 961 2170 per
979 2072 1271 2170 anticipationem
1292 2070 1388 2143 dicat
1408 2096 1429 2142 a
1451 2073 1560 2144 Maria
1575 2073 1687 2144 visam
1703 2072 1822 2146 fuisse.

234 2191 338 2263 Prior
358 2216 443 2289 ergo
459 2193 568 2264 blavia
585 2217 694 2289 quarn
711 2207 868 2281 caeterae,
888 2191 1017 2289 quibus
1033 2191 1216 2263 sollicitior
1229 2207 1325 2282 erat,
1344 2191 1500 2289 lapidem
1516 2191 1718 2265 revolutum
1731 2218 1828 2265 com·

235 2313 349 2408 perit,
371 2326 406 2384 et
422 2310 601 2386 sublatum
620 2313 817 2384 Dominum
840 2311 1011 2403 credens,
1030 2312 1155 2384 festina
1174 2311 1296 2402 rediit,
1320 2327 1355 2384 et
1372 2311 1443 2383 hoc
1463 2317 1568 2384 Petro
1582 2315 1777 2406 nuntiavit,
1794 2333 1830 2389 et

236 2431 378 2503 loanni.
400 2409 539 2504 Deinde
561 2457 702 2504 reversa
719 2458 803 2504 cum
820 2432 888 2505 illis
911 2432 957 2504 ad
972 2447 1248 2504 monumentum
1265 2448 1346 2530 post
1360 2432 1554 2505 discessum
1572 2460 1696 2508 eorum
1715 2461 1734 2508 a
1753 2461 1830 2508 mo·

236 2566 436 2643 numento,
456 2552 573 2625 stabat
592 2552 638 2624 ad
660 2553 778 2651 ipsum
795 2568 1072 2625 monumentum
1090 2552 1174 2625 loris
1190 2553 1355 2652 plorans,
1378 2555 1530 2644 caeteris,
1556 2579 1635 2652 quae
1655 2555 1827 2646 aderaut,

237 2693 314 2742 non
334 2671 385 2742 sic
405 2671 575 2745 accedere
597 2672 824 2745 audentibus.
846 2678 945 2744 Tunc
969 2673 1114 2769 angelos
1133 2697 1174 2744 ac
1197 2670 1328 2744 deinde
1354 2673 1550 2745 Dominum
1570 2676 1684 2773 prima
1710 2674 1831 2749 videre

238 2791 388 2880 meruit;
409 2815 451 2863 ac
471 2791 640 2892 deinceps
656 2793 766 2865 altera
782 2794 908 2879 Maria,
931 2818 1009 2890 quae
1022 2793 1122 2890 juxta
1140 2792 1365 2883 Mattbaeum,
1384 2818 1469 2866 cum
1487 2819 1530 2866 ea
1548 2811 1694 2868 venerat
1713 2799 1829 2897 prius,

238 2909 435 3003 accedens,
468 2927 503 2984 et
530 2928 693 2985 metuens
722 2913 840 2985 adhuc
867 2912 1053 3000 custodeS,
1083 2914 1146 3011 qui
1163 2912 1332 3004 aderant,
1362 2914 1552 2987 consolata
1581 2931 1665 2988 suut
1689 2917 1828 3008 ambae,

242 3057 356 3129 quum
372 3033 418 3104 ad
439 3047 538 3112 terne
555 3049 693 3106 motum
707 3088 716 3125 ,
736 3049 772 3106 et
788 3034 835 3106 ad
846 3035 1107 3134 apparitionem
1120 3035 1235 3133 angeli
1249 3034 1403 3107 sedentis
1414 3061 1521 3134 super
1533 3037 1707 3137 lapidem,
1723 3064 1832 3135 quem

240 3150 460 3244 revolverat,
489 3155 644 3227 exterriti
671 3171 755 3228 sunt
775 3155 940 3228 custodes
969 3171 1005 3227 et
1024 3155 1105 3228 lacti
1126 3171 1209 3228 sunt
1236 3157 1509 3229 velut²mortui
1531 3158 1670 3246 Quibus
1693 3159 1834 3234 duabus

242 3271 408 3380 euntibus
426 3274 590 3346 nuntiare
610 3273 790 3372 discipulis
810 3275 909 3371 quod
928 3274 1073 3372 angelus
1091 3290 1325 3374 praeeperat,
1346 3277 1503 3349 occurrit
1523 3281 1623 3350 lesus
1643 3278 1833 3370 illissimul
1905 3309 1910 3316 ⁸

241 3392 402 3465 secundo
429 3418 618 3494 apparens.
645 3393 727 3467 lltae
746 3409 887 3486 autem,
910 3421 989 3493 quae
1004 3395 1202 3468 timidiores
1219 3410 1256 3467 et
1274 3395 1489 3468 infirmiores
1514 3397 1654 3471 fuerant
1675 3400 1713 3471 in
1737 3399 1832 3493 fide,

242 3537 468 3611 nequaquam
487 3529 575 3586 tunc
594 3517 791 3587 Dominum
814 3531 1021 3588 meruerunt
1039 3515 1183 3607 videre;
1210 3515 1274 3588 sed
1294 3531 1329 3587 et
1355 3531 1491 3588 tautum
1510 3517 1643 3614 angelis
1662 3522 1834 3594 nuntian-

243 3632 339 3704 tibus
368 3657 451 3704 enm
480 3633 666 3707 audierant
694 3637 937 3708 resurrexisse.
967 3640 1011 3712 Et
1032 3635 1115 3708 ideo
1135 3661 1247 3733 quum
1275 3661 1350 3709 non
1372 3661 1499 3710 omnes
1523 3639 1703 3735 aequaliter
1731 3667 1837 3740 super

244 3749 315 3822 hoc
335 3752 433 3850 prius
453 3767 570 3826 essent
590 3767 712 3844 certae,
740 3755 839 3853 prius
865 3779 992 3826 omnes
1016 3763 1223 3842 tacuerunt,
1254 3770 1290 3828 et
1312 3755 1526 3828 distulerunt
1543 3757 1632 3830 illud
1656 3760 1837 3861 discipulis

244 3873 431 3962 nuntiare,
461 3871 598 3970 pavidae
628 3872 747 3944 adhuc
772 3888 807 3946 et
835 3871 1087 3971 obstupefacta
1113 3873 1158 3945 de
1182 3873 1340 3970 angelica
1359 3876 1517 3967 visione,
1541 3893 1577 3949 et
1603 3896 1764 3954 verentes
1790 3907 1835 3954 ne

245 3991 313 4063 sibi
332 3994 447 4062 statim
466 4016 540 4064 non
561 3992 789 4082 crederetur,
812 3992 929 4064 donec
950 3991 1111 4091 pluribus
1129 3992 1196 4064 sibi
1214 3995 1408 4090 aggregatis
1433 3995 1671 4071 confidentius
1696 4000 1836 4074 dicere-

247 4125 317 4182 tur.
339 4111 445 4184 Unde
461 4127 603 4211 postea,
627 4127 666 4184 ut
683 4116 794 4184 Lucas
813 4113 995 4202 meminit,
1018 4113 1094 4211 ipsa
1107 4112 1334 4210 Magdalene,
1353 4130 1389 4186 et
1406 4119 1567 4206 loanna,
1594 4132 1629 4189 et
1650 4121 1760 4193 Maria
1773 4127 1836 4195 la·-

247 4230 351 4322 cobi,
375 4248 410 4303 et
428 4247 581 4323 caeterae,
600 4257 772 4330 quaecum
791 4234 972 4323 ciserant,
1000 4231 1165 4305 dicebaut
1186 4233 1233 4304 ad
1254 4234 1435 4332 apostolos
1453 4235 1541 4309 haec.
1563 4237 1701 4327 Quibus
1713 4245 1837 4315 Petrus

247 4352 286 4424 in
307 4351 379 4424 fide
397 4351 534 4425 firmior
550 4354 683 4426 caeteris
699 4352 769 4424 hoc
788 4377 861 4424 non
880 4352 1130 4442 credentibus,
1150 4354 1278 4426 iterum
1295 4355 1452 4426 cucurrit
1468 4355 1516 4427 ad
1538 4345 1836 4454 monumentum3

247 4487 285 4544 et
302 4497 415 4570 quum
434 4497 501 4545 nec
520 4471 684 4569 angelos,
709 4497 776 4544 nec
796 4473 993 4544 Dominum
1011 4472 1175 4562 vidisset,
1200 4472 1305 4545 rediit
1316 4474 1546 4548 vehementer
1558 4477 1749 4554 admirans.
1768 4487 1838 4572 Qui

245 4615 363 4689 quum
391 4593 619 4665 vehementer
643 4605 800 4690 stuperet
825 4591 871 4663 de
898 4591 1179 4690 apparitionibus
1200 4592 1438 4689 augelorum,
1463 4596 1536 4668 sive
1562 4600 1732 4691 Domini,
1759 4629 1839 4701 quae

244 4712 350 4784 factae
369 4712 507 4784 fuerant
527 4711 734 4785 mulieribus
751 4712 870 4812 potius
889 4735 998 4810 quam
1019 4713 1050 4783 ei
1072 4709 1128 4783 vel
1149 4711 1351 4810 discipulis,
1371 4737 1417 4786 ne
1435 4713 1496 4786 diu
1511 4717 1548 4786 in
1561 4716 1783 4795 dubitatione
1804 4741 1840 4796 et

243 4831 419 4904 moestitia
445 4833 670 4932 persisteret,
693 4831 749 4905 vel
769 4832 947 4904 credimus
966 4848 1051 4903 tunc
1079 4831 1113 4904 ei
1142 4833 1338 4905 Dominum
1366 4837 1590 4933 apparuisse,
1617 4841 1706 4910 sicut
1729 4846 1840 4916 Lucas

241 4952 360 5024 refert
381 4952 563 5049 apostolos
588 4952 729 5039 dicere,
756 4951 857 5050 quod
878 4983 896 5021 u
920 4953 1071 5026 surrexit
1088 4953 1264 5025 Dominus
1283 4977 1385 5044 vere,
1411 4969 1445 5026 et
1470 4959 1633 5055 apparuit
1650 4961 1799 5034 Simoni.
1820 4993 1838 5031 n

320 5227 363 5304 va
372 5225 435 5277 coa.
445 5223 498 5263 -2
513 5226 581 5276 saue
594 5225 654 5276 coa.
