4486 6100
432 580 505 655 334
1028 585 1157 656 PETRI
1183 585 1418 662 ABAELARDI

805 781 827 833 l.

487 917 558 954 PllTlll
579 917 711 956 inmisso!
729 918 857 956 ruamus
877 919 946 958 DlNAE
965 920 1043 958 mlle
1059 920 1147 958 ticos.

468 1149 586 1206 Abrohas
600 1149 691 1223 proles
702 1151 785 1208 lsrael
796 1156 803 1186 ¹
819 1165 896 1222 nata,

467 1241 694 1297 Patriarclrarum
707 1245 842 1318 sauguine
854 1245 942 1315 clara,

467 1333 660 1388 Incircumcisi
671 1333 724 1388 tiri
739 1336 851 1408 rapina,

468 1423 599 1478 Hominis
612 1423 700 1496 spurii
715 1423 785 1480 lacta
800 1443 861 1480 sum
876 1425 976 1498 preda.

468 1513 589 1570 Generis
600 1515 688 1570 sancti
702 1515 809 1570 macula
823 1534 945 1586 summa,

469 1603 559 1660 Plebis
571 1603 689 1660 adverse
700 1605 774 1660 ludis
786 1605 879 1661 illusa!

460 1721 464 1728 ·
543 1694 592 1751 Vae
604 1693 675 1749 mihi
690 1695 796 1750 miserae

541 1785 595 1839 Per
607 1795 711 1840 memet
723 1783 857 1857 perdite!

436 1913 513 1984 Quid
526 1913 695 1987 alienigenas
704 1914 716 1946 ⁸
725 1897 840 1986 juvaba't
850 1932 896 1970 me
908 1915 1041 1969 cernere?

436 2006 528 2074 Quam
540 2002 612 2059 male
625 2021 687 2058 sum
698 2004 809 2077 cognita
821 2003 915 2060 volens
926 2003 977 2059 has
988 2005 1194 2078 cognoscere?
1208 2025 1211 2034 ·

542 2093 592 2151 Vn
605 2093 675 2148 mihi
688 2095 808 2158 miserae,

540 2184 596 2238 Per
609 2192 712 2239 memet
722 2182 851 2257 perditae!

525 2312 637 2368 Sichem
651 2313 680 2368 in
692 2314 809 2368 exitium

526 2399 597 2456 Nate
609 2401 650 2455 tui
664 2401 788 2474 generis,

527 2487 637 2545 Nostris
647 2490 677 2546 in
689 2490 872 2564 opprobrium

525 2581 628 2654 Perpes
639 2580 710 2636 lacta
721 2581 853 2654 posteris!

543 2669 594 2726 Vn
605 2669 658 2724 tibi
671 2669 774 2725 misero

542 2759 597 2814 Per
608 2768 695 2815 temet
706 2759 832 2833 perdito!

526 2890 639 2944 Frustra
652 2889 828 2945 circumcisio

525 2979 604 3035 Fecit
615 2989 642 3034 te
654 2979 824 3054 proselytum
835 3022 843 3051 ‚

526 3070 588 3124 Non
600 3069 692 3125 volens
703 3069 823 3124 infamiae

525 3158 637 3214 Tollere
649 3160 826 3233 preputium.

543 3248 594 3306 Ve
607 3248 660 3305 tibi
672 3249 774 3303 misero

544 3339 600 3394 Per
611 3348 697 3394 temet
707 3336 831 3412 perdito!

526 3469 646 3524 Coactus
660 3485 704 3522 me
716 3483 827 3538 rapem,

529 3559 589 3613 Mea
601 3567 698 3630 raptus
709 3554 816 3630 specie,

528 3647 633 3718 Quouis
645 3663 741 3718 expers
753 3643 837 3699 veniae

528 3737 592 3791 Non
604 3736 701 3792 fuisses
709 3733 815 3807 judice.

547 3865 610 3921 Non
624 3865 664 3920 sic
678 3863 832 3930 censuistis,

546 3954 659 4011 Simeon
669 3963 699 4008 et
711 3951 791 4020 Levi,

546 4045 580 4100 In
591 4045 645 4099 hoc
658 4044 731 4099 facto
742 4041 826 4096 nimis
835 4050 846 4077 ⁴

545 4132 680 4188 Crudeles
692 4143 720 4188 et
730 4131 781 4206 pii.

511 4265 677 4320 innocentes
689 4265 850 4336 coaeqnastis

547 4357 580 4410 ln
594 4371 673 4428 poena
685 4352 811 4420 nocenti,

424 4475 426 4478 ·
510 4446 588 4517 Quin
600 4453 629 4498 et
641 4453 748 4516 patrem
764 4441 958 4515 perturbastis,

547 4534 595 4591 Ob
607 4534 665 4589 haec
678 4532 835 4589 execrandi.

476 4717 483 4744 ¹
501 4715 584 4769 Greitlr
597 4715 704 4767 Israelis.
715 4741 744 4752 -
758 4713 864 4767 'Groith
874 4719 1013 4781 alienigenis

639 4821 705 4867 Qum
714 4819 765 4858 mole
773 4831 818 4859 sum
826 4819 910 4872 cognita

640 4893 714 4934 lolem
722 4891 759 4934 hu
764 4901 894 4945 sormam.
953 4911 956 4920 =

442 4987 493 5027 —⁴
505 4985 607 5037 Greitha

639 5081 662 5120 ln
672 5079 743 5119 Mem
752 5079 806 5120 lecto

640 5153 705 5193 llinis
713 5151 806 5194 crudeles
814 5161 834 5192 et
842 5155 879 5206 pii.

1333 729 1444 785 Amoris
1456 730 1602 802 impulsio,

1333 817 1428 892 Culpa·
1440 819 1638 889 sanctificatio,

1333 908 1465 979 Quibus*
1480 919 1547 966 sunt
1557 908 1668 982 judicio

1331 997 1427 1072 cntpae
1439 999 1611 1057 diminutio?

1315 1119 1393 1176 Levis
1404 1131 1467 1178 etas
1475 1120 1606 1195 juvenilis

1353 1211 1501 1286 Minusque
1514 1212 1648 1280 discreta,

1315 1300 1401 1356 Ferre
1414 1301 1543 1356 minoras‘
1556 1300 1682 1358 discretis

1351 1391 1454 1448 Debuit
1467 1393 1497 1448 in
1509 1411 1600 1466 poens.

1317 1513 1361 1568 Ira
1373 1514 1492 1569 fratrum
1504 1531 1538 1570 ex
1548 1513 1658 1570 honore

1351 1603 1417 1660 Fuit
1429 1602 1572 1674 lenienda,

1316 1695 1408 1766 Quem
1425 1695 1470 1749 his
1482 1695 1549 1750 fecit
1559 1697 1690 1768 princeps
1701 1704 1780 1749 terre

1352 1784 1442 1840 Ducta
1453 1785 1610 1858 peregrina.

1387 1905 1437 1962 Van
1449 1902 1538 1970 milri,

1389 1994 1438 2051 Vae
1450 1993 1520 2062 tibi,

1337 2083 1494 2140 Miserande
1503 2083 1631 2155 juvenis,

1388 2173 1423 2228 In
1435 2185 1556 2248 stragem

1389 2263 1575 2318 Communem
1588 2267 1597 2293 ¹

1338 2354 1439 2408 Gentis
1450 2364 1531 2410 tantae
1544 2351 1684 2408 concidis!

1616 2529 1655 2582 11.

1378 2654 1506 2691 tituenus
1524 2654 1600 2691 ticon
1618 2655 1694 2692 sum
1712 2654 1801 2694 rtntos
1820 2659 1888 2694 SUOS.

1339 2863 1466 2920 Infelices
1477 2863 1542 2933 filii,

1339 2953 1421 3009 Patre
1432 2953 1490 3009 nati
1503 2953 1621 3022 misero,

1339 3043 1418 3098 Novo
1431 3061 1493 3099 meo
1505 3043 1601 3098 sceleri

1341 3133 1417 3188 Talis
1429 3132 1512 3189 datur
1525 3134 1606 3189 ultio.

1339 3275 1428 3347 Cujus
1440 3285 1482 3330 est
1494 3275 1594 3349 flagitii

1340 3365 1464 3420 Tantum
1477 3364 1611 3422 damnum
1624 3369 1726 3440 passio,

1222 3455 1226 3464 '
1341 3453 1406 3524 Quo
1418 3465 1532 3528 peccato
1544 3456 1635 3512 merui

1340 3545 1401 3600 Hoc
1412 3544 1490 3600 feriri
1503 3544 1616 3619 gladio?

1338 3667 1442 3740 loseph
1454 3666 1539 3722 decus
1554 3671 1677 3741 generis,

1338 3754 1478 3811 Filiorum
1491 3757 1593 3830 gloria.

1339 3844 1492 3904 Devomtus
1505 3847 1602 3904 bestiis

1339 3927 1433 3992 Morte
1446 3939 1504 3992 ruit
1516 3941 1644 4011 pessima.

1338 4059 1452 4118 Simeon
1465 4062 1495 4117 in
1508 4065 1626 4121 vinculis

1339 4149 1402 4207 Mea
1413 4151 1467 4207 luit
1478 4154 1614 4221 crimina;

1338 4240 1406 4295 Post
1419 4253 1538 4298 matrem
1550 4257 1579 4298 et
1590 4244 1735 4319 Benjnmin

1339 4330 1422 4386 Nunc
1433 4333 1512 4388 amisi
1525 4333 1635 4406 gandia.

1281 4453 1282 4458 ’
1323 4441 1427 4515 loseph
1441 4442 1558 4498 fratrum
1574 4445 1692 4513 invidia,

1322 4531 1420 4586 Divina
1435 4531 1541 4604 pollens
1553 4537 1660 4608 gratia,

1016 4753 1023 4767 .
1038 4744 1066 4753 -
1079 4717 1089 4744 ⁸
1102 4716 1188 4768 Grsith
1201 4735 1208 4767 t
1252 4741 1280 4752 -
1294 4711 1397 4766 'Greith
1408 4720 1471 4778 quia.
1483 4742 1513 4752 -
1524 4713 1535 4744 ⁸
1548 4718 1633 4770 Greitls
1649 4725 1727 4774 minus
1740 4739 1755 4774 o

1475 4840 1509 4880 vn
1518 4841 1581 4888 nihi,
1592 4855 1622 4884 vn
1630 4843 1669 4883 tihi

1462 4913 1576 4954 lllsertndc
1584 4917 1678 4969 juvenis,

1478 4987 1500 5026 lu
1509 4993 1598 5040 strigem
1606 5001 1741 5034 comminuam.
