4496 6102
452 635 523 705 aro
1047 635 1175 707 earm
1202 636 1435 738 lunanum

452 788 488 844 et
505 775 618 872 ipsam
637 775 742 845 etiam
763 775 918 872 pecccati
942 800 1084 874 poenam
1106 776 1217 848 coetos
1239 776 1431 850 reserando
1451 776 1580 848 deleat.
1606 775 1708 848 Unde
1728 791 1763 848 et
1782 775 1875 849 bene
1893 775 1963 850 hoc
1979 801 2035 852 sa-

451 909 672 967 cramentum
697 920 803 993 super
823 909 939 967 totum
961 896 1163 991 hominem,
1187 923 1261 970 non
1283 901 1320 970 in
1338 899 1455 996 aliqua
1477 899 1552 993 ejus
1577 912 1676 997 parte
1699 897 1835 996 agitur:
1859 924 1934 997 quo
1952 916 2034 999 post

451 1015 640 1087 Salvatoris
656 1016 808 1088 hostiam
822 1017 868 1087 ita
881 1019 1021 1116 penitus
1032 1034 1219 1116 peccatum
1232 1018 1381 1111 deletur,
1400 1034 1439 1090 ut
1456 1042 1563 1118 poeua
1577 1043 1722 1116 quoque
1735 1019 1870 1117 peccati
1884 1021 2033 1090 omuino

367 1165 369 1170 ·
451 1135 636 1208 relaxetur.
674 1134 783 1223 Quod
812 1137 917 1206 etiam
953 1152 1213 1209 sacramentum
1243 1153 1342 1212 tanto
1373 1138 1524 1237 amplius
1553 1136 1725 1210 dominici
1754 1139 1928 1210 adventus
1960 1163 2036 1235 gra·
2060 1113 2066 1126 ι

451 1258 535 1328 tiam
551 1255 798 1345 commendat,
820 1271 954 1352 quanto
970 1273 1005 1328 et
1019 1257 1063 1328 ad
1081 1258 1230 1330 salutem
1249 1259 1437 1356 perfectius
1457 1273 1525 1348 est,
1547 1273 1582 1329 et
1600 1258 1644 1330 ad
1664 1258 1889 1330 tolerandum
1907 1257 2032 1348 levius,

451 1392 490 1447 ut
508 1391 606 1448 tanto
625 1376 681 1448 lex
702 1399 795 1447 nova
814 1379 858 1447 sit
876 1379 1020 1473 gratior,
1037 1393 1171 1475 quanto
1186 1403 1264 1475 quae
1283 1380 1458 1478 praecessit
1476 1380 1588 1451 suerat
1601 1381 1808 1451 onerosior:
1825 1380 1934 1477 etqui
1950 1378 2035 1475 legis

447 1498 572 1593 jugum
593 1496 683 1568 ferre
706 1513 964 1568 consueverant
982 1497 1147 1594 gentiles,
1169 1497 1265 1570 nulla
1284 1514 1588 1570 sacramentorum
1610 1497 1815 1570 difficultate
1836 1497 1892 1570 vel
1915 1496 2034 1569 multi·

451 1617 574 1688 tudine
600 1617 710 1688 territi
734 1616 1001 1714 repellerentur.
1034 1623 1158 1715 Aquo
1182 1617 1328 1714 quidem
1353 1618 1471 1690 oneris
1497 1619 1700 1715 gravamine
1723 1617 1770 1689 ad
1797 1616 2034 1714 evangelicam

449 1735 649 1808 libertatem
671 1737 848 1808 Dominus
873 1737 1024 1807 invitans
1049 1736 1205 1808 aiebat¹:
1227 1739 1389 1810 «Venite
1411 1738 1457 1809 ad
1480 1762 1538 1810 me
1560 1739 1623 1836 qui
1646 1737 1814 1809 laboratis
1840 1753 1877 1809 et
1897 1737 2034 1810 onerati

450 1859 544 1928 estis.
571 1857 695 1928 Tollite
714 1858 840 1953 jugum
862 1881 982 1928 meum
1005 1881 1113 1954 super
1135 1882 1216 1947 vos,
1244 1872 1279 1928 et
1301 1858 1424 1929 discite
1443 1883 1464 1928 a
1484 1883 1542 1929 me
1567 1858 1651 1954 quia
1673 1858 1766 1928 mitis
1788 1881 1880 1928 sum.
1905 1862 2034 1954 Jugum

450 1978 547 2048 enim
568 2001 687 2048 meum
710 2001 816 2047 suave
830 1991 898 2065 est,
918 1991 953 2048 et
966 1999 1058 2048 onus
1080 2001 1199 2048 meum
1217 1975 1307 2050 leve.
1324 2005 1341 2044 u
1359 1982 1405 2048 Ut
1423 1979 1520 2048 enim
1539 1960 1706 2074 legalium
1724 1975 1962 2048 vindictarum
1982 2001 2035 2047 se-

451 2097 634 2166 veritatem
653 2110 920 2193 praetereamus,
945 2095 1006 2167 ubi
1027 2095 1208 2167 Dicitur¹z
1233 2125 1250 2164 n
1268 2101 1419 2168 Dentem
1442 2097 1650 2196 prodente,
1671 2111 1755 2186 ete,
1774 2123 1792 2164 n
1820 2097 1900 2193 quis
1926 2098 2034 2168 vitam

451 2231 572 2286 tenera
598 2231 698 2312 parte
717 2217 878 2312 corporis
896 2217 1007 2288 acutis
1028 2215 1204 2313 lapidibus
1221 2215 1427 2288 circumcidi
1451 2241 1524 2288 non
1549 2215 1716 2288 horreat?
1744 2219 1823 2288 Non
1845 2217 1941 2288 enim
1964 2216 2034 2288 alio

450 2338 686 2408 instrumento
711 2336 805 2408 hanc
829 2336 905 2408 fieri
927 2336 1199 2426 lex'monstrat‚
1220 2363 1333 2435 quum
1354 2353 1389 2410 et
1414 2337 1574 2436 Sephora
1599 2360 1688 2408 uxor
1712 2339 1825 2434 Moysi
1849 2337 1899 2408 sic
1921 2336 2034 2408 filium

451 2455 713 2563 circumcidisse
731 2455 931 2557 scribatur³,
957 2473 991 2530 et
1007 2462 1112 2530 losue
1131 2458 1251 2530 cultris
1269 2457 1417 2557 lapideis
1439 2483 1480 2529 ex
1498 2472 1675 2556 praecepto
1693 2457 1838 2529 Domini
1859 2457 2035 2556 populum

452 2569 751 2647 circumciderit⁴:
775 2601 982 2673 quanquam
1004 2576 1038 2647 id
1064 2577 1174 2649 modo
1199 2601 1267 2676 pro
1285 2576 1492 2648 difficultate
1514 2578 1566 2648 rei
1586 2601 1814 2674 nequaqnam
1834 2576 1945 2648 Judoei
1969 2576 2036 2647 ob·

452 2712 604 2768 servent.
630 2696 738 2783 Quod
760 2696 946 2794 diligenter
965 2697 1210 2796 apostolorum
1231 2698 1398 2797 princeps
1417 2695 1666 2786 considerans,
1687 2697 1871 2768 manifeste
1892 2696 2033 2786 fatetur,

369 2805 376 2818 ⁵
451 2840 568 2914 neque
589 2841 643 2906 se,
668 2841 785 2913 neque
806 2832 924 2915 patres
949 2841 1033 2888 suos
1053 2817 1179 2914 jugum
1203 2817 1289 2915 legis
1314 2829 1458 2916 portare
1482 2817 1652 2914 potuisse.
1681 2819 1753 2888 Nec
1781 2815 1898 2887 solum
1923 2815 2038 2914 perle-

450 2936 568 3007 ctione
590 2935 644 3007 vel
666 2935 809 3008 lenitate
830 2938 883 3008 sui
903 2935 1099 3034 baptismus
1121 2935 1414 3024 commendatur,
1440 2935 1672 3007 verumetiam
1693 2933 1848 3032 quadam
1868 2935 1905 3005 in
1924 2949 2039 3006 semet

451 3058 568 3154 specie
587 3057 727 3129 decoris
747 3056 955 3148 adornatur,
977 3082 1089 3154 quum
1110 3056 1274 3130 videlicet
1292 3055 1457 3154 quaelibet
1477 3056 1596 3128 anima
1611 3058 1688 3128 Deo
1707 3053 1909 3154 copulanda
1930 3053 2039 3150 hujus
2112 3043 2117 3051 ¹

451 3175 633 3248 ablutione
663 3178 876 3248 sacramenti
900 3177 1154 3247 convenienter
1183 3178 1327 3266 innuat,
1361 3176 1543 3248 neminem
1568 3175 1620 3268 ei,
1650 3175 1718 3246 nisi
1742 3177 1804 3272 qui
1829 3199 1849 3248 a
1873 3173 2041 3246 sordibus

452 3297 588 3392 peccati
609 3295 703 3368 lotus
721 3297 845 3385 fucrit,
868 3295 1006 3366 sociari.
1032 3292 1225 3382 Quoddam
1249 3319 1406 3392 namque
1431 3293 1591 3393 specialis
1614 3295 1900 3393 desponsationis
1914 3295 2043 3389 conju·

454 3417 550 3510 gium
569 3417 605 3486 in
624 3415 835 3514 baptismate
853 3423 937 3486 cum
954 3419 1031 3486 neo
1050 3416 1199 3506 inimus,
1214 3441 1326 3513 quum
1344 3417 1442 3514 prius
1461 3417 1498 3486 in
1516 3417 1686 3487 scrutinio
1705 3414 2043 3486 catechuminorum

454 3537 487 3606 ei
503 3536 696 3634 sponsione
715 3551 837 3608 nostra
854 3535 1014 3608 loederati
1032 3551 1066 3608 et
1084 3538 1185 3634 quasi
1205 3537 1426 3636 desponsati,
1451 3535 1684 3636 postmodum
1705 3537 1741 3607 in
1764 3535 1942 3634 baptismo
1960 3559 2045 3605 cor·

452 3658 533 3754 pori
547 3657 639 3753 ejus,
660 3657 759 3754 quod
776 3674 828 3730 est
845 3658 1016 3749 Ecclesia,
1034 3660 1307 3750 convenimur⁸3
1329 3674 1500 3756 tanquam
1519 3660 1548 3730 si
1564 3681 1696 3757 sponsa
1714 3671 1795 3756 post
1812 3655 1984 3728 balneum
2005 3655 2047 3725 in

454 3775 638 3876 amplexus
659 3776 781 3873 sponsi
802 3776 1023 3874 suscipiatur.
1049 3780 1140 3847 Sunt
1159 3779 1220 3873 qui
1241 3779 1347 3850 etiarn
1370 3778 1678 3850 circumcisionem
1694 3774 1741 3847 ad
1759 3773 1939 3872 originalis
1955 3800 2047 3872 pec-

455 3897 539 3987 cati,
562 3897 634 3968 sive
654 3895 844 3968 actualium
863 3921 1008 3994 quoque
1025 3897 1270 3970 remissionem
1286 3896 1439 3969 dixerint
1452 3899 1556 3968 luisse
1573 3898 1827 3984 necessariam,
1848 3910 1883 3966 et
1900 3893 1951 3966 ob
1969 3894 2051 3966 hoc

454 4016 662 4087 institutam.
692 4014 801 4087 Nobis
821 4031 940 4088 autern
959 4016 1034 4107 illa,
1058 4041 1167 4115 quam
1188 4041 1294 4115 supra
1312 4015 1550 4106 reddidimus,
1572 4040 1678 4087 causa
1696 4013 1914 4114 probabilior
1932 4029 2051 4111 atque

455 4137 697 4211 rationabilior
713 4138 871 4227 videtur;
893 4163 1006 4234 quum
1023 4137 1187 4210 videlicet
1202 4151 1339 4209 constet
1357 4139 1493 4236 priores
1507 4138 1623 4234 justos
1638 4136 1710 4208 hoc
1730 4151 1956 4208 sacramento
1975 4157 2051 4208 ne-

456 4283 636 4358 quaquam
653 4261 806 4358 eguisse,
828 4285 895 4330 nec
914 4259 1079 4350 feminas,
1100 4285 1178 4356 quae
1197 4257 1332 4330 eisdem
1345 4257 1505 4355 obligatas
1525 4273 1608 4330 sunt
1625 4258 1796 4356 peccatis,
1818 4272 1853 4328 et
1869 4281 1890 4327 a
1908 4256 2056 4353 quibus

455 4393 642 4479 peccatum
657 4377 802 4474 incoepit
823 4377 860 4447 in
877 4375 999 4468 nobis,
1024 4361 1096 4448 lioc
1113 4391 1334 4449 sacramento
1349 4376 1571 4449 sanctificari.
1593 4377 1681 4464 Quis
1698 4377 1804 4448 etiam
1820 4373 1961 4446 dubitet
1981 4399 2057 4447 an-

457 4503 554 4598 tiqua
573 4513 793 4572 sacramenta
812 4497 1023 4571 excellentiae
1043 4524 1220 4571 novorum
1232 4498 1391 4570 ‘multum
1406 4498 1619 4596 derogatura
1632 4521 1725 4588 esse,
1739 4511 1774 4568 et
1791 4498 1828 4567 in
1847 4497 2063 4569 martimum

457 4648 615 4695 errorem
638 4647 705 4693 nos
725 4635 895 4711 tractura,
919 4622 946 4692 si
970 4622 1044 4721 ipsa
1064 4645 1209 4718 quoque
1224 4645 1308 4692 cum
1325 4621 1428 4692 novis
1446 4622 1578 4719 pariter
1595 4633 1820 4693 remanerent
1841 4646 1848 4688 :
1870 4633 2066 4715 tanquam

457 4743 532 4815 haec
545 4744 676 4815 scilicet
690 4744 766 4814 sine
781 4741 848 4815 illis
862 4741 1023 4814 sufficere
1037 4767 1111 4814 non
1127 4742 1307 4815 valerent?
1326 4743 1407 4814 Haec
1420 4740 1468 4813 ad
1480 4744 1681 4841 propositas
1695 4742 1784 4815 duas
1798 4742 1936 4838 priores
1947 4766 2068 4840 quae·

458 4865 611 4935 stiones:
628 4862 674 4933 de
685 4861 904 4934 institutione
916 4862 1047 4934 scilicet
1058 4861 1334 4934 circumcisionis
1348 4887 1409 4934 seu
1421 4860 1521 4958 legis,
1537 4876 1570 4933 et
1580 4859 1812 4960 postmodum
1826 4859 2067 4951 cessatione,

458 4981 552 5053 dicta
569 5006 667 5053 nunc
683 4979 870 5054 sufficiant.

493 5167 500 5192 ¹
516 5167 612 5228 llattb„
626 5181 680 5233 eap.
697 5184 735 5229 ru,
749 5185 772 5219 r.
789 5170 829 5218 28.
841 5193 872 5204 ·-
885 5166 894 5194 ¹
909 5168 994 5228 levit„
1012 5183 1066 5236 cap.
1089 5183 1156 5229 xxrv,
1168 5183 1191 5218 v.
1213 5167 1253 5218 20.
1267 5165 1321 5204 -'
1336 5167 1431 5226 Esou„
1450 5181 1507 5232 etp.
1529 5182 1563 5230 u,
1576 5181 1598 5216 v.
1613 5165 1654 5214 25.
1667 5162 1816 5221 -‘Jome,
1828 5177 1884 5229 cap.
1899 5178 1924 5224 r,
1934 5177 1968 5212 v.
1986 5165 2017 5214 2.
2035 5189 2076 5204 —

458 5255 469 5282 ⁸
483 5257 523 5308 Sic
538 5256 608 5309 Amb.
618 5257 677 5306 -An
698 5273 745 5307 non
761 5257 946 5323 conjungimur?
