4522 6104
724 521 958 600 exrosnto
983 527 1028 600 lN
1052 517 1347 598 HEXAMERON.
1699 516 1702 522 ’
1758 519 1830 599 655

249 666 285 738 iu
301 691 340 738 se
355 665 579 756 deiecerunt,
602 691 670 740 nce
689 667 911 765 jameadem
932 685 1083 738 numero
1104 679 1318 764 permanent
1339 683 1419 762 quae
1441 663 1541 762 prius
1562 663 1654 736 lacta
1673 680 1773 757 suat,
1794 667 1831 737 in

247 809 314 858 suo
340 800 461 858 tamna
486 803 616 883 genere
641 785 913 889 quodammodo
934 805 1074 885 seraper
1094 787 1239 876 vivunt,
1262 786 1348 882 quia
1370 783 1618 856 decidentibus
1639 784 1833 856 individuis

248 928 359 998 genus
375 905 450 976 sive
465 906 600 1004 speeies
623 929 697 978 non
715 903 866 1004 deperit.
886 906 1021 976 Vivunt
1041 927 1127 1002 ergo
1152 905 1189 976 in
1211 927 1359 1001 genere,
1382 903 1453 974 hoc
1475 916 1528 975 est
1549 905 1586 974 in
1611 903 1728 1001 specie
1748 923 1830 994 sua,

248 1045 327 1118 quae
347 1024 465 1120 primo
489 1041 608 1098 creata
625 1040 728 1114 sunt,
748 1026 813 1096 etsi
832 1025 909 1121 jam
929 1026 966 1095 in
990 1047 1029 1096 se
1051 1044 1125 1096 non
1146 1024 1281 1096 vivant.
1309 1025 1407 1096 Sicut
1432 1037 1468 1094 et
1491 1022 1537 1094 de
1558 1022 1678 1120 aliquo
1703 1022 1834 1094 dicitur

249 1153 402 1236 tyranno
414 1143 490 1238 jam
506 1160 669 1232 mortuo,
686 1144 770 1241 quia
785 1144 874 1215 vivit
888 1144 927 1214 in
947 1139 1028 1214 liliis
1045 1144 1129 1215 suis.
1149 1148 1194 1215 Et
1208 1158 1296 1215 nota
1315 1142 1416 1240 quod
1434 1165 1546 1239 quum
1569 1144 1618 1214 ait
1636 1170 1655 1210 n
1677 1143 1834 1214 animam

248 1260 428 1342 viventem
448 1263 530 1334 urle
551 1262 608 1336 his
631 1249 712 1361 quae
736 1263 783 1335 de
801 1279 900 1336 terra
925 1264 1112 1362 produxit,
1130 1241 1211 1336 ncn'
1231 1262 1362 1359 adjecit
1384 1262 1593 1336 motabilem
1615 1263 1706 1334 sicut
1737 1264 1835 1360 prius

248 1377 367 1452 dehis
393 1407 472 1478 quae
491 1366 598 1480 'aquae
623 1384 893 1482 preduxerunt;
917 1385 1002 1482 quia
1022 1403 1136 1482 quum
1157 1384 1375 1457 elementum
1398 1405 1500 1483 aquae
1520 1384 1632 1456 letius
1653 1385 1699 1456 sit
1720 1399 1832 1474 terra,

249 1499 411 1595 prolecto
443 1503 610 1576 annualia
636 1503 683 1576 de
714 1505 816 1603 aquis
837 1505 1014 1603 producta
1035 1504 1230 1577 faciliorem
1257 1501 1393 1577 habent
1421 1517 1584 1595 monim,
1613 1519 1650 1576 et
1681 1524 1835 1604 corpora

248 1640 375 1690 eorum
404 1619 538 1692 facilius
569 1621 616 1694 ab
636 1623 756 1696 anima
779 1624 916 1696 moveri
939 1637 1049 1721 atquc
1076 1624 1199 1720 agitari
1225 1637 1396 1721 possunt,
1422 1638 1464 1694 ut
1484 1625 1560 1719 jam
1580 1643 1687 1721 supra
1708 1625 1836 1695 mesni—-

250 1761 381 1811 nrmus.

300 1885 318 1924 c
337 1862 517 1932 lumenta.
535 1889 553 1928 u
571 1861 612 1934 ld
628 1877 682 1934 est
695 1855 945 1962 quadrupedia
958 1857 1156 1937 domestica
1171 1863 1274 1962 quasi
1286 1862 1358 1934 sul)
1372 1864 1460 1960 jugo
1477 1877 1513 1936 et
1529 1863 1692 1935 dominic
1709 1877 1834 1934 nostro

250 1978 379 2074 posita.

300 2124 318 2164 «
328 2099 605 2195 lleptiliaterrae.
617 2131 634 2170 u
651 2104 711 2174 Sic
727 2103 824 2175 etaim
836 2101 1062 2201 jungendum
1078 2117 1132 2175 est
1142 2102 1189 2175 ad
1206 2095 1445 2215 differentiam
1461 2102 1595 2176 scilicet
1610 2101 1834 2202 supradicto·

118 2221 122 2229 '
250 2220 528 2318 rumreptilium
544 2244 657 2319 aque.

216 2375 220 2384 ·
301 2365 319 2404 c
336 2339 481 2410 Bestias.
498 2365 516 2406 u
534 2338 708 2412 Videlicet
723 2340 928 2438 sylvestres,
956 2356 996 2414 ut
1014 2341 1122 2432 feras,
1145 2340 1202 2412 vel
1217 2353 1451 2440 quascunque
1468 2355 1628 2413 anostra
1644 2361 1835 2412 conversas

249 2457 349 2528 tione
366 2471 535 2539 remotas.
1761 2471 1766 2481 '

300 2603 319 2642 a
343 2579 388 2648 Et
403 2577 498 2650 lecit.
518 2605 536 2645 u
564 2578 683 2650 Primo
704 2576 822 2650 dixit:
844 2584 1030 2652 «Factum
1053 2593 1108 2651 est
1131 2581 1201 2669 ita,
1221 2607 1240 2647 u
1265 2578 1365 2676 quod
1390 2578 1523 2650 scilicet
1549 2593 1642 2652 terra
1668 2578 1837 2678 produxit

250 2695 434 2784 animalia,
451 2698 651 2770 secundnm
666 2701 829 2798 corporis
845 2699 1083 2772 mantiam
1099 2725 1108 2770 ε
1127 2699 1190 2772 sed
1207 2699 1440 2799 postmodum
1458 2699 1533 2770 haec
1554 2701 1731 2771 Dominus
1746 2717 1834 2770 cons

249 2814 467 2886 summando
484 2815 584 2906 lecit,
602 2819 705 2915 quasi
725 2811 889 2916 perfecit,
914 2818 1061 2890 vitalem
1085 2818 1250 2918 spiritum
1273 2819 1323 2890 eis
1347 2817 1470 2890 dando
1487 2817 1534 2888 de
1549 2839 1663 2915 aqua,
1681 2819 1722 2889 ul
1743 2841 1837 2889 non-

250 2933 357 3006 nullis
372 2936 531 3026 ridetur,
552 2939 627 3010 sive
643 2937 690 3010 de
712 2939 847 3011 (mmsis
863 2938 1067 3028 elementis,
1087 2959 1162 3010 non
1179 2939 1228 3011 ita
1251 2927 1471 3038 corpulentis
1487 2951 1549 3010 aut
1570 2937 1754 3038 gravibus,
1771 2937 1836 3008 sed

250 3056 362 3150 magis
372 3054 509 3128 levibus
520 3071 627 3154 atqrae
636 3057 844 3131 mobilibus.
863 3061 943 3130 Non
957 3056 1089 3131 dlcltur
1099 3063 1195 3130 Deus
1206 3049 1430 3130 benedixisse
1442 3058 1564 3130 bestiis
1578 3058 1669 3128 sicut
1680 3056 1850 3156 piscibus.

250 3187 287 3244 et
301 3173 525 3276 volucripes,
545 3177 628 3273 quia
651 3195 797 3274 serpens
811 3178 876 3247 eui
894 3175 1147 3249 maledicturus
1169 3189 1245 3247 erat
1265 3177 1311 3248 de
1330 3175 1452 3247 bestiis
1471 3190 1559 3247 tunc
1576 3190 1666 3247 erat.
1688 3177 1837 3247 Homini

249 3318 337 3366 vero
358 3293 543 3367 benedixit
561 3317 769 3394 quanquam
790 3311 1003 3394 peccaturus
1021 3309 1132 3385 esset,
1157 3313 1338 3386 naccum,
1357 3296 1421 3368 sed
1438 3310 1570 3368 terram
1586 3312 1735 3394 propter
1751 3318 1837 3367 eum

251 3413 478 3488 rnaledietem
493 3417 593 3488 ditat.

302 3561 320 3601 a
339 3535 522 3606 Faciamus
533 3534 732 3606 hominem.
751 3560 769 3602 a
785 3515 920 3608 Creatis
933 3525 1069 3607 steteris
1086 3521 1255 3608 omnibus
1265 3535 1341 3606 sive
1355 3521 1537 3633 dispositis
1553 3535 1702 3634 propter
1717 3523 1838 3606 horni-

249 3677 354 3742 nem,
373 3675 457 3726 em
476 3657 670 3728 novissime
687 3655 876 3744 condidit,
892 3671 935 3726 et
950 3670 1124 3752 tanesiam
1140 3655 1268 3726 inline
1283 3681 1433 3728 suorum
1453 3678 1605 3755 operum
1623 3657 1808 3728 constituit
1827 3683 1835 3726 :

251 3773 298 3844 ud
323 3796 432 3870 quem
456 3789 629 3871 tanquam
650 3773 762 3845 linem
784 3789 820 3876 et
844 3795 989 3846 causam
1016 3794 1090 3846 suae
1112 3775 1302 3846 creationis
1323 3789 1451 3846 caetera
1476 3777 1599 3874 omnia
1621 3775 1836 3863 tendebant,

250 3911 364 3988 quum
385 3909 535 3992 propter
551 3911 634 3966 eum
650 3893 777 3966 lierent
799 3895 979 3965 universas
999 3893 1103 3964 Unde
1119 3915 1187 3965 nec
1203 3916 1287 3966 eum
1305 3895 1421 3964 creari
1443 3895 1603 3992 oportuit
1617 3895 1687 3966 nisi
1705 3896 1839 3966 caeteris

250 4013 382 4111 qrribus
398 4035 549 4112 pracesse
563 4011 737 4103 debehat,-
754 4009 812 4086 rel
826 4033 907 4112 qrrae
925 4014 993 4112 ipsi
1010 3999 1047 4084 in
1068 4027 1171 4086 esum
1191 4014 1406 4103 necessaria,
1426 4013 1482 4085 vel
1505 4013 1631 4086 saltem
1649 4013 1694 4086 ad
1711 4011 1840 4109 glorifi-

250 4132 410 4204 candum
435 4135 551 4203 Deum
566 4151 727 4229 congrua
747 4145 872 4221 erant,
892 4147 975 4205 ante
990 4134 1117 4218 mestis
1141 4142 1177 4204 et
1199 4134 1232 4204 ei
1255 4133 1478 4232 praeparatis,
1497 4157 1543 4205 ne
1567 4130 1655 4231 quid
1677 4129 1768 4204 sorte
1793 4131 1839 4204 de

189 4235 194 4244 ¹
249 4249 449 4346 indigentia
464 4252 501 4322 in
519 4253 785 4324 assumtionem
806 4253 861 4324 sui
883 4254 1021 4352 peccati
1036 4253 1257 4352 pretendere
1278 4266 1419 4351 posset,
1444 4268 1479 4324 et
1498 4267 1601 4325 tanto
1624 4251 1776 4352 amplius
1793 4249 1839 4324 ab

250 4366 391 4442 offensa
405 4370 472 4441 'Dei
488 4371 649 4442 revocari
670 4384 811 4469 posset,
829 4385 967 4468 quanto
985 4371 1159 4468 majorem
1180 4371 1382 4446 dilectionis
1403 4372 1477 4468 ejus
1500 4395 1645 4445 causam
1667 4371 1836 4461 haberet,

249 4489 416 4584 quicum
438 4489 634 4587 praefecerit
654 4491 848 4580 rmirersls,
868 4490 925 4563 rel
942 4491 1050 4564 etium
1065 4505 1149 4590 pest
1164 4514 1287 4564 casum
1310 4491 1356 4564 ad
1372 4491 1619 4590 paenitentiam
1640 4471 1839 4563 citius'mo·

249 4624 414 4700 veretur,
432 4609 560 4682 dolens
578 4635 616 4682 se
632 4610 733 4683 illum
755 4611 949 4685 offendisse
963 4613 1022 4684 cui
1043 4593 1143 4686 tanta
1163 4612 1332 4686 debebat
1354 4612 1462 4710 Cujus
1483 4613 1630 4712 qtridem
1650 4605 1840 4685 creationis

249 4728 497 4812 excellentiam
515 4746 679 4829 patenter
693 4731 867 4820 insinuat,
887 4751 1001 4829 quum
1009 4729 1114 4831 quasi
1130 4752 1173 4804 ex
1189 4731 1349 4830 quodam
1364 4731 1516 4804 consilio
1532 4731 1705 4829 loquens,
1724 4729 1810 4803 dicit
1828 4757 1836 4799 ε

251 4848 490 4921 «Faciamus.
513 4849 618 4922 »ised
642 4871 706 4921 cur
729 4849 913 4948 pluraliter
936 4851 1094 4923 dicisum
1118 4853 1339 4926 «Faciamus
1362 4851 1549 4923 hominem
1575 4849 1621 4924 ad
1647 4850 1840 4947 imaginem

248 4983 435 5058 nostram,
452 4971 514 5042 »si
538 4969 636 5042 nulla
651 4994 799 5068 prorsus
820 4969 1005 5069 pluralitas
1019 4971 1056 5043 in
1073 4973 1150 5044 Deo
1167 4972 1230 5062 sit,
1246 4972 1308 5069 qui
1325 4970 1421 5044 solus
1437 4971 1623 5043 hominem
1640 4995 1777 5043 creasse
1793 4969 1839 5041 ad

247 5088 450 5182 imaginem
470 5115 572 5164 suam
593 5105 717 5188 postea
734 5105 957 5163 memoratur
973 5091 1030 5164 liis
1044 5090 1163 5163 verbis
1188 5119 1196 5162 :
1218 5120 1235 5160 a
1258 5097 1301 5164 Et
1323 5092 1456 5164 creavit
1477 5095 1573 5165 Deus
1589 5091 1776 5164 hominem
1793 5088 1838 5160 ad
