4600 6098
961 635 965 642 -
1015 579 1213 662 :tubam
1237 582 1530 676 Qouuusttstu·
1559 592 1571 628 ”

1017 746 1028 855 Ι,
1115 786 1188 842 Νοιι
1206 751 1293 854 vsu,
1313 803 1376 860 pag,
1397 789 1426 846 t.
1456 839 1468 851 ,

513 917 729 971 Dialecticorum
742 914 881 967 satiemus
893 919 1067 967 armaturam
1080 910 1210 966 omnibus
1219 910 1404 984 philosophias
1417 911 1592 966 documentis
1601 909 1730 984 'praetuli
1741 941 1777 954 -
1788 912 1878 969 Primi
1891 915 1934 968 sui
1949 917 1980 970 iu
1997 915 2057 970 dia·

477 1008 574 1062 leetica
583 997 875 1079 preceptorisnomeu
886 1002 1077 1077 praetermisit,
1091 1021 1176 1078 quem
1188 1013 1282 1058 tamen
1292 1001 1374 1058 Otho
1385 993 1572 1076 Frisin'gensis
1583 996 1776 1074 Rosceiinum‚
1790 1014 1820 1059 et
1831 997 1985 1061 Aventinus
1997 1002 2057 1060 llu-

476 1097 597 1154 celinum
618 1093 768 1171 quemdam
789 1093 874 1149 inisse
894 1103 1042 1150 testantur.
1057 1093 1182 1150 Otitcnis
1192 1093 1276 1152 uerba
1288 1095 1328 1149 slc
1345 1085 1451 1149 babent
1466 1116 1473 1148 ι
1489 1112 1504 1145 r
1518 1090 1627 1150 Habuit
1641 1104 1736 1150 umen
1751 1096 1842 1168 primo
1860 1107 2056 1172 preceptorum

477 1187 640 1244 liezelinunr
656 1181 822 1262 quemdam,
833 1187 882 1262 qui
894 1187 1004 1260 primus
1014 1188 1117 1242 nostris
1130 1185 1302 1260 temporibus
1314 1184 1344 1241 ita
1357 1186 1447 1259 logica
1460 1187 1627 1244 senentiam
1641 1205 1740 1244 vocum
1754 1189 1904 1246 instituit.»
1918 1191 1952 1246 Et
1965 1184 2057 1249 Aven-

476 1283 527 1336 tini
538 1276 589 1336 iib.
602 1281 644 1334 vt
655 1281 734 1334 Aue.-
743 1279 840 1353 Bop'or.
853 1299 859 1327 ι
872 1301 886 1329 ιι
897 1279 950 1335 His
968 1283 1081 1354 quobus
1096 1279 1272 1352 temporibus
1289 1278 1374 1334 fuisse
1385 1279 1497 1353 reperio
1512 1277 1683 1334 ιιιιιιιιιιιιιιιιΙ
1696 1279 1876 1352 Britannum,
1891 1281 2054 1357 magistrum

473 1373 549 1428 Petri
562 1371 706 1441 Abelardi,
721 1375 785 1428 ucri
796 1368 869 1446 lycasi
881 1371 1065 1441 conditorem,
1080 1373 1129 1447 qui
1141 1373 1248 1444 primus
1260 1371 1404 1428 scientiam
1418 1386 1517 1428 vocum
1531 1367 1755 1428 sisedictionuru
1764 1373 1903 1444 instituit,
1916 1385 1945 1431 et
1955 1390 2054 1430 novam

474 1463 693 1540 philosophandi
701 1461 915 1521 uiaminueuito
926 1465 964 1520 At
975 1465 1025 1540 qui
1038 1465 1187 1520 Britannus
1199 1463 1281 1534 huic,
1295 1463 1424 1520 ιιιιοιιιιι
1433 1466 1572 1540 anonymo
1583 1465 1753 1520 Francorum
1766 1467 1901 1524 historico
1910 1467 2053 1541 Compen-

474 1558 577 1616 dieusis
597 1559 712 1629 dicitur,
723 1569 754 1613 et
767 1559 882 1614 ioannis
899 1559 985 1614 etiam
1003 1557 1148 1630 cujusdam
1169 1559 1198 1612 ιιι
1219 1557 1363 1614 dialectica
1381 1557 1504 1632 potentis
1524 1552 1655 1632 sopbillae
1674 1551 1832 1634 discipulus
1848 1561 1992 1616 astruitur.
2008 1559 2055 1616 sic

473 1654 549 1708 enim
559 1651 710 1706 historicus
717 1649 773 1718 ille,
781 1651 830 1724 qui
838 1650 1025 1723 fragmentum
1036 1649 1158 1703 historie
1168 1649 1341 1704 Francorum
1350 1669 1364 1704 a
1373 1649 1498 1706 Roberto
1508 1648 1545 1704 ad
1554 1648 1718 1723 Pbilip'puns
1729 1650 1743 1704 1
1755 1658 1852 1724 tegetis
1861 1651 2054 1724 scripsitqu

475 1745 617 1802 dialectica
634 1762 747 1820 quoque
760 1743 789 1798 hi
803 1753 930 1816 potentes
948 1743 1103 1798 extiterunt
1119 1741 1264 1816 sophista:
1280 1743 1416 1813 ioannes,
1429 1744 1479 1817 qni
1491 1741 1618 1798 eamdem
1635 1753 1723 1798 artem
1735 1742 1914 1816 sophisticam
1935 1743 2055 1799 vocalem

474 1855 532 1893 esse
546 1837 691 1905 disseruit,
707 1835 849 1890 liebertus
861 1834 1070 1904 Parisiacensis,
1084 1833 1249 1889 Rosceliuus
1262 1834 1507 1908 Compendieusis,
1524 1832 1660 1890 Arnulsus
1675 1833 1884 1902 laudunensis,
1898 1835 1928 1889 Ιιι
1941 1835 2056 1891 ioannis

472 1929 589 1986 sumunt
600 1937 760 1993 sectaturus,
776 1926 825 2001 qui
839 1927 922 1984 etism
936 1943 1020 2000 quam
1036 1924 1130 2000 piures
1142 1924 1304 1984 habueruut
1318 1926 1468 1984 auditores.
1482 1949 1497 1977 a
1510 1925 1569 1982 Nec
1581 1936 1675 1982 tamen
1692 1937 1837 2000 propterea
1858 1925 2052 2000 suspicandtun

470 2032 512 2078 est
523 2021 600 2075 bunc
611 2020 749 2076 Aventino
765 2017 966 2078 contradicere.
982 2017 1056 2073 Fieri
1069 2035 1194 2092 natuque,
1207 2029 1300 2090 potest
1312 2029 1345 2074 ut
1354 2019 1521 2077 iiosceliuus
1540 2017 1571 2074 in
1587 2019 1731 2076 Britannia
1750 2029 1831 2076 natm
1843 2021 1893 2086 sit,
1908 2037 1939 2074 ac
1960 2029 2053 2092 pastea

473 2118 589 2174 clericus
598 2115 633 2170 in
646 2113 762 2170 ecclesia
782 2112 991 2187 compendiensi
1011 2111 1108 2167 suerit.
1122 2112 1158 2166 Et
1174 2109 1404 2170 certe-beccensis
1415 2111 1501 2166 abbas
1512 2112 1678 2180 Ausetanos,
1691 2114 1742 2187 qui
1756 2123 1824 2169 tunc
1837 2112 1969 2183 florebat,
1988 2131 2054 2170 cusa

472 2211 603 2266 clericum
615 2215 760 2282 nuncupat
772 2209 803 2263 in
813 2206 931 2280 epistola
943 2205 983 2262 ad
997 2205 1155 2262 Fulcontm'
1162 2204 1353 2272 belvacensem
1360 2207 1538 2278 episcopum,
1549 2205 1594 2262 his
1605 2205 1697 2264 res-bis
1706 2228 1714 2261 ι
1724 2224 1740 2260 ιι
1752 2205 1858 2276 Audio,
1869 2205 1948 2280 quod
1961 2216 2053 2262 umen

470 2306 573 2378 absque
585 2303 730 2359 dubietate
739 2301 854 2358 credere
865 2312 923 2357 nou
935 2307 1063 2374 possum,
1075 2299 1143 2374 quia
1156 2297 1322 2356 Rosoelinns
1331 2297 1452 2357 chritus
1462 2299 1533 2356 dicit
1543 2301 1576 2357 in
1586 2301 1647 2358 Deo
1657 2311 1715 2358 tres
1728 2317 1860 2374 pmsonas
1868 2314 1928 2358 essc
1942 2310 1998 2356 tres
2009 2318 2054 2356 rea

470 2397 635 2452 abinvicem
649 2399 802 2469 asperitas,
815 2394 969 2450 siuissent
980 2403 1040 2448 tres
1049 2391 1156 2466 angeli,
1171 2393 1211 2449 ita
1223 2402 1317 2448 tamen
1331 2403 1363 2448 ιιι
1375 2411 1432 2448 uua
1442 2391 1481 2448 sit
1492 2391 1661 2450 voluntaset
1674 2403 1794 2468 potestas
1806 2417 1813 2448 ι
1825 2403 1876 2450 aut
1895 2395 2007 2450 Patrem
2024 2405 2053 2448 et

469 2490 606 2564 Spiritum
626 2499 752 2544 sanctum
766 2505 825 2542 esse
836 2488 1025 2554 incarnatum,
1040 2495 1069 2541 et
1081 2495 1137 2540 tres
1148 2485 1221 2540 Deos
1233 2503 1296 2540 vere
1309 2503 1388 2559 posse
1399 2485 1471 2554 dici,
1484 2487 1507 2541 si
1521 2503 1588 2543 usos
1601 2487 1801 2544 admitteret.»
1815 2487 1899 2544 Unde
1914 2498 1944 2544 et
1958 2487 2055 2562 aliquo

467 2582 552 2638 modo
567 2583 705 2655 conjicere
716 2581 798 2650 licet,
813 2598 863 2634 cur
878 2581 976 2634 Petrus
995 2588 1089 2634 noster
1103 2576 1178 2632 illius
1191 2578 1266 2634 inter
1277 2589 1460 2652 preceptores
1472 2595 1537 2636 suos
1552 2598 1608 2638 non
1622 2581 1760 2637 meminit.
1774 2581 1845 2637 Nam
1859 2591 1887 2636 et
1901 2581 1972 2649 Yvo,
1988 2598 2049 2636 car-

467 2676 590 2731 notensis
600 2676 755 2749 episcopus,
769 2673 879 2729 insanas
888 2671 995 2746 aliquot
1007 2670 1157 2727 sententias
1170 2689 1253 2744 super
1261 2671 1431 2746 quibusdam
1442 2671 1600 2730 οιιιιιιιιιιιιι
1609 2671 1674 2729 fidei
1684 2673 1810 2730 articulis
1821 2691 1887 2729 euna
1894 2672 2050 2730 defendisse

467 2768 626 2825 subindicat
640 2768 721 2843 epist.
736 2786 784 2836 vu,
800 2783 969 2842 quamquam
986 2783 1042 2820 non
1056 2766 1189 2838 exprimit
1201 2765 1297 2840 quales
1310 2766 1362 2821 itte
1373 2767 1489 2823 suerint.
1500 2765 1555 2823 Sed
1569 2767 1605 2823 de
1617 2767 1669 2822 isac
1683 2787 1713 2822 re
1726 2766 1853 2842 pluribus
1872 2777 1935 2823 aute
1956 2768 2051 2822 conci·

466 2860 536 2915 lium
549 2861 747 2917 suessionense.
761 2860 786 2914 N
789 2877 844 2913 unc
857 2868 966 2912 tantum
976 2856 1077 2912 addam
1089 2861 1280 2927 ειιιιειιιιιιο,
1293 2857 1387 2933 quod:
1402 2883 1416 2910 e
1429 2861 1469 2916 Eo
1483 2860 1544 2932 ipso
1558 2859 1707 2916 Rosceliuo
1719 2871 1841 2930 auctore,
1854 2861 1911 2916 duo
1923 2860 2052 2914 aristote·

466 2955 584 3012 licorum
596 2967 625 3012 et
636 2956 881 3029 peripateticorum
896 2970 997 3027 genera
1014 2970 1074 3036 pase
1089 2965 1235 3026 coeperunt
1247 2978 1252 3007 :
1266 2947 1354 3008 unun'r
1369 2950 1440 3009 illud
1456 2965 1549 3026 vetus,
1564 2955 1686 3030 locuples
1704 2957 1734 3011 in
1754 2956 1836 3012 rebus
1855 2952 2047 3030 procreandis,

465 3049 542 3121 quod
561 3048 705 3105 scientiam
718 3063 815 3103 rernm
828 3046 881 3101 sibi
895 3045 1034 3112 ιιιιιιιιιιιιι
1047 3045 1231 3118 quamobrem
1243 3046 1330 3104 reales
1342 3059 1493 3118 uocantum
1508 3047 1627 3107 alterum
1642 3067 1759 3118 ιιιιιιιιιι,
1775 3048 1852 3124 quod
1867 3067 1929 3104 eam
1948 3047 2048 3104 distra-

464 3142 523 3208 hit,
547 3142 703 3197 comitiales
722 3140 787 3197 idco
810 3140 979 3213 nuncupati,
993 3139 1077 3213 ¹quod
1100 3141 1173 3196 asari
1190 3159 1298 3209 rerum,
1320 3141 1434 3216 prodigi
1448 3143 1699 3217 nominumatque
1713 3143 1878 3209 ιιοιιοιιιιιιι,
1900 3141 2048 3200 serborusn

464 3235 595 3290 sidentur
614 3255 673 3291 esse
688 3245 847 3290 assertores.
866 3233 900 3288 In
921 3233 999 3288 hisce
1018 3232 1134 3293 duobus
1152 3234 1300 3307 generibus
1319 3235 1465 3291 dissidium
1489 3246 1518 3290 et
1539 3235 1643 3290 bellurn
1664 3236 1744 3291 cisiis
1760 3245 1810 3291 est.
1827 3235 1906 3290 lilius
1927 3235 2061 3290 Thomas.

464 3332 589 3404 Aquinas
611 3328 716 3398 Italus,
739 3340 767 3385 et
792 3330 914 3384 Joauoes
935 3328 1014 3382 Duos
1037 3328 1152 3396 Scotus,
1177 3329 1260 3400 hujus
1285 3329 1453 3387 Vuillelmus
1475 3330 1657 3386 Occomensis
1680 3327 1807 3402 Argius,
1835 3327 2047 3400 antesignani.»

467 3423 549 3496 [Non
562 3425 643 3498 pauci
657 3423 771 3496 quidem
784 3425 814 3479 in
827 3423 872 3478 bis
885 3423 969 3478 rebus
984 3423 1178 3495 versatissimi,
1199 3425 1272 3478 inter
1293 3441 1363 3498 quos
1382 3423 1457 3480 dom.
1470 3423 1553 3478 Rivet
1565 3434 1594 3479 et
1607 3423 1681 3478 doni.
1701 3423 1830 3480 Clemeut
1852 3422 1910 3496 (Gi.
1925 3421 2048 3478 Histoire

466 3515 603 3591 litte'roire
624 3513 660 3570 rie
674 3515 703 3569 la
715 3513 837 3580 Franco,
853 3523 874 3566 t.
890 3511 948 3580 IX,
962 3531 993 3585 p.
1007 3513 1060 3570 ³59
1069 3552 1076 3580 ,
1089 3521 1121 3582 ss
1132 3523 1152 3571 t.
1171 3513 1242 3582 xli,
1264 3535 1301 3588 p.·
1313 3520 1363 3585 il)
1379 3515 1485 3570 inficias
1503 3518 1598 3573 ierunt
1614 3514 1792 3574 absurdam
1806 3513 1954 3573 lloscsliuo
1977 3533 2046 3588 prc-

463 3617 577 3680 ceptone
588 3623 670 3664 nsum
683 3605 781 3672 iniussu
795 3603 873 3679 quod
885 3604 966 3678 plane
978 3603 1115 3666 reteltttm
1129 3605 1191 3679 ipso
1207 3607 1344 3668 Abaiardi
1359 3607 1532 3673 testimonio,
1545 3609 1601 3681 spui
1616 3606 1807 3668 aeriiosselini
1828 3607 1993 3666 auditorem·
2006 3611 2049 3664 sic.

463 3700 662 3774 protectum
648 3698 743 3754 «Fuit
750 3709 864 3766 autem,
885 3698 1016 3765 meminit
1031 3700 1161 3772 magistri
1170 3700 1260 3760 nostri
1274 3697 1342 3763 Ros,
1352 3699 1537 3771 ritoscettnt)
1550 3710 1615 3759 sam
1623 3702 1723 3778 ipsana
1733 3701 1872 3762 sementia
1890 3711 1923 3758 nt
1939 3700 2042 3778 nuttam

463 3815 526 3850 rem
538 3795 666 3869 partibus
679 3804 805 3852 mustene
819 3793 918 3862 .,vellet
936 3793 985 3850 sed
998 3795 1075 3850 shut
1095 3795 1160 3854 solis
1180 3795 1295 3852 uocibus
1307 3795 1424 3922 species,
1439 3796 1478 3852 ιιι
1489 3806 1519 3852 et
1532 3807 1623 3870 partes
1631 3795 1846 3854 adscribebat.»
1861 3796 1936 3854 Vide
1960 3797 2044 3854 Ouvr.

465 3888 541 3944 inc'd
554 3885 735 3956 dQAtetard
751 3885 867 3954 intend,
884 3903 911 3960 p.
926 3886 1006 3960 stru]
1085 3934 1088 3942 .
1176 3923 1187 3946 ι,

1108 4038 1256 4113 ιιοιιειΧ,
1276 4055 1340 4125 pag.
1362 4041 1388 4096 l.

499 4168 550 4223 Ad
565 4167 744 4222 Guiilelmum
759 4165 863 4220 scilicet
879 4165 1108 4238 Compellensem.
1123 4165 1334 4222 -osittetmns
1349 4167 1396 4221 bic
1413 4169 1506 4239 punio
1523 4169 1579 4224 tnta
1597 4168 1809 4224 archidiaconus
1830 4169 1949 4225 ecclesia
1971 4172 2044 4243 pari-

464 4263 576 4331 siensis,
590 4272 685 4342 postea
698 4259 1009 4336 regsdarisranonicus,
1022 4279 1059 4340 ap,
1066 4260 1181 4338 demum
1194 4261 1340 4341 episeopus
1353 4262 1572 4338 catalaunensis,
1587 4273 1620 4318 ut
1631 4263 1705 4323 iufra
1722 4262 1886 4338 videbimus.
1899 4263 1941 4320 un
1951 4276 2052 4331 autem.

464 4368 633 4431 preceptore
652 4374 734 4412 usum
746 4353 923 4411 Abelardum
941 4354 1024 4411 docet
1043 4366 1072 4410 et
1088 4355 1167 4409 Otho
1180 4354 1378 4427 Frisingeusis‚
1393 4355 1441 4411 lib.
1456 4358 1486 4424 l,
1505 4357 1540 4412 de
1555 4357 1624 4412 Reh.
1639 4361 1726 4430 pestis
1740 4357 1921 4432 Friders'cs's,
1936 4361 2042 4430 stupes,

465 4471 523 4524 cap.
537 4469 622 4506 nuvrr.

1125 4565 1198 4656 liuta
1216 4565 1259 4638 X,
1279 4583 1342 4684 ppg.
1346 4509 1401 4623 l.

1585 4650 1602 4679 ιΙ

499 4670 622 4778 [Notans
643 4655 725 4760 itanc
733 4715 762 4760 et
774 4664 952 4780 sequentem,
972 4722 1033 4779 que
1051 4705 1080 4760 iu
1093 4685 1278 4763 Amboesiana
1295 4655 1419 4761 edilione
1437 4705 1472 4760 ad
1492 4707 1602 4771 calcem
1616 4706 1765 4772 voluminis
1785 4707 1891 4778 rejectae
1909 4707 2043 4782 leguntur

464 4800 474 4868 i
484 4817 512 4871 p
527 4801 612 4854 trst-
599 4799 717 4872 ·,ii9'i)
733 4799 789 4853 buc
804 4798 951 4854 retulimus
959 4816 1079 4871 prorrs
1091 4817 1152 4874 quae
1168 4800 1361 4869 Quercetauus
1374 4797 1514 4854 festinanti
1535 4800 1619 4854 ointis
1637 4799 1721 4872 stylo,
1745 4809 1777 4854 ut
1796 4799 1855 4874 ipse
1874 4801 1987 4870 fatetur,
2008 4801 2042 4856 ds

463 4889 601 4946 Meliduni
614 4901 698 4966 atque
710 4891 836 4947 Corbolii
849 4891 999 4947 comitibus
1014 4892 1136 4964 primurn
1148 4886 1339 4962 disseruerat]

500 4985 642 5040 Melislurri
654 4980 790 5053 austrum,
805 4996 834 5040 et
851 4985 945 5040 sedem
960 4989 1074 5060 regiam.
1089 5013 1123 5027 -·
1135 4983 1261 5039 llelduni
1279 4986 1335 5038 site
1358 4984 1496 5040 Melidutri
1513 4995 1636 5041 castrum
1656 4995 1686 5040 et
1703 4987 1869 5042 comitatum
1891 4989 1976 5060 lingo
1997 5007 2044 5043 rea

388 5081 394 5088 '
465 5079 638 5133 Francorum
660 5076 811 5132 liucbnrdo
832 5071 950 5145 Vetulb,
971 5078 1067 5132 comiti
1082 5075 1287 5144 vindocinensi,
1302 5083 1337 5130 ac'
1352 5076 1490 5132 Lavarzini
1505 5076 1635 5143 dominc,
1658 5081 1794 5134 concessit
1814 5079 1845 5133 ιιι
1866 5078 2043 5136 beneficium.

463 5171 562 5228 Postea
576 5169 728 5226 Rainaldus
742 5170 899 5227 Burcbarrli
913 5169 999 5238 itlius,
1013 5169 1191 5225 cancellarius
1205 5167 1337 5238 Francis,
1348 5179 1378 5226 et
1390 5171 1537 5244 episeopus
1547 5171 1721 5244 parisiensis,
1739 5170 1938 5230 melidunensis
1950 5190 2042 5230 comes
