4510 6108
431 578 501 647 500
1026 568 1155 640 PETRl
1181 566 1415 646 ABAELARDI

429 713 677 799 obstruuntur,
696 710 871 781 refluxum
887 707 1026 780 habent
1041 709 1078 780 in
1095 723 1245 796 terram,
1264 706 1400 779 habent
1416 732 1491 778 non
1508 707 1662 780 liberum
1683 709 1817 781 exitum
1838 711 1874 782 in
1899 733 2008 782 mare.

429 833 486 903 Sic
501 845 584 930 post
600 829 897 902 resurrectionem
914 828 1074 916 Domini,
1089 843 1282 925 antequam
1296 827 1511 925 septiformis
1522 829 1635 925 gratia
1647 829 1798 929 Spiritus
1810 829 2010 903 effundere·

430 967 488 1022 tur
504 952 541 1020 in
558 973 730 1046 magnum
746 972 844 1020 mare
860 948 1067 1035 nationum,
1086 946 1303 1044 quibusdam
1318 947 1420 1045 quasi
1435 948 1566 1039 amnia,
1584 948 1832 1038 vento'ilante,
1848 949 2010 1022 obstrue-

428 1072 535 1142 batur
551 1070 680 1142 fluvius
696 1070 780 1157 iste;
800 1068 889 1140 dum
910 1082 1008 1140 metu
1028 1066 1233 1140 ludaeorum
1254 1068 1407 1166 apostoli
1424 1068 1631 1166 compressi,
1649 1067 1696 1140 de
1714 1068 1853 1158 Judaea,
1880 1071 1917 1139 in
1942 1094 2010 1168 qua

430 1204 506 1262 erat
521 1188 614 1262 facta
630 1190 785 1276 caecitas,
804 1203 977 1284 tanquam
998 1186 1045 1258 de
1069 1191 1221 1286 AEgypto
1241 1187 1363 1284 egredi
1385 1212 1460 1260 non
1482 1187 1793 1286 permittebantur,
1816 1203 1857 1258 ut
1876 1186 1922 1260 de
1942 1187 2011 1260 hoe

430 1308 540 1380 fluvio
558 1333 622 1406 per
637 1308 929 1406 praedicationem
945 1331 1048 1379 suam
1064 1321 1186 1402 gentes
1202 1305 1402 1378 reficerent.
1417 1306 1513 1394 Quid
1530 1308 1627 1378 enim
1643 1323 1784 1410 ventus,
1802 1307 1871 1378 nisi
1886 1307 2010 1380 diabo-

429 1430 498 1502 lica
514 1431 712 1528 suggestio?
728 1430 825 1516 Quid
845 1451 978 1524 arenae,
997 1428 1065 1500 nisi
1086 1428 1149 1532 qni
1170 1427 1306 1499 inlluxu
1327 1428 1443 1500 saeculi
1464 1453 1529 1527 per
1552 1427 1880 1526 concupiscentiam
1903 1444 2009 1499 terre·

430 1576 563 1622 norum
579 1551 651 1622 huc
667 1549 822 1647 illucque
839 1549 1021 1620 defluunt?
1038 1552 1155 1619 Vento
1172 1548 1292 1645 itaque
1313 1546 1443 1637 flante,
1463 1572 1569 1624 arena
1585 1548 1766 1619 cumulata
1780 1547 1930 1618 fluvium
1946 1546 2009 1619 ob·
2048 1607 2052 1616 ,

430 1671 551 1758 struit,
566 1668 654 1741 dum
666 1667 842 1766 cupiditas
853 1671 871 1737 J
874 1667 1059 1738 udaeorum
1068 1666 1189 1738 locum
1199 1666 1261 1737 vel
1266 1681 1407 1763 gentem
1418 1668 1579 1738 amittere
1592 1671 1775 1755 metuens,'
1781 1665 2010 1764 apostolicam

431 1792 626 1889 compescit
646 1788 951 1888 praedicationem.
971 1789 1040 1860 Sed
1061 1788 1133 1861 hoc
1153 1787 1388 1887 postmodum
1413 1803 1511 1860 metu
1533 1789 1580 1862 de
1604 1789 1774 1862 cordibus
1798 1814 1925 1860 eornm
1948 1811 2012 1886 per

431 1912 603 2010 Spiritum
618 1926 782 1983 sanctum
799 1910 963 2008 expulso,
982 1910 1095 2006 ruptis
1111 1910 1241 1998 arenis,
1259 1907 1371 1980 libere
1387 1908 1516 1981 fluvius
1536 1909 1572 1980 in
1590 1933 1689 1980 mare
1705 1909 1847 1999 defluit,
1866 1909 1954 1980 dum
1967 1909 2011 1980 ad

431 2046 553 2129 gentes
560 2031 606 2102 de
612 2031 732 2103 Judaea
743 2031 948 2130 praedicatio
959 2029 1168 2129 apostolica,
1178 2030 1279 2100 omni
1288 2030 1427 2101 timoris
1439 2029 1626 2104 obstaculo
1637 2029 1795 2127 repulso,
1809 2045 2014 2102 constanter

431 2152 555 2242 exivit,
580 2152 672 2224 sicut
692 2176 786 2223 unus
807 2175 934 2222 eorum
956 2149 1155 2248 intrepidus
1175 2149 1224 2220 ait
1244 2177 1252 2220 r
1274 2148 1424 2224 «Vobis.
1435 2149 1626 2246 oportebat
1646 2152 1803 2247 primum
1825 2150 2017 2249 praedicare

433 2271 582 2345 verbum
598 2273 664 2344 Dei
686 2300 693 2344 ι
713 2272 777 2344 sed
798 2272 881 2369 quia
903 2296 967 2343 vos
988 2270 1155 2366 indignos
1176 2284 1314 2342 aeternae
1335 2272 1417 2340 vitae
1435 2269 1637 2364 judicastis,
1666 2294 1748 2341 ecce
1773 2271 2017 2342 convertimur

431 2390 478 2462 ad
495 2406 629 2488 gentes.
648 2418 665 2457 n
684 2391 777 2477 Quia
797 2406 918 2461 tamen
936 2389 1024 2460 dum
1040 2389 1078 2460 in
1094 2387 1215 2460 Judaea
1231 2386 1447 2458 tenebantur
1463 2387 1641 2476 conclusi,
1660 2413 1889 2486 nequaquam
1905 2414 1926 2460 a
1942 2389 2015 2460 fru-

303 2571 313 2596 ,
431 2511 490 2583 c‘tu
513 2535 661 2608 prorsus
681 2524 784 2581 erant
801 2509 923 2596 vacui,
941 2533 1054 2605 quum
1067 2507 1129 2616 'ibi
1152 2531 1298 2604 quoque
1314 2506 1528 2578 nonnullam
1542 2505 1734 2578 hominum
1750 2507 2015 2591 multitudinem

431 2636 509 2704 Deo
532 2632 770 2721 lucrarentur,
793 2629 982 2729 praedictus
1009 2629 1155 2718 fluvius,
1182 2627 1219 2701 id
1244 2643 1298 2700 est
1322 2627 1498 2717 Christus,
1526 2628 1688 2726 quodam
1712 2629 1761 2700 ibi
1784 2656 1850 2702 suo
1880 2631 2014 2702 refluxu

432 2751 676 2842 fructificavit,
694 2766 887 2848 antequam
903 2751 941 2821 in
957 2748 1174 2822 immensum
1189 2773 1287 2821 mare
1305 2748 1464 2845 gentium
1479 2746 1640 2822 defluens
1655 2748 1841 2822 ecclesiam
1857 2750 2015 2849 undique

377 2949 379 2956 ,
432 2872 626 2976 colligeret.

483 2997 677 3064 Ascensum
694 2992 814 3089 itaque
828 2991 927 3064 fluvii
939 2990 1081 3088 AEgypti
1093 2989 1269 3062 refluxum
1281 2989 1481 3087 expositum
1495 2989 1531 3060 in
1545 2987 1702 3060 Judaeam
1715 2989 1818 3079 dicit,
1833 3013 1875 3061 ac
1887 2988 2015 3062 deinde

435 3111 563 3183 ordine
579 3118 741 3207 oong'ruo
758 3111 941 3184 defluxum
957 3111 1033 3208 ejus
1048 3111 1086 3206 in
1102 3109 1311 3182 universum
1334 3108 1512 3180 mundum
1536 3109 1584 3180 ad
1608 3107 1717 3180 corda
1743 3109 1904 3206 gentium
1926 3111 2015 3184 irro-

435 3231 548 3304 randa
564 3231 748 3330 supponit.
767 3230 875 3318 Quod
891 3256 1005 3329 quum
1021 3230 1166 3302 nonnisi
1181 3244 1263 3327 post
1280 3209 1526 3301 ascensionem
1540 3230 1704 3318 Domini,
1720 3243 1756 3301 et
1767 3231 1918 3327 Spiritus
1935 3255 2016 3307 san·

434 3355 482 3424 cti
498 3353 694 3425 adventum
711 3366 852 3423 constet
868 3375 945 3424 esse
962 3351 1227 3440 sactum-recte
1243 3350 1289 3423 de
1304 3351 1465 3448 utrisque
1480 3349 1645 3423 subditur
1665 3377 1673 3422 ε
1695 3352 1798 3438 «Qui
1814 3351 1966 3425 aedifioat
1981 3355 2016 3424 in

435 3472 527 3544 coelo
544 3472 792 3545 ascensionem
807 3495 927 3559 suam,
945 3486 981 3543 et
997 3468 1205 3541 fasciculum
1221 3493 1325 3540 suum
1346 3493 1454 3568 super
1474 3485 1606 3542 terram
1627 3469 1805 3541 fundabit.
1825 3499 1843 3538 n
1867 3474 1948 3543 Non
1971 3471 2019 3544 ait

429 3588 667 3676 ‚solummodo
691 3617 709 3657 r
732 3590 795 3686 qui
815 3587 975 3660 ascendit
996 3588 1033 3660 in
1054 3586 1207 3677 coelum,
1233 3615 1250 3654 n
1277 3587 1340 3660 sed
1360 3618 1378 3658 u
1397 3590 1459 3687 qui
1479 3587 1631 3661 aedilicat
1655 3590 1692 3660 in
1719 3590 1811 3662 ooelo
1832 3615 2017 3684 ascensum

435 3715 558 3798 suum3
576 3736 594 3778 n
613 3722 746 3780 utnon
762 3709 968 3780 transitoria
987 3706 1062 3778 hanc
1083 3707 1158 3804 ejus
1178 3708 1339 3780 ascensio
1360 3707 1588 3804 intelligatur,
1606 3723 1780 3807 tanquam
1801 3710 1848 3782 ad
1868 3736 2018 3784 conver·

436 3829 612 3901 sationem
639 3841 820 3900 terrenam
846 3827 922 3926 ipse
946 3827 1076 3900 iterum
1099 3841 1314 3916 revertatur,
1336 3826 1400 3899 sed
1425 3829 1559 3925 absque
1583 3827 1789 3925 hujusmodi
1817 3832 2020 3906 reversione

437 3946 579 4020 firmam
599 3945 650 4019 ibi
674 3947 844 4045 deinceps
865 3945 999 4019 babeat
1023 3947 1262 4019 mansionem.
1285 3947 1506 4020 Fasciculum
1526 3973 1631 4020 suum
1651 3949 1728 4046 jam
1752 3952 1789 4022 in
1814 3951 1907 4023 coelo
1931 3977 2019 4024 con-

436 4072 564 4142 sistens
580 4081 837 4166 superterram
853 4067 1033 4157 fundavit,
1047 4093 1160 4166 quum
1172 4069 1251 4166 ipso
1266 4068 1398 4166 Spiritu
1413 4084 1539 4141 sancto
1555 4070 1667 4143 corda
1682 4070 1940 4168 discipulorum
1956 4074 2021 4146 ad·

438 4189 510 4263 huc
525 4189 716 4278 dissoluta,
735 4203 770 4260 et
785 4191 915 4261 timore
931 4189 1057 4260 mortis
1072 4188 1280 4279 titubantia,
1300 4213 1367 4261 nec
1386 4189 1460 4261 ulla
1479 4190 1688 4263 fortitudine
1712 4193 1823 4264 animi
1847 4192 2019 4287 solidata,

437 4335 502 4409 per
517 4299 689 4407 Spiritum
704 4323 869 4381 sanctum
885 4309 922 4380 in
939 4307 1091 4381 modurn
1107 4308 1264 4381 fasciculi
1280 4324 1354 4380 tam
1371 4308 1439 4380 sibi
1459 4335 1568 4408 quam
1588 4311 1743 4383 invicem
1763 4336 1911 4385 summae
1930 4317 2022 4388 cari-

438 4429 519 4502 tatis
533 4430 681 4502 vinculo
698 4429 877 4518 astrinxit,
895 4429 997 4501 etsie
1013 4429 1121 4501 etiam
1136 4443 1391 4528 superterram
1407 4454 1470 4500 eos
1486 4429 1667 4519 fundavit,
1685 4429 1756 4501 boc
1772 4419 1879 4503 estin
1902 4436 2023 4507 omni-

439 4549 509 4622 bus
523 4547 750 4621 confirmavit
765 4548 889 4638 bonis,
913 4564 952 4621 ut
968 4548 1035 4646 ipsi
1051 4549 1159 4620 etiam
1174 4549 1212 4618 in
1229 4548 1384 4620 Ecclesia
1400 4547 1565 4646 quaedam
1581 4548 1733 4621 aliorum
1749 4546 1876 4622 fierent
1894 4552 2023 4625 funda-

440 4684 580 4756 menta,
595 4669 696 4765 juxta
710 4667 799 4740 illud
815 4668 915 4766 quod
935 4667 982 4739 de
1002 4669 1078 4765 ipsa
1098 4665 1308 4764 praedirerat
1328 4667 1557 4738 Psalmista¹:
1579 4695 1597 4734 r
1620 4666 1869 4741 Fundamenta
1887 4672 1964 4768 ejus
1985 4673 2023 4743 in

441 4787 626 4874 montibus
641 4787 784 4859 sanctis.
799 4816 816 4854 »
832 4793 949 4884 Aquas
965 4800 1085 4859 autem
1100 4785 1208 4857 maris
1224 4785 1332 4857 salsas
1348 4809 1423 4857 esse
1435 4799 1589 4857 constat.
1605 4789 1648 4857 Et
1661 4787 1813 4884 amplius
1824 4787 1917 4861 bene
1930 4791 2022 4864 ait⁸z

444 4910 551 4977 «Vos
567 4904 651 4976 estis
671 4904 722 4978 sal
745 4919 863 4995 terrae,
882 4933 901 4973 u
919 4930 993 5003 quo
1013 4902 1180 4976 videlicet
1199 4918 1341 4977 terrena
1361 4904 1471 4977 corda
1498 4904 1702 4979 condienda
1724 4923 1825 4998 sunt,
1848 4923 1884 4983 et
1906 4924 2026 4982 vestra

476 5179 484 5208 ¹
502 5178 728 5246 Actdposmap.
740 5193 797 5242 xm,
812 5193 833 5230 v.
848 5181 890 5229 to.
900 5175 951 5217 —'
967 5175 1054 5230 Psalm.
1069 5193 1174 5240 nuru,
1188 5193 1211 5229 v.
1228 5183 1249 5229 Ι.
1261 5203 1289 5215 —
1302 5177 1313 5205 ³
1325 5177 1422 5242 natu..
1433 5193 1490 5246 cap.
1504 5195 1529 5244 v,
1543 5197 1567 5232 v.
1581 5183 1621 5232 tr.
