4536 6102
593 607 651 677 DE
676 607 844 680 SANCTO
869 607 1037 680 JOANNE
1063 608 1272 682 sstrvtstt
1297 607 1460 678 SERMO.
1747 607 1818 679 575

240 759 383 834 vocata,
411 745 536 820 beatus
560 748 798 844 Hieronymus
818 746 865 816 ad
888 746 1053 820 Edibiam
1079 747 1124 818 de
1152 748 1300 820 diversis
1320 746 1479 818 scribens
1504 745 1784 844 questionibus¹
1808 775 1816 817 :

240 892 258 932 u
280 869 348 937 Fac
373 865 438 938 tibi
459 868 594 938 amicos
610 865 655 940 do
672 890 880 940 mammona
893 866 1086 962 iniquitatis
1102 871 1124 936 ¹.
1147 894 1165 932 u
1188 867 1338 937 Pulchre
1361 865 1448 936 dixit
1464 864 1510 936 de
1526 867 1664 963 iniquo.
1684 869 1818 938 Omnes

238 987 335 1059 enim
351 977 481 1058 divitiae
496 986 542 1056 de
561 988 746 1082 iniquitate
763 983 1002 1074 descendunt,
1024 999 1059 1058 et
1074 985 1142 1057 nisi
1158 985 1247 1058 alter
1263 983 1477 1083 perdiderit,
1500 986 1588 1057 alter
1608 1011 1684 1058 non
1702 1002 1820 1083 potest

236 1102 409 1174 invenire.
422 1103 526 1176 Unde
546 1105 604 1175 illa
619 1104 761 1199 vulgata
777 1104 953 1176 sententia
967 1104 1056 1174 mihi
1072 1104 1306 1178 videturesse
1322 1105 1524 1176 verissima:
1542 1133 1560 1172 v
1578 1106 1685 1176 Dives
1699 1121 1818 1178 autem

236 1220 396 1317 iniquus,
420 1237 482 1295 aut
505 1223 618 1318 iniqui
637 1222 762 1296 baeres.
782 1250 801 1289 n
820 1225 955 1304 Seneca
973 1223 1009 1294 in
1028 1221 1224 1294 Proverbiis
1242 1250 1253 1292 .·
1273 1250 1291 1290 u
1312 1227 1465 1296 Lucrum
1484 1223 1560 1294 sine
1576 1222 1711 1294 damno
1728 1222 1814 1294 alte·

236 1339 308 1413 rius
329 1339 406 1412 fieri
432 1365 506 1412 non
531 1355 661 1440 potest.
682 1369 701 1410 a
725 1346 815 1413 ltem
839 1341 1027 1438 praedictus
1047 1340 1175 1413 doctor
1196 1343 1233 1412 in
1254 1343 1368 1418 lsaia³
1388 1367 1395 1410 :
1418 1369 1436 1408 u
1458 1341 1638 1438 Principes
1659 1343 1710 1412 tui
1731 1343 1819 1414 socii

235 1455 353 1530 furum
369 1459 391 1530 ⁵.
412 1486 429 1525 >r
446 1461 628 1558 Principes
644 1459 778 1532 scribas
793 1475 899 1534 vocat
915 1475 950 1531 et
965 1460 1175 1560 pharisaeos,
1193 1461 1255 1558 qui
1272 1485 1293 1533 a
1308 1460 1466 1536 Domino
1485 1460 1712 1550 recedentes,
1730 1462 1818 1534 socii

234 1575 377 1652 suerunt
392 1577 588 1674 proditoris
604 1579 762 1677 iurisque
778 1578 888 1652 ludae.
909 1579 1018 1666 Quod
1033 1580 1180 1677 quidem
1196 1595 1233 1650 et
1249 1605 1316 1652 nos
1329 1604 1455 1653 cavere
1464 1579 1654 1666 debemus,
1669 1605 1715 1651 ne
1731 1582 1818 1653 acci·

232 1697 369 1792 pientes
386 1697 432 1771 ab
450 1697 658 1772 hominibus
675 1724 842 1789 munera,
860 1701 922 1796 qui
938 1725 1003 1797 per
1018 1702 1160 1798 rapinas
1181 1701 1464 1798 miserorumque
1483 1700 1658 1797 lacrymas
1677 1699 1817 1772 divitias

231 1832 469 1912 congregant,
497 1819 585 1895 socii
606 1818 725 1890 lurum
747 1819 980 1916 appellemur,
1000 1819 1211 1916 dicaturque
1232 1819 1337 1892 nobis
1353 1823 1390 1890 ⁵:
1413 1848 1431 1888 r<
1449 1818 1604 1892 Videbas
1627 1819 1758 1906 iurem,
1781 1837 1816 1892 et

230 1935 398 2013 currebas
416 1963 499 2010 cum
515 1953 653 2027 e0,etc.
668 1967 686 2006 u
698 1942 861 2012 «Omnes
878 1939 1031 2034 diligunt
1046 1965 1209 2014 munera.
1222 1967 1240 2008 a
1251 1944 1331 2014 Non
1348 1939 1436 2012 dixit
1451 1941 1514 2036 qui
1531 1940 1725 2036 accipiunt,
1743 1940 1815 2010 hoc

229 2057 325 2127 enim
341 2081 433 2154 saepe
450 2059 659 2133 necessitate
680 2057 739 2148 lit,
761 2059 824 2130 sed
846 2074 930 2132 sunt
946 2061 1008 2157 qui
1025 2085 1100 2135 non
1117 2075 1245 2158 putant
1270 2061 1421 2148 amicos,
1446 2060 1514 2131 nisi
1532 2059 1698 2156 aquibus
1716 2057 1813 2132 dona

227 2179 471 2273 perceperint3
491 2205 558 2250 nec
574 2205 615 2256 os
629 2179 858 2254 considerant
874 2180 1090 2268 amicorum,
1110 2179 1174 2252 sed
1190 2205 1339 2271 manus3
1353 2195 1388 2252 et
1403 2203 1465 2252 eos
1481 2197 1623 2254 sanctos
1635 2179 1812 2275 judicant,

227 2319 383 2391 quorum
400 2297 612 2372 exhauriunt
628 2301 863 2396 marsupium.
881 2304 934 2371 De
950 2299 1080 2396 quibus
1096 2315 1133 2372 et
1148 2299 1376 2372 Ecclesiastes
1399 2299 1582 2396 loquitur⁸
1602 2327 1610 2370 ε
1632 2329 1650 2366 «
1672 2301 1742 2386 Qui
1758 2299 1812 2370 lo·

226 2415 347 2510 ‹pritur
368 2419 576 2512 pecuniam,
605 2442 680 2489 non
706 2416 925 2515 implebitur.
951 2421 1155 2516 Sequuntur
1180 2417 1449 2507 retributiones,
1476 2434 1517 2489 ut
1541 2417 1688 2492 laudent
1710 2441 1813 2490 cosa

226 2535 356 2629 quibus
374 2535 509 2633 aliquid
534 2539 754 2635 acceperint,
778 2538 836 2610 vel
858 2554 954 2611 certe
975 2539 1063 2612 nulli
1080 2539 1265 2637 quippiam
1287 2538 1463 2626 tribuant,
1488 2539 1555 2610 nisi
1572 2562 1593 2609 a
1611 2564 1685 2635 quo
1701 2564 1739 2610 se
1755 2564 1811 2610 re·

226 2667 392 2750 cepturos
409 2657 625 2752 putaverint.
648 2684 666 2722 u

272 2773 309 2844 si
325 2775 404 2870 quis
421 2789 540 2848 autem
555 2773 743 2870 diligenter
758 2776 961 2854 consideret
981 2774 1081 2872 quod
1097 2776 1147 2847 ait
1162 2776 1339 2846 Dominus
1357 2801 1366 2844 ε
1386 2775 1538 2847 «Facite
1555 2773 1658 2846 vobis
1676 2775 1810 2846 amicos

225 2892 271 2964 de
286 2918 495 2968 mammona
510 2895 725 2991 iniquitatis,
747 2923 764 2961 u
784 2895 855 2966 hoc
871 2911 926 2966 est
942 2895 1077 2967 avobis
1092 2893 1150 2965 vel
1167 2893 1243 2966 alils
1259 2891 1352 2964 male
1368 2894 1558 2991 acquisita,
1584 2892 1678 2964 etde
1692 2893 1809 2964 alieno

175 3033 181 3042 ·
223 3010 359 3083 damno
375 3013 413 3082 in
430 3011 570 3082 lucrum
586 3025 750 3082 nostrum
767 3027 948 3108 suscepta,
965 3027 1000 3083 et
1017 3012 1206 3083 consilium
1223 3011 1370 3082 Domini
1388 3010 1541 3082 voluerit
1556 3011 1748 3107 propositae
1763 3010 1809 3084 de

221 3129 341 3202 villico
366 3122 545 3227 parabolae
569 3132 830 3227 competentius
857 3147 998 3228 aptare,
1023 3130 1152 3204 viderit
1176 3130 1249 3202 hoc
1273 3132 1324 3202 ita
1345 3131 1492 3226 intelligi
1513 3130 1665 3219 debere,
1696 3145 1737 3201 ut
1759 3133 1808 3204 eis

220 3247 351 3344 quibus
368 3247 577 3322 abstulimus
593 3272 674 3336 sua,
693 3250 918 3322 restituamus
935 3273 1062 3322 eorum
1078 3249 1228 3337 damna,
1245 3250 1344 3320 etsie
1361 3273 1423 3320 eos
1438 3249 1544 3321 nobis
1561 3249 1598 3319 in
1615 3249 1807 3320 amicitiam

220 3364 471 3455 conciliemus,
499 3391 589 3462 quos
616 3367 652 3438 in
679 3368 804 3440 odium
833 3369 941 3440 vestri
965 3369 1283 3444 concitaveramus.
1314 3371 1394 3438 Non
1424 3369 1522 3438 enim
1538 3392 1653 3438 veros
1678 3367 1808 3439 Christi

219 3507 395 3581 pauperes
412 3485 517 3558 donis
531 3488 663 3558 nostris
677 3487 811 3560 amicos
827 3487 1000 3560 efficimus
1017 3503 1174 3577 nostros,
1186 3489 1249 3585 qui
1265 3512 1349 3558 suos
1368 3511 1512 3584 quoque
1522 3486 1675 3582 diligunt
1686 3489 1805 3560 inimi-

218 3628 299 3693 cos,
318 3604 381 3676 sed
397 3605 517 3703 potius
534 3630 702 3702 eosquos
719 3606 890 3696 diximus,
908 3622 944 3678 et
959 3633 1004 3679 eo
1020 3607 1132 3679 modo
1148 3633 1222 3706 quo
1239 3607 1404 3678 diximus.
1419 3605 1527 3692 Quod
1543 3605 1690 3704 quidem
1706 3632 1807 3705 para·

137 3723 143 3734 “
218 3718 323 3811 bola,
343 3746 451 3818 quam
467 3723 514 3794 de
530 3723 648 3795 villico
665 3726 841 3796 Dominus
857 3727 1091 3821 praemiserat,
1109 3725 1298 3821 diligenter
1314 3726 1495 3822 exprimit,
1515 3750 1627 3822 quum
1642 3725 1698 3798 his
1715 3725 1806 3823 quos

216 3837 275 3910 ille
293 3855 523 3934 generaverat
538 3841 671 3913 damna
687 3867 752 3914 sua
767 3843 936 3932 restituit,
954 3868 1030 3914 non
1047 3867 1125 3939 quae
1141 3842 1186 3914 ab
1208 3843 1293 3940 ipsis
1311 3858 1496 3940 acceperat
1512 3844 1588 3916 aliis
1610 3842 1801 3916 distribuit.

217 3961 245 4028 Α
261 3960 391 4056 quibus
408 3963 515 4034 etiam
532 3962 569 4034 in
585 3976 717 4036 aeterna
737 3960 970 4035 tabernacula
990 3963 1216 4059 recipiendus
1239 3961 1381 4050 dicitur,
1410 3985 1521 4059 quum
1541 3962 1580 4032 id
1597 3963 1647 4032 eis
1663 3962 1802 4053 lecerit,

215 4077 314 4150 unde
335 4081 445 4177 recipi
467 4095 644 4154 mereatur
665 4105 740 4153 non
757 4095 831 4155 tarn
852 4081 889 4154 in
910 4105 976 4152 sua
995 4106 1105 4178 quam
1123 4082 1161 4151 in
1183 4080 1250 4151 Dei
1271 4103 1426 4178 superna
1449 4078 1691 4152 tabernacula.
1715 4055 1803 4166 Qiis

214 4195 371 4296 denique
381 4201 700 4296 nescietquantum
710 4215 834 4272 nostra
845 4199 967 4296 religio
981 4200 1037 4272 his
1050 4199 1360 4298 quoqucvilescat,
1378 4198 1541 4296 aquibus
1550 4199 1669 4272 vocati
1679 4199 1802 4269 venire

211 4339 291 4388 non
307 4342 530 4407 recusamus,
548 4332 584 4389 et
600 4343 676 4390 non
693 4318 811 4392 solum
832 4343 958 4390 eorum
979 4319 1077 4392 dona
1092 4320 1321 4418 suscipimus,
1339 4318 1574 4390 verumetiam
1589 4316 1802 4390 inordinatis

210 4457 342 4510 eorum
367 4439 499 4512 mensis
515 4453 551 4510 et
566 4438 707 4512 familiis
722 4438 973 4514 admiscemur.
994 4439 1103 4526 Quod
1119 4442 1148 4511 si
1165 4465 1239 4511 non
1260 4465 1327 4536 pro
1347 4438 1547 4511 reverentia
1567 4437 1652 4526 Dei,
1675 4435 1800 4510 saltem

207 4581 281 4654 pro
299 4559 449 4632 vitando
465 4576 596 4634 nostrae
612 4560 714 4632 lamae
729 4559 946 4638 detrimento
965 4561 1087 4658 fugere
1103 4562 1328 4635 deberemus.
1347 4562 1527 4658 Scripttnn
1542 4561 1675 4658 quippe
1693 4561 1798 4630 estin

204 4678 482 4752 Ecclesiastico⁷
502 4705 510 4752 t
532 4709 550 4746 r
570 4679 772 4754 Advocatus
792 4705 814 4754 a
833 4683 1037 4778 potentiore
1056 4682 1217 4771 diseede,
1241 4707 1284 4754 ex
1299 4681 1371 4757 hoc
1391 4681 1488 4752 enim
1504 4695 1540 4753 te
1556 4680 1668 4775 magis
1685 4678 1797 4752 advo·

204 4795 322 4870 cabit.
345 4827 363 4864 u
382 4805 427 4870 Et
446 4801 684 4896 Hieronymus
704 4799 754 4874 ad
774 4804 1068 4898 Nepottbnum⁸2
1091 4803 1241 4876 «Facile
1266 4803 1509 4878 contemnitur
1539 4801 1707 4890 clericus,
1734 4800 1797 4896 qui

245 5021 254 5048 ‘
272 5023 333 5086 opp.
350 5035 369 5074 t.
387 5023 429 5086 IV,
447 5036 512 5090 part.
532 5025 559 5086 l,
576 5026 623 5076 col.
639 5029 694 5077 170.
705 5053 736 5068 ·-
749 5024 759 5052 ¹
770 5027 839 5086 Luc„
859 5041 914 5095 cap.
929 5045 982 5090 rvr,
1024 5028 1164 5096 implebitur
1174 5033 1312 5095 pecunia·
1327 5027 1448 5091 (Erotes,
1459 5042 1516 5092 cap.
1528 5045 1552 5088 v,
1563 5042 1586 5076 r.
1600 5024 1797 5090 9.)-'1tcett.,

196 5123 230 5158 v.
252 5105 983 5177 t.-⁸opp.t.1tl,cot.tt.-⁴trataeeap.1,v.tt.
1024 5105 1795 5178 cap.xru,v.ll·-'Epirt.·uxn,0pp.t.lv,part.ll,

195 5187 985 5256 -·⁵Psalrn.1nx‚v.18.-laaiaibid.-⁸·Avaruanon
1024 5213 1052 5264 p.
1064 5197 1123 5246 tot.
