4590 6110
952 542 1188 618 APPENDlX.

1044 915 1100 1006 t.

911 1174 1236 1280 EPISTOLA

430 1417 690 1502 uuuotssm
718 1420 785 1498 no
813 1419 1019 1502 ruruou
1048 1420 1283 1502 susurru
1316 1421 1714 1502 ouuuttuuusuu.

881 1623 965 1700 [Pag.
991 1628 1044 1681 ste
1070 1627 1135 1682 edit.
1162 1627 1262 1702 Auru]

279 2157 373 2219 Petro
391 2157 640 2218 reverendissimo
658 2157 790 2218 Doruiuo
810 2161 841 2218 et
855 2160 943 2235 putri
955 2175 992 2218 ur
1005 2158 1173 2220 venerabili
1190 2157 1297 2220 abbati
1315 2158 1564 2220 cluniacensium
1581 2157 1720 2220 Heloisso
1741 2156 1866 2218 humilis

688 2260 747 2321 Dei
759 2264 790 2320 et
802 2262 868 2336 ejus
882 2260 999 2321 anciila
1016 2263 1160 2340 spiritum
1180 2264 1288 2340 quattu
1301 2261 1460 2322 salutaris.

327 2451 495 2522 Visitante
511 2475 574 2521 nos
589 2451 655 2520 Dei
666 2450 911 2540 misericordia,
926 2451 1131 2546 dignationis
1143 2465 1261 2522 vestrae
1274 2476 1336 2522 nos
1344 2451 1491 2522 visitavit
1502 2451 1621 2546 gratia.
1635 2448 1866 2539 Gratulamur,

278 2589 375 2670 pater
399 2574 657 2669 benignissime,
679 2589 731 2663 et,
745 2573 838 2668 quod
855 2573 897 2643 ad
916 2575 1117 2667 parvitatem
1132 2589 1283 2644 nostram
1301 2573 1499 2669 magnitudo
1515 2588 1625 2643 vestra
1643 2571 1866 2661 descenderit,

277 2694 474 2792 gloriamur.
494 2697 554 2765 Est
566 2694 732 2790 siquidem
741 2709 852 2764 vestra
865 2695 1024 2784 visitatio,
1039 2720 1160 2790 magna
1174 2696 1303 2790 magnis
1319 2693 1526 2790 quibuslibet
1542 2692 1710 2790 gloriatio.
1732 2695 1868 2764 Norunt

278 2815 334 2886 alii
353 2831 519 2911 quantum
534 2813 582 2884 eis
599 2813 753 2884 utilitatis
767 2829 884 2886 vestrae
897 2813 1080 2884 contulerit
1097 2815 1273 2910 praesentia
1286 2813 1523 2884 sublimitatis:
1545 2839 1608 2908 ego
1626 2829 1716 2883 certe
1730 2838 1800 2882 non
1819 2813 1869 2881 di·

277 2961 351 3006 cam
367 2960 525 3006 enarrare
539 2934 652 3023 dictu,
672 2934 729 3004 sed
749 2960 811 3005 nec
831 2935 905 3030 ipso
921 2932 1016 3006 valeo
1028 2935 1316 3030 comprehendere
1334 2935 1500 3030 cogitatu,
1521 2959 1620 3029 quam
1638 2931 1749 3021 utilis,
1767 2957 1868 3028 quam

273 3057 443 3152 jucundus
459 3072 569 3128 vester
580 3055 664 3125 mihi
682 3055 784 3128 fuerit
801 3057 977 3127 adventus.
997 3057 1110 3127 Abbas
1127 3073 1258 3148 noster,
1280 3057 1437 3126 dominus
1455 3071 1571 3126 noster
1587 3054 1676 3148 apud
1696 3079 1758 3123 nos
1776 3078 1867 3124 anno

276 3181 449 3275 praeterito
476 3203 538 3250 xvt
565 3174 716 3247 kalendis
745 3175 932 3247 decembris
958 3178 1091 3248 missam
1117 3177 1326 3266 celebrastis,
1351 3179 1386 3249 in
1410 3203 1477 3273 qua
1500 3176 1641 3272 Spiritui
1664 3190 1779 3246 sancto
1806 3199 1868 3244 nos

275 3301 551 3389 commendastis3
572 3301 608 3368 in
624 3296 772 3394 capitulo
789 3299 896 3369 divini
915 3324 976 3369 nos
993 3301 1157 3370 sermonis
1171 3299 1281 3396 elogio
1294 3301 1446 3390 cibastis,
1463 3324 1585 3394 corpus
1602 3297 1752 3393 magistri
1770 3296 1868 3366 nobis

276 3419 414 3490 dedistis
431 3446 470 3490 ac
485 3419 687 3489 beneficium
704 3419 924 3488 Cluniacense
938 3419 1159 3490 concessistis.
1178 3421 1266 3489 Mihi
1283 3446 1439 3516 quoque,
1463 3444 1563 3514 quarn
1581 3444 1643 3488 nec
1659 3414 1788 3487 ancillae
1803 3440 1866 3485 no·

276 3539 366 3609 mine
386 3538 523 3634 dignam
543 3535 696 3607 sublimis
711 3537 884 3606 humilitas
897 3552 1008 3608 vestra
1026 3553 1095 3607 tam
1111 3540 1238 3633 scripto
1255 3563 1358 3633 quam
1371 3538 1476 3610 verbo
1495 3563 1646 3608 sororem
1662 3561 1783 3607 vocare
1796 3559 1866 3605 nou

275 3657 456 3753 dedignata
472 3671 543 3746 est,
567 3652 736 3751 singulare
757 3653 929 3749 quoddam
946 3652 1038 3724 velut
1054 3657 1178 3726 amoris
1198 3672 1232 3726 et
1253 3656 1453 3726 sinceritatis
1470 3654 1683 3752 privilegium
1702 3654 1863 3744 donastis,

275 3775 507 3846 Tricenarium
529 3771 675 3860 scilicet,
698 3771 791 3867 quod
815 3772 898 3840 mihi
922 3771 1090 3841 defunctae
1107 3789 1292 3844 conventus
1313 3773 1542 3846 Cluniocensis
1562 3773 1778 3868 persolveret.
1808 3777 1867 3845 In·

275 3897 404 3968 dixistis
417 3897 518 3966 etiarn
533 3895 624 3989 quod
638 3893 766 3963 donum
778 3891 862 3963 illud
878 3891 1028 3988 sigillatis
1044 3894 1289 3966 confirmaretis
1305 3897 1468 3991 apicibus.
1489 3896 1591 3985 Quod
1612 3898 1724 3993 itaque
1740 3897 1863 3986 sorori,

276 4018 345 4088 imo
363 4013 491 4085 ancillae
513 4012 743 4102 concessistis,
769 4011 886 4100 frater,
904 4011 973 4080 imo
990 4011 1168 4102 dominus,
1194 4012 1372 4109 impleatis.
1393 4013 1526 4085 Placeat
1543 4016 1644 4085 etiam
1659 4015 1755 4085 vobis
1773 4013 1864 4087 aliud

276 4134 357 4204 mihi
377 4131 521 4229 sigillum
533 4133 682 4222 mittere,
695 4132 730 4200 in
745 4155 814 4227 quo
830 4129 980 4225 magistri
997 4129 1166 4201 absolutio
1179 4131 1300 4204 litteris
1317 4135 1440 4229 apertis
1456 4135 1689 4222 contineatur3
1707 4149 1745 4204 ut
1755 4111 1865 4228 sepul·

275 4277 335 4324 cro
349 4253 420 4348 ejus
433 4250 668 4346 suspendatur.
684 4249 908 4319 Memineritis
924 4264 958 4320 et
976 4275 1091 4320 amore
1107 4250 1172 4320 Dei
1186 4265 1220 4320 et
1228 4251 1336 4324 nostri
1345 4250 1525 4324 Astralabii
1534 4253 1647 4339 vestri,
1663 4269 1701 4323 ut
1716 4251 1864 4348 aliquam

212 4443 220 4452 ,
276 4373 307 4442 ei
325 4370 377 4442 vel
396 4397 416 4441 a
433 4369 610 4466 parisiensi
626 4367 678 4439 vel
700 4366 767 4438 alio
784 4366 937 4463 quolibet
954 4369 1114 4465 episcopo
1134 4370 1350 4464 praebendam
1367 4371 1559 4468 acquiratis.
1579 4368 1676 4444 Vale.
1696 4365 1864 4442 Dominus

276 4516 336 4562 vos
352 4491 533 4584 custodiat,
552 4505 587 4562 et
602 4489 816 4588 praeseutiam
829 4504 974 4562 vestram
991 4489 1196 4588 quandoque
1208 4491 1306 4563 nobis
1318 4493 1483 4564 exhibeat.
