4496 6102
455 609 529 681 374
1056 610 1444 724 Putat-tumttnut

506 748 646 820 Primus
663 746 838 820 Abraham
855 746 901 819 de
919 762 1012 820 terra
1030 748 1276 822 Chaldaeorum
1297 765 1332 822 et
1352 753 1564 848 cognatione
1581 775 1643 822 sua
1664 748 1788 822 divino
1805 748 1955 822 eductus
1969 753 2037 824 im-

457 869 575 965 perio,
604 867 755 965 propriae
778 881 878 939 terrae
901 870 1177 967 promissionem
1202 868 1325 941 sibiet
1348 865 1474 942 semini
1497 895 1562 942 suo
1587 870 1741 968 suscepit
1759 895 1781 941 a
1802 871 1960 942 Domino
1975 899 1983 942 τ
2001 874 2037 944 in

455 1011 526 1083 qua
547 985 710 1058 videlicet
735 1002 826 1058 terra
852 988 1006 1088 populus
1033 991 1099 1060 Dei
1125 989 1328 1088 agentibus
1349 992 1482 1064 viveret
1508 1007 1709 1090 separatus,
1738 1006 1773 1063 et
1795 991 1917 1064 divino
1942 992 2037 1066 cultu

373 1189 377 1200 ¹
456 1107 603 1178 serviret
621 1105 825 1204 expeditus,
843 1133 955 1204 quum
974 1124 1077 1182 antea
1095 1108 1217 1182 fideles
1232 1110 1361 1208 passim
1380 1136 1462 1182 cum
1480 1111 1643 1208 gentibus
1659 1109 1818 1226 babitare
1834 1126 1868 1183 et
1883 1112 2040 1184 victitare

454 1228 732 1298 consuevissent.
761 1219 800 1298 ln
823 1229 891 1299 hac
911 1229 1018 1326 igitur
1041 1245 1135 1302 terra
1153 1244 1321 1327 tanquam
1343 1231 1379 1299 in
1400 1231 1538 1302 civitate
1560 1230 1714 1327 quadam
1737 1231 1911 1329 populum
1935 1255 2039 1304 suurn

453 1348 629 1418 Dominus
653 1364 946 1444 congregaturus,
971 1364 1006 1420 et
1027 1349 1228 1446 agentibus
1248 1374 1330 1420 eum
1354 1364 1426 1420 tam
1450 1349 1531 1420 loco
1552 1373 1660 1446 quam
1678 1352 1749 1421 vita
1771 1365 2036 1447 segregaturuS,

449 1465 609 1540 decrevit
623 1470 655 1538 ei
675 1467 789 1565 legem
806 1471 1005 1553 instituere,
1024 1469 1323 1540 acircumcisione
1339 1469 1526 1564 inchoans.
1545 1469 1670 1558 Unde,
1694 1484 1858 1568 utsupra
1878 1472 2054 1542 memini.

450 1611 548 1678 mus,
571 1589 662 1659 facta
678 1591 915 1686 promissione
937 1603 1054 1678 terrae,
1076 1612 1146 1684 qua
1168 1588 1323 1686 populus
1341 1589 1407 1660 Dei
1426 1589 1472 1660 ab
1491 1588 1693 1661 infidelibus
1711 1589 1984 1686 disjungeretur,
2005 1606 2039 1663 et

452 1709 609 1778 Domino
628 1705 765 1777 firmius
782 1708 1058 1804 conjungeretur
1074 1732 1116 1778 ac
1134 1707 1377 1798 foederaretur,
1398 1711 1515 1780 statim
1532 1709 1808 1780 circumcisionis
1823 1725 2039 1809 praeceptum

450 1827 644 1917 inducitur,
663 1827 763 1924 quod
786 1828 830 1898 sit
848 1828 1013 1901 videlicet
1034 1829 1071 1899 in
1090 1828 1197 1924 hujus
1218 1827 1359 1902 foederis
1377 1831 1530 1926 signnm.
1548 1833 1598 1900 Ex
1617 1829 1759 1926 genitali
1776 1831 1910 1931 quippe
1928 1857 2039 1903 mem-

451 1945 518 2017 hro
544 1946 709 2020 hnmanae
734 1949 971 2043 generationis
997 1964 1048 2020 est
1072 1949 1294 2047 propagatio.
1329 1953 1406 2020 Hoc
1434 1949 1540 2046 igitur
1565 1948 1767 2021 membrum
1792 1951 2040 2022 circumcisum

455 2065 631 2154 Abraham
650 2081 684 2138 et
707 2091 791 2138 suos
809 2091 829 2137 a
846 2068 915 2139 ritu
935 2083 971 2139 et
988 2066 1149 2140 moribus
1165 2068 1312 2164 originis
1330 2093 1417 2156 suae,
1434 2067 1471 2138 id
1487 2082 1540 2140 est
1554 2067 1753 2140 infidelium
1774 2069 2037 2160 chaldaeorum,

450 2202 650 2282 segregatos
667 2211 743 2256 esse
758 2186 932 2276 ostendit,
948 2201 984 2258 et
994 2185 1062 2258 hac
1074 2189 1189 2259 carnis
1206 2187 1460 2286 exspoliatione
1474 2187 1550 2284 jam
1567 2214 1630 2260 eos
1647 2204 1804 2261 veterem
1816 2204 1852 2262 et
1863 2189 2040 2261 carnalem

453 2305 591 2376 exuisse
609 2304 811 2394 hominem,
836 2321 873 2377 et
889 2331 1025 2377 novum
1044 2331 1086 2378 ac
1106 2306 1300 2404 spiritalem
1317 2307 1491 2398 induisse,
1513 2309 1575 2405 qni
1593 2308 1792 2394 secundum
1807 2313 1924 2380 Deum
1943 2332 2041 2380 crea·

453 2439 511 2496 tur
527 2439 563 2496 et
580 2441 773 2496 renovatur
786 2425 831 2496 de
850 2425 908 2496 die
924 2426 961 2497 in
978 2425 1095 2516 diem;
1111 2425 1159 2497 ad
1177 2427 1277 2524 quod
1295 2428 1403 2500 etiam
1422 2427 1529 2523 hujus
1546 2428 1634 2524 signi
1652 2427 1938 2505 consideratione
1955 2451 2043 2524 prte-

454 2545 559 2643 cipue
585 2543 878 2616 admonerentur.
910 2547 1018 2643 Cujus
1047 2547 1192 2646 insuper
1221 2548 1329 2646 signi,
1359 2548 1459 2644 quasi
1484 2547 1595 2618 divini
1621 2546 1805 2642 cujusdam
1831 2548 1867 2618 in
1895 2546 2044 2618 homine

453 2663 643 2761 signaculi,
665 2689 739 2735 non
760 2663 941 2738 mediocre
958 2666 1193 2737 commodum
1211 2667 1387 2737 Dominus
1410 2664 1626 2763 previdebat
1646 2664 1693 2735 ad
1714 2663 1873 2737 fidelium
1893 2662 2043 2735 salutem

454 2786 565 2856 tutius
587 2784 838 2875 muniendam,
865 2801 900 2857 et
923 2810 984 2857 eos
1011 2781 1062 2858 ab'
1082 2785 1285 2858 infidelibus
1308 2788 1462 2858 maxime
1485 2783 1710 2857 dividendos.
1739 2787 1885 2854 Constat
1909 2783 2046 2880 quippe

454 2918 569 2976 tantas
585 2929 660 2976 esse
679 2905 830 2977 carnalis
850 2905 1041 3014 voluptatis
1062 2905 1261 3004 illecebras,
1282 2923 1320 2978 ut
1339 2906 1438 2978 facile
1458 2905 1624 2977 homines
1636 2902 1682 2974 ad
1701 2901 1938 2974 idololatriam
1952 2927 2047 2998 quo·

454 3049 525 3121 que
542 3023 646 3096 istam
666 3025 955 3122 concupiscentia
972 3025 1139 3111 inclinet,-
1158 3027 1249 3106 sicut
1269 3025 1314 3095 de
1338 3049 1479 3094 summo
1501 3023 1660 3119 sapiente
1679 3035 1800 3092 actum
1820 3036 1883 3092 est.
1910 3025 1963 3092 Ne
1980 3022 2047 3118 igi·

454 3158 512 3214 tur
535 3143 657 3214 fideles
683 3141 885 3214 infidelibus
908 3142 1048 3212 feminis
1072 3141 1248 3240 copulati,
1274 3144 1312 3212 in
1337 3143 1406 3212 ritu
1425 3164 1548 3212 earum
1569 3141 1775 3228 transirent,
1798 3153 1834 3210 et
1851 3162 1871 3209 a
1887 3142 2049 3212 Domino

454 3263 681 3353 recederent,
704 3264 806 3359 quasi
822 3262 977 3360 quadam
997 3263 1151 3334 maceria
1168 3263 1394 3360 interposita,
1418 3261 1490 3333 hoc
1512 3261 1614 3358 signo
1635 3260 1805 3348 maxime,
1832 3259 1956 3332 talium
1979 3285 2051 3331 co-

455 3384 621 3482 pularum
639 3384 909 3456 familiaritatem
931 3384 1100 3456 abscidit:
1118 3399 1158 3454 ut
1177 3385 1207 3455 si
1222 3383 1388 3456 videlicet
1410 3408 1551 3456 rursum
1572 3381 1635 3454 filii
1655 3383 1722 3454 Dei
1743 3380 1833 3453 filias
1853 3380 2052 3454 hominum

456 3507 767 3604 concupiscerent,
791 3504 857 3576 illae
878 3489 996 3577 tamen
1016 3529 1140 3576 eorum
1162 3505 1330 3604 copulam
1350 3519 1575 3604 spernerent,
1596 3504 1702 3599 hujus
1723 3501 1876 3574 membri
1897 3502 2054 3574 detrun·

456 3626 636 3698 cationem
662 3641 832 3723 tanquam
858 3626 1096 3723 turpissimam
1119 3625 1378 3698 abhorrentes:
1408 3641 1444 3697 et
1466 3624 1514 3695 illi
1538 3639 1663 3695 contra
1687 3622 1759 3694 hoc
1780 3623 1881 3718 signo
1904 3621 2056 3693 stederis

455 3746 522 3817 Dei
539 3743 701 3816 membra
719 3744 933 3816 sanctificata
952 3769 973 3817 a
990 3744 1209 3843 turpitudine
1227 3743 1425 3816 infidelium
1442 3757 1624 3816 servarent
1639 3742 1782 3814 intacta.
1805 3740 1909 3812 Unde
1928 3755 1966 3811 et
1985 3765 2059 3840 po-

454 3865 562 3964 pulus
581 3865 749 3939 lsraeleo
772 3881 951 3965 tempore,
974 3890 1046 3962 quo
1065 3867 1102 3936 in
1118 3865 1261 3938 deserto
1278 3879 1478 3963 segregatus
1496 3890 1516 3936 a
1534 3862 1697 3960 gentibus
1715 3861 1797 3951 fuit,
1819 3884 2060 3957 nequaqnam

456 3988 662 4059 circumcidi
678 3986 883 4087 compulsus
903 4003 965 4059 est.
982 3991 1080 4060 Tunc
1093 4014 1180 4060 vero
1203 3989 1357 4061 maxime
1376 3987 1470 4059 hanc
1487 3987 1678 4058 maceriam
1700 3982 1880 4082 interponi
1902 4005 2060 4054 necesse

456 4107 538 4199 fuit,
567 4134 680 4206 quum
704 4110 741 4180 io
765 4108 942 4180 Abraham
968 4107 1128 4181 fidelium
1154 4110 1390 4208 peregrinatiq
1408 4110 1501 4179 inter
1519 4104 1681 4178 infideles
1703 4105 1865 4203 coeperit,
1891 4103 1991 4174 etin
2017 4126 2064 4172 ea

456 4228 557 4324 cujus
572 4229 645 4325 jam
665 4244 848 4327 acceperat
869 4229 1143 4328 promissionem
1159 4245 1264 4302 terra.
1288 4229 1402 4300 Facile
1420 4253 1576 4326 namque
1595 4227 1860 4327 peregrinantes
1878 4221 1927 4294 ab
1949 4224 2058 4296 inco·

455 4348 497 4422 lis
518 4374 589 4448 qua
605 4366 755 4448 possunt
777 4353 966 4422 occasione
986 4351 1257 4424 familiaritatem
1270 4367 1430 4450 captant,
1447 4375 1556 4449 quam
1577 4374 1621 4420 ex
1641 4346 1875 4419 matrimoniis
1891 4346 2065 4417 maxime

456 4469 620 4541 contrahi
644 4484 794 4540 constat.
823 4474 906 4557 Quo
926 4471 1073 4568 quidem
1098 4486 1265 4543 contactu
1288 4471 1318 4542 si
1342 4470 1495 4568 populus
1517 4469 1583 4540 Dei
1605 4465 1742 4566 pop'ulo
1762 4461 2067 4536 Clrananteorum

456 4592 661 4680 vinciretur,
678 4589 821 4664 diflicile
840 4592 940 4663 illum
961 4592 1098 4684 delere,
1117 4593 1174 4664 vel
1188 4617 1209 4663 a
1223 4607 1315 4664 terra
1335 4591 1509 4691 expellere
1530 4589 1762 4675 sustinerent,
1778 4585 1866 4656 sicut
1886 4599 2070 4681 postmo-

458 4711 545 4782 dum
565 4710 687 4783 divino
706 4726 825 4781 actum
845 4728 897 4782 est
915 4713 1077 4784 consilio
1103 4712 1200 4783 Solet
1217 4713 1323 4782 etiam
1344 4711 1553 4782 communio
1575 4729 1709 4780 mensae
1729 4704 1926 4776 maximum
1948 4701 2071 4774 farni-

457 4829 615 4901 liaritatis
639 4830 823 4902 vinculum
848 4855 934 4901 esse.
966 4829 1069 4902 Unde
1094 4845 1130 4903 et
1156 4831 1212 4902 lex
1235 4831 1468 4928 postmodum
1492 4827 1662 4899 delicatos
1685 4821 1900 4895 interdicens
1926 4817 2071 4912 cibos,

457 4949 552 5021 hanc
567 4975 712 5046 quoque
731 4949 972 5023 familiaritatis
992 4951 1136 5024 abstulit
1157 4952 1395 5022 occasionem.
1422 4955 1466 5020 Et
1486 4973 1559 5046 quo
1578 4943 1835 5018 difficilioribus
1853 4937 2075 5015 observan-

459 5068 516 5139 tiis
541 5067 681 5139 Judaeos
697 5068 887 5168 implicuit,
909 5085 1009 5141 tanto
1033 5068 1184 5167 amplius
1202 5070 1247 5140 ab
1266 5069 1315 5140 eis
1334 5083 1456 5166 gentes
1478 5067 1646 5155 removit,
1670 5079 1706 5136 et
1723 5062 1876 5158 majores
1898 5058 2080 5133 inimici-

459 5187 523 5258 tias
545 5186 613 5258 hac
634 5187 842 5286 interposita
864 5189 1017 5262 maceria
1039 5190 1188 5288 peperit.
1216 5187 1323 5276 Quod
1341 5187 1488 5285 quidem
1512 5202 1597 5258 tunc
1616 5184 1693 5256 fieri
1713 5205 1805 5281 opus
1827 5178 1909 5266 fuit,
1934 5202 2080 5275 quum
