<?xml version="1.0" encoding="UTF-8"?>
<!DOCTYPE html PUBLIC "-//W3C//DTD XHTML 1.0 Transitional//EN"
    "http://www.w3.org/TR/xhtml1/DTD/xhtml1-transitional.dtd">
<html xmlns="http://www.w3.org/1999/xhtml" xml:lang="en" lang="en">
 <head>
  <title>
</title>
<meta http-equiv="Content-Type" content="text/html;charset=utf-8" />
  <meta name='ocr-system' content='tesseract 3.04.00' />
  <meta name='ocr-capabilities' content='ocr_page ocr_carea ocr_par ocr_line ocrx_word'/>
</head>
<body>
  <div class='ocr_page' id='page_1' title='image "./petriablardiope01despgoog_0625.png"; bbox 0 0 4536 6102; ppageno 0'>
   <div class='ocr_carea' id='block_1_1' title="bbox 407 550 1390 628">
    <p class='ocr_par' dir='ltr' id='par_1_1' title="bbox 407 550 1390 628">
     <span class='ocr_line' id='line_1_1' title="bbox 407 550 1390 628; baseline -0.002 0"><span class='ocrx_word' id='word_1_1' title='bbox 407 556 478 628; x_wconf 82' lang='lat' dir='ltr'>6l0</span> <span class='ocrx_word' id='word_1_2' title='bbox 1005 553 1133 628; x_wconf 82' lang='lat' dir='ltr'>PETRI</span> <span class='ocrx_word' id='word_1_3' title='bbox 1159 550 1390 628; x_wconf 79' lang='lat' dir='ltr'><strong>ABAELARDI</strong></span> 
     </span>
    </p>
   </div>
   <div class='ocr_carea' id='block_1_2' title="bbox 405 677 2092 4884">
    <p class='ocr_par' dir='ltr' id='par_1_2' title="bbox 405 677 2092 4884">
     <span class='ocr_line' id='line_1_2' title="bbox 407 677 1988 795; baseline -0.011 -27"><span class='ocrx_word' id='word_1_4' title='bbox 407 711 463 768; x_wconf 91' lang='lat' dir='ltr'>cet</span> <span class='ocrx_word' id='word_1_5' title='bbox 477 696 523 768; x_wconf 92' lang='lat' dir='ltr'>sit</span> <span class='ocrx_word' id='word_1_6' title='bbox 534 697 745 793; x_wconf 88' lang='lat' dir='ltr'>incorporea</span> <span class='ocrx_word' id='word_1_7' title='bbox 763 694 972 784; x_wconf 88' lang='lat' dir='ltr'>substantia,</span> <span class='ocrx_word' id='word_1_8' title='bbox 991 694 1067 768; x_wconf 86' lang='lat' dir='ltr'>haec</span> <span class='ocrx_word' id='word_1_9' title='bbox 1088 721 1265 795; x_wconf 90' lang='lat' dir='ltr'>corporea</span> <span class='ocrx_word' id='word_1_10' title='bbox 1284 724 1292 767; x_wconf 91' lang='lat'>:</span> <span class='ocrx_word' id='word_1_11' title='bbox 1312 696 1383 768; x_wconf 91' lang='lat' dir='ltr'>hoc</span> <span class='ocrx_word' id='word_1_12' title='bbox 1399 708 1470 783; x_wconf 89' lang='lat' dir='ltr'>est,</span> <span class='ocrx_word' id='word_1_13' title='bbox 1490 691 1550 764; x_wconf 88' lang='lat' dir='ltr'>illa</span> <span class='ocrx_word' id='word_1_14' title='bbox 1567 711 1711 786; x_wconf 89' lang='lat' dir='ltr'>corpus,</span> <span class='ocrx_word' id='word_1_15' title='bbox 1726 684 1803 756; x_wconf 86' lang='lat' dir='ltr'>haec</span> <span class='ocrx_word' id='word_1_16' title='bbox 1828 677 1988 780; x_wconf 89' lang='lat' dir='ltr'>spiritus.</span> 
     </span>
     <span class='ocr_line' id='line_1_3' title="bbox 409 805 1991 913; baseline -0.009 -27"><span class='ocrx_word' id='word_1_17' title='bbox 409 820 444 886; x_wconf 93' lang='lat' dir='ltr'>Si</span> <span class='ocrx_word' id='word_1_18' title='bbox 461 840 547 912; x_wconf 83' lang='lat' dir='ltr'>ergo</span> <span class='ocrx_word' id='word_1_19' title='bbox 564 817 601 887; x_wconf 93' lang='lat' dir='ltr'>in</span> <span class='ocrx_word' id='word_1_20' title='bbox 618 813 764 912; x_wconf 85' lang='lat' dir='ltr'>singulis</span> <span class='ocrx_word' id='word_1_21' title='bbox 785 815 993 888; x_wconf 89' lang='lat' dir='ltr'>hominihus</span> <span class='ocrx_word' id='word_1_22' title='bbox 1014 817 1094 888; x_wconf 77' lang='lat' dir='ltr'>dure</span> <span class='ocrx_word' id='word_1_23' title='bbox 1111 832 1195 890; x_wconf 90' lang='lat' dir='ltr'>sunt</span> <span class='ocrx_word' id='word_1_24' title='bbox 1215 833 1367 906; x_wconf 83' lang='lat' dir='ltr'>naturae,</span> <span class='ocrx_word' id='word_1_25' title='bbox 1390 838 1565 913; x_wconf 91' lang='lat' dir='ltr'>corporea</span> <span class='ocrx_word' id='word_1_26' title='bbox 1581 810 1728 898; x_wconf 91' lang='lat' dir='ltr'>scilicet,</span> <span class='ocrx_word' id='word_1_27' title='bbox 1747 822 1855 904; x_wconf 89' lang='lat' dir='ltr'>atque</span> <span class='ocrx_word' id='word_1_28' title='bbox 1872 805 1991 876; x_wconf 89' lang='lat' dir='ltr'>incor-</span> 
     </span>
     <span class='ocr_line' id='line_1_4' title="bbox 409 920 1993 1035; baseline -0.01 -29"><span class='ocrx_word' id='word_1_29' title='bbox 409 959 532 1035; x_wconf 90' lang='lat' dir='ltr'>porea,</span> <span class='ocrx_word' id='word_1_30' title='bbox 551 934 699 1007; x_wconf 90' lang='lat' dir='ltr'>seduna</span> <span class='ocrx_word' id='word_1_31' title='bbox 715 950 856 1006; x_wconf 87' lang='lat' dir='ltr'>tantum</span> <span class='ocrx_word' id='word_1_32' title='bbox 873 960 1028 1033; x_wconf 89' lang='lat' dir='ltr'>persona</span> <span class='ocrx_word' id='word_1_33' title='bbox 1047 964 1055 1007; x_wconf 74' lang='grc' dir='ltr'><strong><em>ε</em></strong></span> <span class='ocrx_word' id='word_1_34' title='bbox 1074 938 1124 1009; x_wconf 91' lang='lat' dir='ltr'>sic</span> <span class='ocrx_word' id='word_1_35' title='bbox 1143 953 1179 1010; x_wconf 91' lang='lat' dir='ltr'>et</span> <span class='ocrx_word' id='word_1_36' title='bbox 1202 939 1240 1010; x_wconf 91' lang='lat' dir='ltr'>in</span> <span class='ocrx_word' id='word_1_37' title='bbox 1257 937 1398 1009; x_wconf 92' lang='lat' dir='ltr'>Christo</span> <span class='ocrx_word' id='word_1_38' title='bbox 1417 936 1497 1005; x_wconf 90' lang='lat' dir='ltr'>duae</span> <span class='ocrx_word' id='word_1_39' title='bbox 1513 946 1596 1007; x_wconf 90' lang='lat' dir='ltr'>sunt</span> <span class='ocrx_word' id='word_1_40' title='bbox 1613 945 1761 1014; x_wconf 86' lang='lat' dir='ltr'>naturae,</span> <span class='ocrx_word' id='word_1_41' title='bbox 1782 924 1908 999; x_wconf 80' lang='lat' dir='ltr'>diuina</span> <span class='ocrx_word' id='word_1_42' title='bbox 1924 920 1993 992; x_wconf 91' lang='lat' dir='ltr'>sci·</span> 
     </span>
     <span class='ocr_line' id='line_1_5' title="bbox 410 1045 1991 1156; baseline -0.001 -33"><span class='ocrx_word' id='word_1_43' title='bbox 410 1054 491 1126; x_wconf 92' lang='lat' dir='ltr'>licet</span> <span class='ocrx_word' id='word_1_44' title='bbox 512 1068 619 1150; x_wconf 88' lang='lat' dir='ltr'>atque</span> <span class='ocrx_word' id='word_1_45' title='bbox 638 1053 817 1143; x_wconf 89' lang='lat' dir='ltr'>humana,</span> <span class='ocrx_word' id='word_1_46' title='bbox 836 1055 899 1126; x_wconf 92' lang='lat' dir='ltr'>sed</span> <span class='ocrx_word' id='word_1_47' title='bbox 916 1079 986 1128; x_wconf 90' lang='lat' dir='ltr'>una</span> <span class='ocrx_word' id='word_1_48' title='bbox 999 1055 1229 1129; x_wconf 87' lang='lat' dir='ltr'>solummodo</span> <span class='ocrx_word' id='word_1_49' title='bbox 1246 1080 1413 1156; x_wconf 88' lang='lat' dir='ltr'>persona.</span> <span class='ocrx_word' id='word_1_50' title='bbox 1433 1060 1588 1128; x_wconf 84' lang='lat' dir='ltr'>Persona</span> <span class='ocrx_word' id='word_1_51' title='bbox 1604 1051 1739 1148; x_wconf 90' lang='lat' dir='ltr'>quippe</span> <span class='ocrx_word' id='word_1_52' title='bbox 1754 1045 1855 1142; x_wconf 85' lang='lat' dir='ltr'>quasi</span> <span class='ocrx_word' id='word_1_53' title='bbox 1872 1065 1936 1140; x_wconf 81' lang='lat' dir='ltr'>per</span> <span class='ocrx_word' id='word_1_54' title='bbox 1952 1063 1991 1110; x_wconf 75' lang='lat' dir='ltr'>se</span> 
     </span>
     <span class='ocr_line' id='line_1_6' title="bbox 410 1161 1992 1276; baseline -0.009 -28"><span class='ocrx_word' id='word_1_55' title='bbox 410 1201 481 1250; x_wconf 87' lang='lat' dir='ltr'>una</span> <span class='ocrx_word' id='word_1_56' title='bbox 497 1176 640 1266; x_wconf 89' lang='lat' dir='ltr'>dicitur,</span> <span class='ocrx_word' id='word_1_57' title='bbox 659 1176 731 1249; x_wconf 89' lang='lat' dir='ltr'>hoo</span> <span class='ocrx_word' id='word_1_58' title='bbox 747 1192 813 1265; x_wconf 92' lang='lat' dir='ltr'>est,</span> <span class='ocrx_word' id='word_1_59' title='bbox 832 1176 1031 1250; x_wconf 91' lang='lat' dir='ltr'>substantia</span> <span class='ocrx_word' id='word_1_60' title='bbox 1045 1180 1211 1276; x_wconf 90' lang='lat' dir='ltr'>quaelihet</span> <span class='ocrx_word' id='word_1_61' title='bbox 1229 1178 1412 1250; x_wconf 87' lang='lat' dir='ltr'>rationalis</span> <span class='ocrx_word' id='word_1_62' title='bbox 1429 1178 1477 1250; x_wconf 86' lang='lat' dir='ltr'>ita</span> <span class='ocrx_word' id='word_1_63' title='bbox 1498 1200 1562 1273; x_wconf 92' lang='lat' dir='ltr'>per</span> <span class='ocrx_word' id='word_1_64' title='bbox 1578 1199 1616 1244; x_wconf 90' lang='lat' dir='ltr'>se</span> <span class='ocrx_word' id='word_1_65' title='bbox 1632 1171 1678 1242; x_wconf 92' lang='lat' dir='ltr'>ab</span> <span class='ocrx_word' id='word_1_66' title='bbox 1701 1169 1777 1240; x_wconf 92' lang='lat' dir='ltr'>aliis</span> <span class='ocrx_word' id='word_1_67' title='bbox 1793 1164 1900 1237; x_wconf 85' lang='lat' dir='ltr'>nebus</span> <span class='ocrx_word' id='word_1_68' title='bbox 1917 1161 1992 1232; x_wconf 88' lang='lat' dir='ltr'>dis·</span> 
     </span>
     <span class='ocr_line' id='line_1_7' title="bbox 405 1289 1989 1399; baseline -0.011 -28"><span class='ocrx_word' id='word_1_69' title='bbox 405 1301 543 1396; x_wconf 89' lang='lat' dir='ltr'>juncta,</span> <span class='ocrx_word' id='word_1_70' title='bbox 563 1315 603 1370; x_wconf 91' lang='lat' dir='ltr'>ut</span> <span class='ocrx_word' id='word_1_71' title='bbox 618 1299 696 1399; x_wconf 88' lang='lat' dir='ltr'>ipsa</span> <span class='ocrx_word' id='word_1_72' title='bbox 720 1298 957 1371; x_wconf 83' lang='lat' dir='ltr'><strong>substantiam</strong></span> <span class='ocrx_word' id='word_1_73' title='bbox 973 1324 1057 1374; x_wconf 90' lang='lat' dir='ltr'>cum</span> <span class='ocrx_word' id='word_1_74' title='bbox 1073 1300 1192 1398; x_wconf 88' lang='lat' dir='ltr'>aliqua</span> <span class='ocrx_word' id='word_1_75' title='bbox 1208 1325 1246 1372; x_wconf 91' lang='lat' dir='ltr'>re</span> <span class='ocrx_word' id='word_1_76' title='bbox 1267 1300 1335 1374; x_wconf 85' lang='lat' dir='ltr'>alia</span> <span class='ocrx_word' id='word_1_77' title='bbox 1359 1325 1434 1372; x_wconf 91' lang='lat' dir='ltr'>non</span> <span class='ocrx_word' id='word_1_78' title='bbox 1460 1297 1666 1369; x_wconf 89' lang='lat' dir='ltr'>constituat.</span> <span class='ocrx_word' id='word_1_79' title='bbox 1702 1289 1872 1378; x_wconf 87' lang='lat' dir='ltr'>Quandiu</span> <span class='ocrx_word' id='word_1_80' title='bbox 1902 1307 1989 1379; x_wconf 86' lang='lat' dir='ltr'>ergo</span> 
     </span>
     <span class='ocr_line' id='line_1_8' title="bbox 410 1405 2092 1518; baseline -0.011 -28"><span class='ocrx_word' id='word_1_81' title='bbox 410 1419 530 1492; x_wconf 87' lang='lat' dir='ltr'>anima</span> <span class='ocrx_word' id='word_1_82' title='bbox 553 1417 712 1489; x_wconf 91' lang='lat' dir='ltr'>humana</span> <span class='ocrx_word' id='word_1_83' title='bbox 734 1419 772 1489; x_wconf 92' lang='lat' dir='ltr'>in</span> <span class='ocrx_word' id='word_1_84' title='bbox 796 1443 949 1516; x_wconf 90' lang='lat' dir='ltr'>corpore</span> <span class='ocrx_word' id='word_1_85' title='bbox 965 1433 1034 1510; x_wconf 92' lang='lat' dir='ltr'>est,</span> <span class='ocrx_word' id='word_1_86' title='bbox 1054 1445 1209 1518; x_wconf 90' lang='lat' dir='ltr'>persona</span> <span class='ocrx_word' id='word_1_87' title='bbox 1231 1420 1302 1496; x_wconf 93' lang='lat' dir='ltr'>dici</span> <span class='ocrx_word' id='word_1_88' title='bbox 1323 1444 1398 1491; x_wconf 93' lang='lat' dir='ltr'>non</span> <span class='ocrx_word' id='word_1_89' title='bbox 1424 1431 1559 1516; x_wconf 90' lang='lat' dir='ltr'>potest,</span> <span class='ocrx_word' id='word_1_90' title='bbox 1578 1415 1664 1513; x_wconf 88' lang='lat' dir='ltr'>quia</span> <span class='ocrx_word' id='word_1_91' title='bbox 1678 1411 1778 1484; x_wconf 85' lang='lat' dir='ltr'>carni</span> <span class='ocrx_word' id='word_1_92' title='bbox 1801 1405 1995 1502; x_wconf 88' lang='lat' dir='ltr'>conjuncta</span> <span class='ocrx_word' id='word_1_93' title='bbox 2086 1497 2092 1510; x_wconf 95' lang='lat'><strong><em>.</em></strong></span> 
     </span>
     <span class='ocr_line' id='line_1_9' title="bbox 411 1523 1991 1636; baseline -0.012 -25"><span class='ocrx_word' id='word_1_94' title='bbox 411 1563 522 1611; x_wconf 87' lang='lat' dir='ltr'>unam</span> <span class='ocrx_word' id='word_1_95' title='bbox 530 1537 688 1609; x_wconf 91' lang='lat' dir='ltr'>hominis</span> <span class='ocrx_word' id='word_1_96' title='bbox 703 1561 897 1636; x_wconf 85' lang='lat' dir='ltr'>personam</span> <span class='ocrx_word' id='word_1_97' title='bbox 914 1555 1021 1636; x_wconf 87' lang='lat' dir='ltr'>atque</span> <span class='ocrx_word' id='word_1_98' title='bbox 1033 1565 1145 1612; x_wconf 90' lang='lat' dir='ltr'>unam</span> <span class='ocrx_word' id='word_1_99' title='bbox 1161 1540 1372 1614; x_wconf 84' lang='lat' dir='ltr'>rationalem</span> <span class='ocrx_word' id='word_1_100' title='bbox 1388 1537 1623 1612; x_wconf 84' lang='lat' dir='ltr'>substantiam</span> <span class='ocrx_word' id='word_1_101' title='bbox 1641 1557 1725 1605; x_wconf 92' lang='lat' dir='ltr'>cum</span> <span class='ocrx_word' id='word_1_102' title='bbox 1741 1554 1782 1602; x_wconf 87' lang='lat' dir='ltr'>ea</span> <span class='ocrx_word' id='word_1_103' title='bbox 1793 1523 1991 1603; x_wconf 87' lang='lat' dir='ltr'>constituit.</span> 
     </span>
     <span class='ocr_line' id='line_1_10' title="bbox 412 1645 1995 1754; baseline -0.01 -24"><span class='ocrx_word' id='word_1_104' title='bbox 412 1662 468 1731; x_wconf 88' lang='lat' dir='ltr'>Sic</span> <span class='ocrx_word' id='word_1_105' title='bbox 495 1675 530 1730; x_wconf 92' lang='lat' dir='ltr'>et</span> <span class='ocrx_word' id='word_1_106' title='bbox 548 1660 709 1732; x_wconf 88' lang='lat' dir='ltr'>Verbum</span> <span class='ocrx_word' id='word_1_107' title='bbox 730 1659 870 1737; x_wconf 87' lang='lat' dir='ltr'>homini</span> <span class='ocrx_word' id='word_1_108' title='bbox 896 1662 932 1731; x_wconf 96' lang='lat' dir='ltr'>in</span> <span class='ocrx_word' id='word_1_109' title='bbox 954 1660 1096 1734; x_wconf 90' lang='lat' dir='ltr'>Christo</span> <span class='ocrx_word' id='word_1_110' title='bbox 1123 1663 1265 1737; x_wconf 92' lang='lat' dir='ltr'>unitum</span> <span class='ocrx_word' id='word_1_111' title='bbox 1286 1683 1397 1734; x_wconf 88' lang='lat' dir='ltr'>unam</span> <span class='ocrx_word' id='word_1_112' title='bbox 1424 1659 1554 1732; x_wconf 89' lang='lat' dir='ltr'>Christi</span> <span class='ocrx_word' id='word_1_113' title='bbox 1579 1677 1792 1754; x_wconf 86' lang='lat' dir='ltr'>personam,</span> <span class='ocrx_word' id='word_1_114' title='bbox 1813 1672 1889 1720; x_wconf 92' lang='lat' dir='ltr'>non</span> <span class='ocrx_word' id='word_1_115' title='bbox 1906 1645 1995 1716; x_wconf 88' lang='lat' dir='ltr'>duas</span> 
     </span>
     <span class='ocr_line' id='line_1_11' title="bbox 411 1765 1995 1880; baseline -0.011 -31"><span class='ocrx_word' id='word_1_116' title='bbox 411 1779 543 1852; x_wconf 85' lang='lat' dir='ltr'>reddit.</span> <span class='ocrx_word' id='word_1_117' title='bbox 559 1784 662 1851; x_wconf 86' lang='lat' dir='ltr'>Juxta</span> <span class='ocrx_word' id='word_1_118' title='bbox 677 1805 788 1878; x_wconf 88' lang='lat' dir='ltr'>quarn</span> <span class='ocrx_word' id='word_1_119' title='bbox 803 1779 952 1878; x_wconf 90' lang='lat' dir='ltr'>quidem</span> <span class='ocrx_word' id='word_1_120' title='bbox 968 1783 1142 1857; x_wconf 88' lang='lat' dir='ltr'>unionem</span> <span class='ocrx_word' id='word_1_121' title='bbox 1158 1806 1320 1880; x_wconf 82' lang='lat' dir='ltr'>personae</span> <span class='ocrx_word' id='word_1_122' title='bbox 1333 1780 1503 1856; x_wconf 90' lang='lat' dir='ltr'>eumdem</span> <span class='ocrx_word' id='word_1_123' title='bbox 1519 1777 1700 1850; x_wconf 87' lang='lat' dir='ltr'>Christum</span> <span class='ocrx_word' id='word_1_124' title='bbox 1711 1788 1786 1845; x_wconf 88' lang='lat' dir='ltr'>tam</span> <span class='ocrx_word' id='word_1_125' title='bbox 1803 1768 1870 1841; x_wconf 90' lang='lat' dir='ltr'>Dei</span> <span class='ocrx_word' id='word_1_126' title='bbox 1885 1765 1995 1836; x_wconf 85' lang='lat' dir='ltr'>filium</span> 
     </span>
     <span class='ocr_line' id='line_1_12' title="bbox 411 1884 1993 2000; baseline -0.009 -29"><span class='ocrx_word' id='word_1_127' title='bbox 411 1925 520 1996; x_wconf 87' lang='lat' dir='ltr'>quam</span> <span class='ocrx_word' id='word_1_128' title='bbox 536 1899 694 1972; x_wconf 92' lang='lat' dir='ltr'>hominis</span> <span class='ocrx_word' id='word_1_129' title='bbox 710 1900 935 1998; x_wconf 84' lang='lat' dir='ltr'>profitemur,</span> <span class='ocrx_word' id='word_1_130' title='bbox 955 1916 991 1973; x_wconf 89' lang='lat' dir='ltr'>et</span> <span class='ocrx_word' id='word_1_131' title='bbox 1011 1915 1085 1974; x_wconf 89' lang='lat' dir='ltr'>tarn</span> <span class='ocrx_word' id='word_1_132' title='bbox 1101 1903 1168 1974; x_wconf 90' lang='lat' dir='ltr'>Dei</span> <span class='ocrx_word' id='word_1_133' title='bbox 1186 1901 1298 1975; x_wconf 82' lang='lat' dir='ltr'>filium</span> <span class='ocrx_word' id='word_1_134' title='bbox 1314 1927 1423 2000; x_wconf 87' lang='lat' dir='ltr'>quam</span> <span class='ocrx_word' id='word_1_135' title='bbox 1434 1899 1592 1974; x_wconf 90' lang='lat' dir='ltr'>hominis</span> <span class='ocrx_word' id='word_1_136' title='bbox 1608 1895 1762 1970; x_wconf 90' lang='lat' dir='ltr'>dicimus</span> <span class='ocrx_word' id='word_1_137' title='bbox 1770 1884 1993 1970; x_wconf 79' lang='lat' dir='ltr'>crucifixum,</span> 
     </span>
     <span class='ocr_line' id='line_1_13' title="bbox 411 2005 1999 2119; baseline -0.011 -29"><span class='ocrx_word' id='word_1_138' title='bbox 411 2024 612 2110; x_wconf 87' lang='lat' dir='ltr'>mortuum,</span> <span class='ocrx_word' id='word_1_139' title='bbox 632 2035 669 2091; x_wconf 90' lang='lat' dir='ltr'>et</span> <span class='ocrx_word' id='word_1_140' title='bbox 684 2021 863 2119; x_wconf 89' lang='lat' dir='ltr'>sepultum</span> <span class='ocrx_word' id='word_1_141' title='bbox 885 2050 892 2090; x_wconf 91' lang='lat'>:</span> <span class='ocrx_word' id='word_1_142' title='bbox 912 2047 1026 2118; x_wconf 90' lang='lat' dir='ltr'>quum</span> <span class='ocrx_word' id='word_1_143' title='bbox 1042 2035 1163 2094; x_wconf 92' lang='lat' dir='ltr'>tamen</span> <span class='ocrx_word' id='word_1_144' title='bbox 1176 2023 1242 2095; x_wconf 91' lang='lat' dir='ltr'>ista</span> <span class='ocrx_word' id='word_1_145' title='bbox 1258 2048 1333 2095; x_wconf 92' lang='lat' dir='ltr'>non</span> <span class='ocrx_word' id='word_1_146' title='bbox 1350 2022 1419 2094; x_wconf 89' lang='lat' dir='ltr'>nis&#39;i</span> <span class='ocrx_word' id='word_1_147' title='bbox 1434 2017 1636 2094; x_wconf 86' lang='lat' dir='ltr'>secundum</span> <span class='ocrx_word' id='word_1_148' title='bbox 1647 2012 1911 2087; x_wconf 85' lang='lat' dir='ltr'>humanitatem</span> <span class='ocrx_word' id='word_1_149' title='bbox 1928 2005 1999 2076; x_wconf 91' lang='lat' dir='ltr'>sint</span> 
     </span>
     <span class='ocr_line' id='line_1_14' title="bbox 409 2124 1996 2239; baseline -0.013 -27"><span class='ocrx_word' id='word_1_150' title='bbox 409 2138 631 2238; x_wconf 88' lang='lat' dir='ltr'>accipienda.</span> <span class='ocrx_word' id='word_1_151' title='bbox 646 2140 749 2211; x_wconf 89' lang='lat' dir='ltr'>Unde</span> <span class='ocrx_word' id='word_1_152' title='bbox 762 2155 798 2211; x_wconf 88' lang='lat' dir='ltr'>et</span> <span class='ocrx_word' id='word_1_153' title='bbox 811 2140 939 2212; x_wconf 89' lang='lat' dir='ltr'>Paulus</span> <span class='ocrx_word' id='word_1_154' title='bbox 955 2143 1155 2215; x_wconf 90' lang='lat' dir='ltr'>Dominum</span> <span class='ocrx_word' id='word_1_155' title='bbox 1172 2140 1594 2239; x_wconf 78' lang='lat' dir='ltr'>gloriaecrucifiuumesse</span> <span class='ocrx_word' id='word_1_156' title='bbox 1610 2159 1685 2208; x_wconf 90' lang='lat' dir='ltr'>non</span> <span class='ocrx_word' id='word_1_157' title='bbox 1702 2144 1845 2204; x_wconf 84' lang='lat' dir='ltr'>veretur</span> <span class='ocrx_word' id='word_1_158' title='bbox 1862 2124 1996 2208; x_wconf 90' lang='lat' dir='ltr'>dicere,</span> 
     </span>
     <span class='ocr_line' id='line_1_15' title="bbox 408 2244 1997 2356; baseline -0.006 -26"><span class='ocrx_word' id='word_1_159' title='bbox 408 2275 444 2331; x_wconf 92' lang='lat' dir='ltr'>et</span> <span class='ocrx_word' id='word_1_160' title='bbox 460 2261 522 2356; x_wconf 91' lang='lat' dir='ltr'>qui</span> <span class='ocrx_word' id='word_1_161' title='bbox 539 2259 725 2332; x_wconf 88' lang='lat' dir='ltr'>descendit</span> <span class='ocrx_word' id='word_1_162' title='bbox 737 2259 782 2330; x_wconf 91' lang='lat' dir='ltr'>de</span> <span class='ocrx_word' id='word_1_163' title='bbox 793 2259 897 2348; x_wconf 87' lang='lat' dir='ltr'>coele,</span> <span class='ocrx_word' id='word_1_164' title='bbox 911 2276 947 2331; x_wconf 90' lang='lat' dir='ltr'>et</span> <span class='ocrx_word' id='word_1_165' title='bbox 959 2262 1021 2356; x_wconf 90' lang='lat' dir='ltr'>qui</span> <span class='ocrx_word' id='word_1_166' title='bbox 1034 2261 1208 2353; x_wconf 86' lang='lat' dir='ltr'>ascendit,</span> <span class='ocrx_word' id='word_1_167' title='bbox 1220 2261 1390 2334; x_wconf 89' lang='lat' dir='ltr'>eumdem</span> <span class='ocrx_word' id='word_1_168' title='bbox 1398 2285 1487 2334; x_wconf 88' lang='lat' dir='ltr'>esse.</span> <span class='ocrx_word' id='word_1_169' title='bbox 1504 2263 1548 2330; x_wconf 87' lang='lat' dir='ltr'>Et</span> <span class='ocrx_word' id='word_1_170' title='bbox 1560 2259 1635 2355; x_wconf 90' lang='lat' dir='ltr'>ipse</span> <span class='ocrx_word' id='word_1_171' title='bbox 1649 2252 1826 2326; x_wconf 88' lang='lat' dir='ltr'>Dominus</span> <span class='ocrx_word' id='word_1_172' title='bbox 1837 2244 1997 2316; x_wconf 78' lang='lat' dir='ltr'>Christus</span> 
     </span>
     <span class='ocr_line' id='line_1_16' title="bbox 409 2364 1996 2482; baseline -0.005 -29"><span class='ocrx_word' id='word_1_173' title='bbox 409 2384 455 2458; x_wconf 92' lang='lat' dir='ltr'>de</span> <span class='ocrx_word' id='word_1_174' title='bbox 471 2409 509 2454; x_wconf 91' lang='lat' dir='ltr'>se</span> <span class='ocrx_word' id='word_1_175' title='bbox 526 2385 605 2482; x_wconf 90' lang='lat' dir='ltr'>ipso</span> <span class='ocrx_word' id='word_1_176' title='bbox 622 2384 795 2480; x_wconf 85' lang='lat' dir='ltr'>loquens-¹</span> <span class='ocrx_word' id='word_1_177' title='bbox 816 2411 823 2454; x_wconf 77' lang='grc' dir='ltr'><strong>ε</strong></span> <span class='ocrx_word' id='word_1_178' title='bbox 847 2413 864 2452; x_wconf 81' lang='lat' dir='ltr'>n</span> <span class='ocrx_word' id='word_1_179' title='bbox 878 2387 1005 2474; x_wconf 79' lang='lat' dir='ltr'>Neine,</span> <span class='ocrx_word' id='word_1_180' title='bbox 1023 2413 1041 2452; x_wconf 87' lang='lat'>»</span> <span class='ocrx_word' id='word_1_181' title='bbox 1061 2386 1194 2482; x_wconf 89' lang='lat' dir='ltr'>inquit,</span> <span class='ocrx_word' id='word_1_182' title='bbox 1214 2417 1234 2454; x_wconf 80' lang='lat' dir='ltr'>u</span> <span class='ocrx_word' id='word_1_183' title='bbox 1250 2384 1410 2458; x_wconf 85' lang='lat' dir='ltr'>ascendit</span> <span class='ocrx_word' id='word_1_184' title='bbox 1425 2385 1463 2456; x_wconf 89' lang='lat' dir='ltr'>in</span> <span class='ocrx_word' id='word_1_185' title='bbox 1479 2381 1627 2470; x_wconf 89' lang='lat' dir='ltr'>coelum,</span> <span class='ocrx_word' id='word_1_186' title='bbox 1646 2376 1713 2448; x_wconf 81' lang='lat' dir='ltr'>nisi</span> <span class='ocrx_word' id='word_1_187' title='bbox 1735 2373 1797 2470; x_wconf 91' lang='lat' dir='ltr'>qui</span> <span class='ocrx_word' id='word_1_188' title='bbox 1811 2364 1996 2442; x_wconf 76' lang='lat' dir='ltr'>descendit</span> 
     </span>
     <span class='ocr_line' id='line_1_17' title="bbox 410 2485 1996 2599; baseline -0.012 -27"><span class='ocrx_word' id='word_1_189' title='bbox 410 2504 456 2572; x_wconf 91' lang='lat' dir='ltr'>de</span> <span class='ocrx_word' id='word_1_190' title='bbox 472 2501 584 2591; x_wconf 89' lang='lat' dir='ltr'>coelo,</span> <span class='ocrx_word' id='word_1_191' title='bbox 603 2499 695 2572; x_wconf 87' lang='lat' dir='ltr'>filius</span> <span class='ocrx_word' id='word_1_192' title='bbox 711 2500 870 2573; x_wconf 92' lang='lat' dir='ltr'>hominis</span> <span class='ocrx_word' id='word_1_193' title='bbox 886 2503 948 2599; x_wconf 91' lang='lat' dir='ltr'>qui</span> <span class='ocrx_word' id='word_1_194' title='bbox 964 2518 1018 2574; x_wconf 89' lang='lat' dir='ltr'>est</span> <span class='ocrx_word' id='word_1_195' title='bbox 1034 2505 1071 2575; x_wconf 92' lang='lat' dir='ltr'>in</span> <span class='ocrx_word' id='word_1_196' title='bbox 1090 2504 1194 2576; x_wconf 88' lang='lat' dir='ltr'>eoelo.</span> <span class='ocrx_word' id='word_1_197' title='bbox 1212 2531 1229 2570; x_wconf 85' lang='lat' dir='ltr'>n</span> <span class='ocrx_word' id='word_1_198' title='bbox 1248 2510 1293 2574; x_wconf 87' lang='lat' dir='ltr'>Et</span> <span class='ocrx_word' id='word_1_199' title='bbox 1308 2505 1457 2576; x_wconf 88' lang='lat' dir='ltr'>iterum¹</span> <span class='ocrx_word' id='word_1_200' title='bbox 1477 2531 1485 2571; x_wconf 75' lang='grc' dir='ltr'>ε</span> <span class='ocrx_word' id='word_1_201' title='bbox 1509 2500 1575 2570; x_wconf 86' lang='lat' dir='ltr'>«Si</span> <span class='ocrx_word' id='word_1_202' title='bbox 1591 2521 1677 2593; x_wconf 85' lang='lat' dir='ltr'>ergo</span> <span class='ocrx_word' id='word_1_203' title='bbox 1695 2491 1853 2565; x_wconf 89' lang='lat' dir='ltr'>videritis</span> <span class='ocrx_word' id='word_1_204' title='bbox 1867 2485 1996 2558; x_wconf 76' lang='lat' dir='ltr'>Filium</span> 
     </span>
     <span class='ocr_line' id='line_1_18' title="bbox 408 2602 1996 2720; baseline -0.007 -31"><span class='ocrx_word' id='word_1_205' title='bbox 408 2620 569 2693; x_wconf 91' lang='lat' dir='ltr'>hominis</span> <span class='ocrx_word' id='word_1_206' title='bbox 596 2619 850 2692; x_wconf 86' lang='lat' dir='ltr'>ascendentem</span> <span class='ocrx_word' id='word_1_207' title='bbox 874 2620 936 2692; x_wconf 93' lang='lat' dir='ltr'>ubi</span> <span class='ocrx_word' id='word_1_208' title='bbox 958 2637 1034 2694; x_wconf 88' lang='lat' dir='ltr'>erat</span> <span class='ocrx_word' id='word_1_209' title='bbox 1054 2623 1176 2720; x_wconf 86' lang='lat' dir='ltr'>prius,</span> <span class='ocrx_word' id='word_1_210' title='bbox 1206 2638 1274 2695; x_wconf 90' lang='lat' dir='ltr'>etc.</span> <span class='ocrx_word' id='word_1_211' title='bbox 1302 2651 1320 2690; x_wconf 73' lang='lat' dir='ltr'>&gt;r</span> <span class='ocrx_word' id='word_1_212' title='bbox 1348 2626 1471 2709; x_wconf 88' lang='lat' dir='ltr'>Quum</span> <span class='ocrx_word' id='word_1_213' title='bbox 1506 2621 1627 2715; x_wconf 89' lang='lat' dir='ltr'>itaque</span> <span class='ocrx_word' id='word_1_214' title='bbox 1660 2612 1821 2685; x_wconf 90' lang='lat' dir='ltr'>Christus</span> <span class='ocrx_word' id='word_1_215' title='bbox 1854 2602 1996 2704; x_wconf 86' lang='lat' dir='ltr'>proprie</span> 
     </span>
     <span class='ocr_line' id='line_1_19' title="bbox 409 2726 1993 2832; baseline -0.001 -22"><span class='ocrx_word' id='word_1_216' title='bbox 409 2740 551 2812; x_wconf 88' lang='lat' dir='ltr'>dicatur</span> <span class='ocrx_word' id='word_1_217' title='bbox 567 2743 665 2810; x_wconf 85' lang='lat' dir='ltr'>Deus</span> <span class='ocrx_word' id='word_1_218' title='bbox 685 2754 721 2810; x_wconf 89' lang='lat' dir='ltr'>et</span> <span class='ocrx_word' id='word_1_219' title='bbox 742 2738 854 2810; x_wconf 92' lang='lat' dir='ltr'>homo</span> <span class='ocrx_word' id='word_1_220' title='bbox 870 2739 995 2830; x_wconf 91' lang='lat' dir='ltr'>simul,</span> <span class='ocrx_word' id='word_1_221' title='bbox 1014 2740 1085 2814; x_wconf 87' lang='lat' dir='ltr'>hoc</span> <span class='ocrx_word' id='word_1_222' title='bbox 1102 2755 1156 2813; x_wconf 92' lang='lat' dir='ltr'>est</span> <span class='ocrx_word' id='word_1_223' title='bbox 1172 2743 1240 2814; x_wconf 88' lang='lat' dir='ltr'>tria</span> <span class='ocrx_word' id='word_1_224' title='bbox 1255 2740 1315 2815; x_wconf 88' lang='lat' dir='ltr'>illa</span> <span class='ocrx_word' id='word_1_225' title='bbox 1331 2738 1437 2812; x_wconf 90' lang='lat' dir='ltr'>simul</span> <span class='ocrx_word' id='word_1_226' title='bbox 1452 2741 1490 2810; x_wconf 92' lang='lat' dir='ltr'>in</span> <span class='ocrx_word' id='word_1_227' title='bbox 1507 2737 1643 2810; x_wconf 89' lang='lat' dir='ltr'>naturis</span> <span class='ocrx_word' id='word_1_228' title='bbox 1659 2730 1814 2832; x_wconf 83' lang='lat' dir='ltr'>propriis</span> <span class='ocrx_word' id='word_1_229' title='bbox 1824 2726 1993 2808; x_wconf 72' lang='lat' dir='ltr'>discreta,</span> 
     </span>
     <span class='ocr_line' id='line_1_20' title="bbox 408 2847 1995 2950; baseline -0.011 -20"><span class='ocrx_word' id='word_1_230' title='bbox 408 2859 568 2932; x_wconf 87' lang='lat' dir='ltr'>Verbum</span> <span class='ocrx_word' id='word_1_231' title='bbox 592 2859 781 2950; x_wconf 90' lang='lat' dir='ltr'>videlicet,</span> <span class='ocrx_word' id='word_1_232' title='bbox 801 2862 920 2934; x_wconf 88' lang='lat' dir='ltr'>anima</span> <span class='ocrx_word' id='word_1_233' title='bbox 942 2860 1118 2948; x_wconf 86' lang='lat' dir='ltr'>humana,</span> <span class='ocrx_word' id='word_1_234' title='bbox 1138 2877 1174 2934; x_wconf 88' lang='lat' dir='ltr'>et</span> <span class='ocrx_word' id='word_1_235' title='bbox 1196 2887 1280 2935; x_wconf 86' lang='lat' dir='ltr'>caro</span> <span class='ocrx_word' id='word_1_236' title='bbox 1301 2891 1309 2934; x_wconf 91' lang='lat'><strong>:</strong></span> <span class='ocrx_word' id='word_1_237' title='bbox 1328 2862 1375 2934; x_wconf 89' lang='lat' dir='ltr'>ad</span> <span class='ocrx_word' id='word_1_238' title='bbox 1391 2856 1658 2936; x_wconf 89' lang='lat' dir='ltr'>ostendendum</span> <span class='ocrx_word' id='word_1_239' title='bbox 1678 2869 1799 2926; x_wconf 84' lang='lat' dir='ltr'>tamen</span> <span class='ocrx_word' id='word_1_240' title='bbox 1822 2847 1995 2918; x_wconf 87' lang='lat' dir='ltr'>unitatem</span> 
     </span>
     <span class='ocr_line' id='line_1_21' title="bbox 406 2967 1996 3079; baseline -0.009 -25"><span class='ocrx_word' id='word_1_241' title='bbox 406 3006 568 3079; x_wconf 78' lang='lat' dir='ltr'>personae</span> <span class='ocrx_word' id='word_1_242' title='bbox 584 2996 659 3053; x_wconf 91' lang='lat' dir='ltr'>tam</span> <span class='ocrx_word' id='word_1_243' title='bbox 671 2980 898 3056; x_wconf 91' lang='lat' dir='ltr'>diversarum</span> <span class='ocrx_word' id='word_1_244' title='bbox 921 2984 959 3054; x_wconf 94' lang='lat' dir='ltr'>in</span> <span class='ocrx_word' id='word_1_245' title='bbox 987 2982 1129 3057; x_wconf 89' lang='lat' dir='ltr'>Christo</span> <span class='ocrx_word' id='word_1_246' title='bbox 1161 2999 1388 3071; x_wconf 86' lang='lat' dir='ltr'>naturarum,</span> <span class='ocrx_word' id='word_1_247' title='bbox 1410 2984 1459 3055; x_wconf 84' lang='lat' dir='ltr'>ita</span> <span class='ocrx_word' id='word_1_248' title='bbox 1486 3005 1578 3079; x_wconf 87' lang='lat' dir='ltr'>saepe</span> <span class='ocrx_word' id='word_1_249' title='bbox 1603 2973 1780 3050; x_wconf 83' lang='lat' dir='ltr'>vocabula</span> <span class='ocrx_word' id='word_1_250' title='bbox 1811 2967 1996 3068; x_wconf 80' lang='lat' dir='ltr'>permisce-</span> 
     </span>
     <span class='ocr_line' id='line_1_22' title="bbox 408 3096 1997 3194; baseline -0.011 -22"><span class='ocrx_word' id='word_1_251' title='bbox 408 3128 501 3194; x_wconf 91' lang='lat' dir='ltr'>mus,</span> <span class='ocrx_word' id='word_1_252' title='bbox 524 3117 564 3174; x_wconf 92' lang='lat' dir='ltr'>ut</span> <span class='ocrx_word' id='word_1_253' title='bbox 580 3101 695 3174; x_wconf 92' lang='lat' dir='ltr'>modo</span> <span class='ocrx_word' id='word_1_254' title='bbox 712 3102 891 3190; x_wconf 88' lang='lat' dir='ltr'>Verbum,</span> <span class='ocrx_word' id='word_1_255' title='bbox 910 3103 1022 3176; x_wconf 91' lang='lat' dir='ltr'>modo</span> <span class='ocrx_word' id='word_1_256' title='bbox 1039 3105 1215 3193; x_wconf 88' lang='lat' dir='ltr'>animam,</span> <span class='ocrx_word' id='word_1_257' title='bbox 1233 3105 1345 3176; x_wconf 90' lang='lat' dir='ltr'>modo</span> <span class='ocrx_word' id='word_1_258' title='bbox 1363 3105 1471 3176; x_wconf 90' lang='lat' dir='ltr'>etiam</span> <span class='ocrx_word' id='word_1_259' title='bbox 1487 3123 1633 3174; x_wconf 89' lang='lat' dir='ltr'>carnem</span> <span class='ocrx_word' id='word_1_260' title='bbox 1653 3096 1835 3176; x_wconf 84' lang='lat' dir='ltr'>dicamus;</span> <span class='ocrx_word' id='word_1_261' title='bbox 1854 3103 1892 3160; x_wconf 91' lang='lat' dir='ltr'>et</span> <span class='ocrx_word' id='word_1_262' title='bbox 1908 3110 1997 3157; x_wconf 92' lang='lat' dir='ltr'>non·</span> 
     </span>
     <span class='ocr_line' id='line_1_23' title="bbox 410 3209 1996 3320; baseline -0.007 -29"><span class='ocrx_word' id='word_1_263' title='bbox 410 3245 597 3318; x_wconf 88' lang='lat' dir='ltr'>nunquam</span> <span class='ocrx_word' id='word_1_264' title='bbox 624 3246 704 3318; x_wconf 78' lang='lat' dir='ltr'>quae</span> <span class='ocrx_word' id='word_1_265' title='bbox 732 3224 879 3320; x_wconf 89' lang='lat' dir='ltr'>propria</span> <span class='ocrx_word' id='word_1_266' title='bbox 905 3238 989 3294; x_wconf 94' lang='lat' dir='ltr'>sunt</span> <span class='ocrx_word' id='word_1_267' title='bbox 1013 3225 1097 3312; x_wconf 90' lang='lat' dir='ltr'>Dei,</span> <span class='ocrx_word' id='word_1_268' title='bbox 1120 3223 1261 3296; x_wconf 91' lang='lat' dir='ltr'>homini</span> <span class='ocrx_word' id='word_1_269' title='bbox 1286 3223 1526 3310; x_wconf 81' lang='lat' dir='ltr'>ascribamus,</span> <span class='ocrx_word' id='word_1_270' title='bbox 1544 3218 1602 3290; x_wconf 91' lang='lat' dir='ltr'>vel</span> <span class='ocrx_word' id='word_1_271' title='bbox 1624 3241 1643 3288; x_wconf 91' lang='lat' dir='ltr'>e</span> <span class='ocrx_word' id='word_1_272' title='bbox 1668 3233 1858 3286; x_wconf 85' lang='lat' dir='ltr'>converso.</span> <span class='ocrx_word' id='word_1_273' title='bbox 1879 3209 1996 3294; x_wconf 86' lang='lat' dir='ltr'>Quum</span> 
     </span>
     <span class='ocr_line' id='line_1_24' title="bbox 410 3298 1995 3440; baseline -0.011 -27"><span class='ocrx_word' id='word_1_274' title='bbox 410 3343 508 3414; x_wconf 91' lang='lat' dir='ltr'>enim</span> <span class='ocrx_word' id='word_1_275' title='bbox 519 3343 606 3414; x_wconf 92' lang='lat' dir='ltr'>dicit</span> <span class='ocrx_word' id='word_1_276' title='bbox 619 3342 827 3440; x_wconf 78' lang='lat' dir='ltr'>Apostolus⁸</span> <span class='ocrx_word' id='word_1_277' title='bbox 845 3373 853 3414; x_wconf 72' lang='grc' dir='ltr'><strong>ι</strong></span> <span class='ocrx_word' id='word_1_278' title='bbox 869 3344 1079 3417; x_wconf 88' lang='lat' dir='ltr'>«Christum</span> <span class='ocrx_word' id='word_1_279' title='bbox 1090 3347 1157 3417; x_wconf 88' lang='lat' dir='ltr'>Dei</span> <span class='ocrx_word' id='word_1_280' title='bbox 1172 3347 1342 3418; x_wconf 90' lang='lat' dir='ltr'>virtutem</span> <span class='ocrx_word' id='word_1_281' title='bbox 1358 3359 1394 3416; x_wconf 90' lang='lat' dir='ltr'>et</span> <span class='ocrx_word' id='word_1_282' title='bbox 1410 3345 1476 3415; x_wconf 86' lang='lat' dir='ltr'>Dei</span> <span class='ocrx_word' id='word_1_283' title='bbox 1491 3339 1722 3440; x_wconf 74' lang='lat' dir='ltr'>sapientiam,</span> <span class='ocrx_word' id='word_1_284' title='bbox 1738 3363 1755 3402; x_wconf 84' lang='lat' dir='ltr'>n</span> <span class='ocrx_word' id='word_1_285' title='bbox 1771 3347 1806 3402; x_wconf 90' lang='lat' dir='ltr'>et</span> <span class='ocrx_word' id='word_1_286' title='bbox 1818 3298 1995 3402; x_wconf 68' lang='lat' dir='ltr'>rursuml:</span> 
     </span>
     <span class='ocr_line' id='line_1_25' title="bbox 413 3449 1993 3562; baseline -0.001 -30"><span class='ocrx_word' id='word_1_287' title='bbox 413 3491 431 3528; x_wconf 81' lang='lat' dir='ltr'>o</span> <span class='ocrx_word' id='word_1_288' title='bbox 443 3463 514 3549; x_wconf 88' lang='lat' dir='ltr'>Qui</span> <span class='ocrx_word' id='word_1_289' title='bbox 531 3485 644 3557; x_wconf 86' lang='lat' dir='ltr'>quum</span> <span class='ocrx_word' id='word_1_290' title='bbox 662 3465 698 3532; x_wconf 93' lang='lat' dir='ltr'>in</span> <span class='ocrx_word' id='word_1_291' title='bbox 719 3463 835 3534; x_wconf 87' lang='lat' dir='ltr'>l&#39;orma</span> <span class='ocrx_word' id='word_1_292' title='bbox 848 3465 913 3535; x_wconf 91' lang='lat' dir='ltr'>Dei</span> <span class='ocrx_word' id='word_1_293' title='bbox 925 3478 1035 3553; x_wconf 88' lang='lat' dir='ltr'>esset,</span> <span class='ocrx_word' id='word_1_294' title='bbox 1050 3490 1126 3536; x_wconf 92' lang='lat' dir='ltr'>non</span> <span class='ocrx_word' id='word_1_295' title='bbox 1137 3467 1299 3562; x_wconf 90' lang='lat' dir='ltr'>rapinam</span> <span class='ocrx_word' id='word_1_296' title='bbox 1313 3465 1503 3537; x_wconf 90' lang='lat' dir='ltr'>arbitratus</span> <span class='ocrx_word' id='word_1_297' title='bbox 1515 3476 1568 3534; x_wconf 90' lang='lat' dir='ltr'>est</span> <span class='ocrx_word' id='word_1_298' title='bbox 1583 3484 1659 3532; x_wconf 85' lang='lat' dir='ltr'>esse</span> <span class='ocrx_word' id='word_1_299' title='bbox 1671 3481 1709 3528; x_wconf 87' lang='lat' dir='ltr'>se</span> <span class='ocrx_word' id='word_1_300' title='bbox 1720 3449 1894 3550; x_wconf 88' lang='lat' dir='ltr'>aequalem</span> <span class='ocrx_word' id='word_1_301' title='bbox 1907 3451 1993 3529; x_wconf 77' lang='lat' dir='ltr'>neo,</span> 
     </span>
     <span class='ocr_line' id='line_1_26' title="bbox 411 3565 1996 3683; baseline -0.007 -33"><span class='ocrx_word' id='word_1_302' title='bbox 411 3580 474 3652; x_wconf 90' lang='lat' dir='ltr'>sed</span> <span class='ocrx_word' id='word_1_303' title='bbox 497 3581 731 3677; x_wconf 87' lang='lat' dir='ltr'>semetipsum</span> <span class='ocrx_word' id='word_1_304' title='bbox 753 3583 965 3673; x_wconf 85' lang='lat' dir='ltr'>exinanivit,</span> <span class='ocrx_word' id='word_1_305' title='bbox 991 3581 1147 3656; x_wconf 87' lang='lat' dir='ltr'>sormam</span> <span class='ocrx_word' id='word_1_306' title='bbox 1167 3587 1258 3656; x_wconf 87' lang='lat' dir='ltr'>servi</span> <span class='ocrx_word' id='word_1_307' title='bbox 1288 3586 1479 3683; x_wconf 91' lang='lat' dir='ltr'>accipiens,</span> <span class='ocrx_word' id='word_1_308' title='bbox 1503 3595 1572 3654; x_wconf 84' lang='lat' dir='ltr'>etc.</span> <span class='ocrx_word' id='word_1_309' title='bbox 1597 3607 1615 3646; x_wconf 80' lang='lat' dir='ltr'>u</span> <span class='ocrx_word' id='word_1_310' title='bbox 1642 3577 1722 3675; x_wconf 90' lang='lat' dir='ltr'>quis</span> <span class='ocrx_word' id='word_1_311' title='bbox 1740 3573 1812 3644; x_wconf 89' lang='lat' dir='ltr'>hoe</span> <span class='ocrx_word' id='word_1_312' title='bbox 1829 3568 1876 3640; x_wconf 88' lang='lat' dir='ltr'>ad</span> <span class='ocrx_word' id='word_1_313' title='bbox 1893 3565 1996 3664; x_wconf 83' lang='lat' dir='ltr'>ipsius</span> 
     </span>
     <span class='ocr_line' id='line_1_27' title="bbox 412 3689 1993 3806; baseline -0.003 -35"><span class='ocrx_word' id='word_1_314' title='bbox 412 3699 638 3771; x_wconf 88' lang='lat' dir='ltr'>divinitatem</span> <span class='ocrx_word' id='word_1_315' title='bbox 655 3723 731 3772; x_wconf 92' lang='lat' dir='ltr'>non</span> <span class='ocrx_word' id='word_1_316' title='bbox 749 3699 899 3773; x_wconf 80' lang='lat' dir='ltr'>reserat?</span> <span class='ocrx_word' id='word_1_317' title='bbox 916 3701 986 3774; x_wconf 90' lang='lat' dir='ltr'>Sed</span> <span class='ocrx_word' id='word_1_318' title='bbox 1002 3717 1038 3774; x_wconf 93' lang='lat' dir='ltr'>et</span> <span class='ocrx_word' id='word_1_319' title='bbox 1055 3729 1169 3801; x_wconf 91' lang='lat' dir='ltr'>quum</span> <span class='ocrx_word' id='word_1_320' title='bbox 1193 3705 1344 3806; x_wconf 88' lang='lat' dir='ltr'>ipsemet</span> <span class='ocrx_word' id='word_1_321' title='bbox 1362 3704 1522 3776; x_wconf 89' lang='lat' dir='ltr'>Christus</span> <span class='ocrx_word' id='word_1_322' title='bbox 1540 3701 1586 3772; x_wconf 90' lang='lat' dir='ltr'>de</span> <span class='ocrx_word' id='word_1_323' title='bbox 1603 3724 1640 3770; x_wconf 91' lang='lat' dir='ltr'>se</span> <span class='ocrx_word' id='word_1_324' title='bbox 1658 3711 1695 3768; x_wconf 89' lang='lat' dir='ltr'>et</span> <span class='ocrx_word' id='word_1_325' title='bbox 1710 3700 1813 3768; x_wconf 88' lang='lat' dir='ltr'>Patre</span> <span class='ocrx_word' id='word_1_326' title='bbox 1828 3689 1993 3784; x_wconf 70' lang='lat' dir='ltr'>loquens,</span> 
     </span>
     <span class='ocr_line' id='line_1_28' title="bbox 415 3809 1995 3916; baseline -0.004 -26"><span class='ocrx_word' id='word_1_327' title='bbox 415 3819 551 3890; x_wconf 79' lang='lat' dir='ltr'>dicat⁵:</span> <span class='ocrx_word' id='word_1_328' title='bbox 571 3847 589 3886; x_wconf 75' lang='lat' dir='ltr'>o</span> <span class='ocrx_word' id='word_1_329' title='bbox 605 3819 698 3906; x_wconf 90' lang='lat' dir='ltr'>Quia</span> <span class='ocrx_word' id='word_1_330' title='bbox 713 3843 781 3916; x_wconf 86' lang='lat' dir='ltr'>ego</span> <span class='ocrx_word' id='word_1_331' title='bbox 797 3835 833 3892; x_wconf 90' lang='lat' dir='ltr'>et</span> <span class='ocrx_word' id='word_1_332' title='bbox 850 3826 952 3894; x_wconf 89' lang='lat' dir='ltr'>Pater</span> <span class='ocrx_word' id='word_1_333' title='bbox 968 3847 1083 3898; x_wconf 88' lang='lat' dir='ltr'>unum</span> <span class='ocrx_word' id='word_1_334' title='bbox 1099 3849 1222 3900; x_wconf 88' lang='lat' dir='ltr'>sumus</span> <span class='ocrx_word' id='word_1_335' title='bbox 1236 3855 1246 3916; x_wconf 88' lang='lat'>;</span> <span class='ocrx_word' id='word_1_336' title='bbox 1262 3855 1281 3895; x_wconf 76' lang='lat' dir='ltr'>n</span> <span class='ocrx_word' id='word_1_337' title='bbox 1299 3841 1335 3900; x_wconf 88' lang='lat' dir='ltr'>et</span> <span class='ocrx_word' id='word_1_338' title='bbox 1353 3827 1514 3902; x_wconf 80' lang='lat' dir='ltr'>rursum⁸</span> <span class='ocrx_word' id='word_1_339' title='bbox 1530 3851 1538 3892; x_wconf 91' lang='lat'>:</span> <span class='ocrx_word' id='word_1_340' title='bbox 1556 3851 1573 3891; x_wconf 79' lang='lat' dir='ltr'>o</span> <span class='ocrx_word' id='word_1_341' title='bbox 1586 3820 1679 3908; x_wconf 88' lang='lat' dir='ltr'>Quia</span> <span class='ocrx_word' id='word_1_342' title='bbox 1690 3822 1792 3890; x_wconf 86' lang='lat' dir='ltr'>Pater</span> <span class='ocrx_word' id='word_1_343' title='bbox 1810 3809 1926 3905; x_wconf 83' lang='lat' dir='ltr'>major</span> <span class='ocrx_word' id='word_1_344' title='bbox 1942 3828 1995 3876; x_wconf 85' lang='lat' dir='ltr'>me</span> 
     </span>
     <span class='ocr_line' id='line_1_29' title="bbox 416 3927 1996 4035; baseline -0.009 -24"><span class='ocrx_word' id='word_1_345' title='bbox 416 3953 487 4028; x_wconf 90' lang='lat' dir='ltr'>est;</span> <span class='ocrx_word' id='word_1_346' title='bbox 503 3963 521 4005; x_wconf 81' lang='lat' dir='ltr'>u</span> <span class='ocrx_word' id='word_1_347' title='bbox 539 3939 619 4035; x_wconf 89' lang='lat' dir='ltr'>quis</span> <span class='ocrx_word' id='word_1_348' title='bbox 645 3963 721 4011; x_wconf 91' lang='lat' dir='ltr'>non</span> <span class='ocrx_word' id='word_1_349' title='bbox 745 3940 864 4028; x_wconf 83' lang='lat' dir='ltr'>videat</span> <span class='ocrx_word' id='word_1_350' title='bbox 886 3942 957 4016; x_wconf 92' lang='lat' dir='ltr'>hoc</span> <span class='ocrx_word' id='word_1_351' title='bbox 978 3959 1013 4018; x_wconf 92' lang='lat' dir='ltr'>et</span> <span class='ocrx_word' id='word_1_352' title='bbox 1038 3944 1127 4019; x_wconf 95' lang='lat' dir='ltr'>illud</span> <span class='ocrx_word' id='word_1_353' title='bbox 1147 3945 1346 4022; x_wconf 89' lang='lat' dir='ltr'>secundum</span> <span class='ocrx_word' id='word_1_354' title='bbox 1371 3944 1478 4018; x_wconf 85' lang='lat' dir='ltr'>aliam</span> <span class='ocrx_word' id='word_1_355' title='bbox 1494 3959 1531 4018; x_wconf 84' lang='lat' dir='ltr'>et</span> <span class='ocrx_word' id='word_1_356' title='bbox 1546 3941 1651 4015; x_wconf 85' lang='lat' dir='ltr'>aliam</span> <span class='ocrx_word' id='word_1_357' title='bbox 1675 3949 1842 4011; x_wconf 88' lang='lat' dir='ltr'>naturam</span> <span class='ocrx_word' id='word_1_358' title='bbox 1859 3929 1906 4000; x_wconf 89' lang='lat' dir='ltr'>de</span> <span class='ocrx_word' id='word_1_359' title='bbox 1922 3927 1996 4024; x_wconf 87' lang='lat' dir='ltr'>ipso</span> 
     </span>
     <span class='ocr_line' id='line_1_30' title="bbox 418 4047 1991 4158; baseline -0.008 -30"><span class='ocrx_word' id='word_1_360' title='bbox 418 4057 508 4129; x_wconf 81' lang='lat' dir='ltr'>dici?</span> <span class='ocrx_word' id='word_1_361' title='bbox 521 4062 638 4145; x_wconf 86' lang='lat' dir='ltr'>Quem</span> <span class='ocrx_word' id='word_1_362' title='bbox 654 4059 763 4131; x_wconf 91' lang='lat' dir='ltr'>etiam</span> <span class='ocrx_word' id='word_1_363' title='bbox 776 4086 889 4158; x_wconf 86' lang='lat' dir='ltr'>quum</span> <span class='ocrx_word' id='word_1_364' title='bbox 907 4061 1060 4136; x_wconf 86' lang='lat' dir='ltr'>dicimus</span> <span class='ocrx_word' id='word_1_365' title='bbox 1077 4064 1124 4137; x_wconf 92' lang='lat' dir='ltr'>ad</span> <span class='ocrx_word' id='word_1_366' title='bbox 1139 4065 1273 4139; x_wconf 90' lang='lat' dir='ltr'>inferos</span> <span class='ocrx_word' id='word_1_367' title='bbox 1291 4064 1535 4152; x_wconf 83' lang='lat' dir='ltr'>descendisse,</span> <span class='ocrx_word' id='word_1_368' title='bbox 1554 4060 1609 4133; x_wconf 86' lang='lat' dir='ltr'>vel</span> <span class='ocrx_word' id='word_1_369' title='bbox 1627 4060 1665 4130; x_wconf 91' lang='lat' dir='ltr'>in</span> <span class='ocrx_word' id='word_1_370' title='bbox 1684 4052 1848 4153; x_wconf 89' lang='lat' dir='ltr'>sepulcro</span> <span class='ocrx_word' id='word_1_371' title='bbox 1873 4047 1991 4130; x_wconf 82' lang='lat' dir='ltr'>luisse3</span> 
     </span>
     <span class='ocr_line' id='line_1_31' title="bbox 419 4165 1993 4286; baseline -0.004 -35"><span class='ocrx_word' id='word_1_372' title='bbox 419 4182 498 4278; x_wconf 92' lang='lat' dir='ltr'>quis</span> <span class='ocrx_word' id='word_1_373' title='bbox 514 4205 589 4251; x_wconf 92' lang='lat' dir='ltr'>non</span> <span class='ocrx_word' id='word_1_374' title='bbox 606 4179 695 4253; x_wconf 92' lang='lat' dir='ltr'>illud</span> <span class='ocrx_word' id='word_1_375' title='bbox 712 4180 758 4257; x_wconf 86' lang='lat' dir='ltr'>de</span> <span class='ocrx_word' id='word_1_376' title='bbox 775 4183 895 4255; x_wconf 86' lang='lat' dir='ltr'>anima</span> <span class='ocrx_word' id='word_1_377' title='bbox 911 4184 1003 4275; x_wconf 88' lang='lat' dir='ltr'>sola,</span> <span class='ocrx_word' id='word_1_378' title='bbox 1017 4183 1089 4258; x_wconf 89' lang='lat' dir='ltr'>hoc</span> <span class='ocrx_word' id='word_1_379' title='bbox 1106 4186 1151 4259; x_wconf 90' lang='lat' dir='ltr'>de</span> <span class='ocrx_word' id='word_1_380' title='bbox 1168 4212 1320 4286; x_wconf 90' lang='lat' dir='ltr'>corpore</span> <span class='ocrx_word' id='word_1_381' title='bbox 1337 4186 1415 4260; x_wconf 89' lang='lat' dir='ltr'>solo</span> <span class='ocrx_word' id='word_1_382' title='bbox 1432 4183 1624 4280; x_wconf 82' lang='lat' dir='ltr'>intelligat?</span> <span class='ocrx_word' id='word_1_383' title='bbox 1641 4185 1718 4252; x_wconf 87' lang='lat' dir='ltr'>Hoc</span> <span class='ocrx_word' id='word_1_384' title='bbox 1734 4175 1869 4274; x_wconf 89' lang='lat' dir='ltr'>quippe</span> <span class='ocrx_word' id='word_1_385' title='bbox 1886 4165 1993 4240; x_wconf 81' lang='lat' dir='ltr'>modo</span> 
     </span>
     <span class='ocr_line' id='line_1_32' title="bbox 419 4295 1994 4401; baseline -0.004 -31"><span class='ocrx_word' id='word_1_386' title='bbox 419 4314 455 4370; x_wconf 92' lang='lat' dir='ltr'>et</span> <span class='ocrx_word' id='word_1_387' title='bbox 470 4304 613 4371; x_wconf 88' lang='lat' dir='ltr'>Petrum</span> <span class='ocrx_word' id='word_1_388' title='bbox 631 4303 752 4372; x_wconf 84' lang='lat' dir='ltr'>Romae</span> <span class='ocrx_word' id='word_1_389' title='bbox 767 4303 805 4375; x_wconf 91' lang='lat' dir='ltr'>in</span> <span class='ocrx_word' id='word_1_390' title='bbox 822 4304 988 4401; x_wconf 91' lang='lat' dir='ltr'>sepulcro</span> <span class='ocrx_word' id='word_1_391' title='bbox 1005 4329 1099 4396; x_wconf 88' lang='lat' dir='ltr'>esse,</span> <span class='ocrx_word' id='word_1_392' title='bbox 1123 4323 1160 4380; x_wconf 89' lang='lat' dir='ltr'>et</span> <span class='ocrx_word' id='word_1_393' title='bbox 1180 4308 1349 4384; x_wconf 89' lang='lat' dir='ltr'>eumdem</span> <span class='ocrx_word' id='word_1_394' title='bbox 1366 4309 1403 4382; x_wconf 91' lang='lat' dir='ltr'>in</span> <span class='ocrx_word' id='word_1_395' title='bbox 1420 4304 1623 4380; x_wconf 88' lang='lat' dir='ltr'>coelestibus</span> <span class='ocrx_word' id='word_1_396' title='bbox 1643 4325 1728 4372; x_wconf 91' lang='lat' dir='ltr'>cum</span> <span class='ocrx_word' id='word_1_397' title='bbox 1749 4295 1891 4369; x_wconf 89' lang='lat' dir='ltr'>Christo</span> <span class='ocrx_word' id='word_1_398' title='bbox 1913 4310 1994 4387; x_wconf 84' lang='lat' dir='ltr'>pro·</span> 
     </span>
     <span class='ocr_line' id='line_1_33' title="bbox 421 4409 1995 4519; baseline -0.006 -29"><span class='ocrx_word' id='word_1_399' title='bbox 421 4416 564 4490; x_wconf 87' lang='lat' dir='ltr'>litemur</span> <span class='ocrx_word' id='word_1_400' title='bbox 580 4417 752 4515; x_wconf 79' lang='lat' dir='ltr'>ga&#39;udere3</span> <span class='ocrx_word' id='word_1_401' title='bbox 774 4447 886 4519; x_wconf 90' lang='lat' dir='ltr'>quum</span> <span class='ocrx_word' id='word_1_402' title='bbox 903 4439 1024 4499; x_wconf 90' lang='lat' dir='ltr'>tamen</span> <span class='ocrx_word' id='word_1_403' title='bbox 1039 4425 1109 4499; x_wconf 88' lang='lat' dir='ltr'>hoc</span> <span class='ocrx_word' id='word_1_404' title='bbox 1125 4427 1172 4500; x_wconf 89' lang='lat' dir='ltr'>dc</span> <span class='ocrx_word' id='word_1_405' title='bbox 1188 4427 1276 4518; x_wconf 88' lang='lat' dir='ltr'>alia,</span> <span class='ocrx_word' id='word_1_406' title='bbox 1297 4445 1332 4501; x_wconf 91' lang='lat' dir='ltr'>et</span> <span class='ocrx_word' id='word_1_407' title='bbox 1348 4428 1436 4500; x_wconf 91' lang='lat' dir='ltr'>illud</span> <span class='ocrx_word' id='word_1_408' title='bbox 1453 4427 1499 4499; x_wconf 88' lang='lat' dir='ltr'>de</span> <span class='ocrx_word' id='word_1_409' title='bbox 1515 4424 1583 4498; x_wconf 88' lang='lat' dir='ltr'>alia</span> <span class='ocrx_word' id='word_1_410' title='bbox 1597 4422 1758 4494; x_wconf 90' lang='lat' dir='ltr'>dicamus</span> <span class='ocrx_word' id='word_1_411' title='bbox 1780 4409 1995 4492; x_wconf 87' lang='lat' dir='ltr'>substantia,</span> 
     </span>
     <span class='ocr_line' id='line_1_34' title="bbox 422 4530 1998 4646; baseline 0 -39"><span class='ocrx_word' id='word_1_412' title='bbox 422 4561 497 4609; x_wconf 92' lang='lat' dir='ltr'>non</span> <span class='ocrx_word' id='word_1_413' title='bbox 515 4551 637 4609; x_wconf 92' lang='lat' dir='ltr'>tamen</span> <span class='ocrx_word' id='word_1_414' title='bbox 654 4539 700 4611; x_wconf 91' lang='lat' dir='ltr'>de</span> <span class='ocrx_word' id='word_1_415' title='bbox 716 4540 787 4614; x_wconf 87' lang='lat' dir='ltr'>alio</span> <span class='ocrx_word' id='word_1_416' title='bbox 807 4547 934 4634; x_wconf 88' lang='lat' dir='ltr'>Petro,</span> <span class='ocrx_word' id='word_1_417' title='bbox 952 4547 1115 4643; x_wconf 85' lang='lat' dir='ltr'>quamvis</span> <span class='ocrx_word' id='word_1_418' title='bbox 1133 4562 1216 4646; x_wconf 89' lang='lat' dir='ltr'>post</span> <span class='ocrx_word' id='word_1_419' title='bbox 1231 4548 1504 4622; x_wconf 86' lang='lat' dir='ltr'>dissolutionem</span> <span class='ocrx_word' id='word_1_420' title='bbox 1531 4542 1693 4641; x_wconf 86' lang='lat' dir='ltr'>corporis</span> <span class='ocrx_word' id='word_1_421' title='bbox 1716 4551 1751 4610; x_wconf 88' lang='lat' dir='ltr'>et</span> <span class='ocrx_word' id='word_1_422' title='bbox 1775 4535 1903 4611; x_wconf 84' lang='lat' dir='ltr'>animae</span> <span class='ocrx_word' id='word_1_423' title='bbox 1927 4530 1998 4624; x_wconf 73' lang='lat' dir='ltr'>jam</span> 
     </span>
     <span class='ocr_line' id='line_1_35' title="bbox 422 4646 1994 4763; baseline -0.003 -37"><span class='ocrx_word' id='word_1_424' title='bbox 422 4681 497 4728; x_wconf 89' lang='lat' dir='ltr'>non</span> <span class='ocrx_word' id='word_1_425' title='bbox 514 4656 559 4726; x_wconf 92' lang='lat' dir='ltr'>sit</span> <span class='ocrx_word' id='word_1_426' title='bbox 575 4681 646 4729; x_wconf 88' lang='lat' dir='ltr'>una</span> <span class='ocrx_word' id='word_1_427' title='bbox 664 4658 701 4730; x_wconf 88' lang='lat' dir='ltr'>in</span> <span class='ocrx_word' id='word_1_428' title='bbox 721 4663 827 4734; x_wconf 92' lang='lat' dir='ltr'>Petro</span> <span class='ocrx_word' id='word_1_429' title='bbox 849 4687 1004 4760; x_wconf 88' lang='lat' dir='ltr'>persona</span> <span class='ocrx_word' id='word_1_430' title='bbox 1028 4667 1211 4741; x_wconf 82' lang='lat' dir='ltr'>exanima</span> <span class='ocrx_word' id='word_1_431' title='bbox 1234 4667 1339 4740; x_wconf 91' lang='lat' dir='ltr'>simul</span> <span class='ocrx_word' id='word_1_432' title='bbox 1364 4682 1399 4740; x_wconf 83' lang='lat' dir='ltr'>et</span> <span class='ocrx_word' id='word_1_433' title='bbox 1422 4689 1575 4763; x_wconf 90' lang='lat' dir='ltr'>corpore</span> <span class='ocrx_word' id='word_1_434' title='bbox 1596 4669 1797 4758; x_wconf 82' lang='lat' dir='ltr'>compacta.</span> <span class='ocrx_word' id='word_1_435' title='bbox 1826 4650 1881 4722; x_wconf 78' lang='lat' dir='ltr'>ld</span> <span class='ocrx_word' id='word_1_436' title='bbox 1901 4646 1994 4719; x_wconf 81' lang='lat' dir='ltr'>illam</span> 
     </span>
     <span class='ocr_line' id='line_1_36' title="bbox 425 4764 1994 4884; baseline -0.008 -36"><span class='ocrx_word' id='word_1_437' title='bbox 425 4791 541 4848; x_wconf 87' lang='lat' dir='ltr'>tamen</span> <span class='ocrx_word' id='word_1_438' title='bbox 561 4776 733 4850; x_wconf 90' lang='lat' dir='ltr'>unionem</span> <span class='ocrx_word' id='word_1_439' title='bbox 749 4805 930 4878; x_wconf 73' lang='lat' dir='ltr'>personae,</span> <span class='ocrx_word' id='word_1_440' title='bbox 948 4786 1116 4882; x_wconf 84' lang='lat' dir='ltr'>quaejam</span> <span class='ocrx_word' id='word_1_441' title='bbox 1135 4786 1201 4859; x_wconf 92' lang='lat' dir='ltr'>suit</span> <span class='ocrx_word' id='word_1_442' title='bbox 1211 4842 1221 4881; x_wconf 91' lang='lat'>,</span> <span class='ocrx_word' id='word_1_443' title='bbox 1246 4812 1321 4861; x_wconf 92' lang='lat' dir='ltr'>non</span> <span class='ocrx_word' id='word_1_444' title='bbox 1343 4811 1422 4884; x_wconf 87' lang='lat' dir='ltr'>quae</span> <span class='ocrx_word' id='word_1_445' title='bbox 1447 4784 1558 4858; x_wconf 92' lang='lat' dir='ltr'>modo</span> <span class='ocrx_word' id='word_1_446' title='bbox 1583 4782 1645 4870; x_wconf 90' lang='lat' dir='ltr'>sit,</span> <span class='ocrx_word' id='word_1_447' title='bbox 1665 4774 1893 4874; x_wconf 85' lang='lat' dir='ltr'>respicientes</span> <span class='ocrx_word' id='word_1_448' title='bbox 1911 4764 1994 4838; x_wconf 92' lang='lat' dir='ltr'>dici·</span> 
     </span>
    </p>
   </div>
   <div class='ocr_carea' id='block_1_3' title="bbox 425 5075 1991 5242">
    <p class='ocr_par' dir='ltr' id='par_1_3' title="bbox 425 5075 1991 5242">
     <span class='ocr_line' id='line_1_37' title="bbox 459 5075 1991 5160; baseline 0.001 -17"><span class='ocrx_word' id='word_1_449' title='bbox 459 5077 467 5104; x_wconf 83' lang='lat'>&#39;</span> <span class='ocrx_word' id='word_1_450' title='bbox 483 5076 633 5143; x_wconf 59' lang='lat' dir='ltr'>J⁰⁸¹²w⁰¹lh</span> <span class='ocrx_word' id='word_1_451' title='bbox 646 5095 686 5140; x_wconf 72' lang='lat'><strong>¹¹¹·</strong></span> <span class='ocrx_word' id='word_1_452' title='bbox 697 5095 721 5132; x_wconf 73' lang='lat' dir='ltr'>v·</span> <span class='ocrx_word' id='word_1_453' title='bbox 738 5084 777 5132; x_wconf 76' lang='lat'>¹3·</span> <span class='ocrx_word' id='word_1_454' title='bbox 790 5111 818 5121; x_wconf 92' lang='lat'><em>-</em></span> <span class='ocrx_word' id='word_1_455' title='bbox 830 5081 840 5111; x_wconf 77' lang='grc'><strong><em>’</em></strong></span> <span class='ocrx_word' id='word_1_456' title='bbox 853 5086 906 5138; x_wconf 89' lang='lat' dir='ltr'>lhid</span> <span class='ocrx_word' id='word_1_457' title='bbox 919 5126 926 5150; x_wconf 91' lang='lat'>,</span> <span class='ocrx_word' id='word_1_458' title='bbox 941 5104 997 5155; x_wconf 86' lang='lat' dir='ltr'>cap.</span> <span class='ocrx_word' id='word_1_459' title='bbox 1013 5107 1052 5153; x_wconf 84' lang='lat' dir='ltr'>rr,</span> <span class='ocrx_word' id='word_1_460' title='bbox 1065 5107 1088 5142; x_wconf 81' lang='lat' dir='ltr'>v.</span> <span class='ocrx_word' id='word_1_461' title='bbox 1099 5093 1140 5144; x_wconf 77' lang='grc'>63.</span> <span class='ocrx_word' id='word_1_462' title='bbox 1154 5121 1180 5130; x_wconf 98' lang='grc'>-</span> <span class='ocrx_word' id='word_1_463' title='bbox 1194 5093 1204 5122; x_wconf 81' lang='lat'>⁸</span> <span class='ocrx_word' id='word_1_464' title='bbox 1218 5094 1323 5146; x_wconf 79' lang='lat' dir='ltr'>Corinth.</span> <span class='ocrx_word' id='word_1_465' title='bbox 1342 5095 1366 5154; x_wconf 85' lang='lat' dir='ltr'>l,</span> <span class='ocrx_word' id='word_1_466' title='bbox 1381 5108 1436 5160; x_wconf 84' lang='lat' dir='ltr'>cap.</span> <span class='ocrx_word' id='word_1_467' title='bbox 1452 5109 1474 5150; x_wconf 80' lang='lat' dir='ltr'>t,</span> <span class='ocrx_word' id='word_1_468' title='bbox 1491 5109 1513 5140; x_wconf 85' lang='lat' dir='ltr'>v.</span> <span class='ocrx_word' id='word_1_469' title='bbox 1529 5085 1830 5147; x_wconf 70' lang='lat' dir='ltr'>rt.-⁴Ptt1nr·‚0³t³·</span> <span class='ocrx_word' id='word_1_470' title='bbox 1847 5094 1878 5138; x_wconf 81' lang='lat'>¹¹·</span> <span class='ocrx_word' id='word_1_471' title='bbox 1890 5093 1913 5125; x_wconf 71' lang='lat' dir='ltr'>V·</span> <span class='ocrx_word' id='word_1_472' title='bbox 1925 5075 1949 5122; x_wconf 73' lang='lat'>⁶·</span> <span class='ocrx_word' id='word_1_473' title='bbox 1977 5097 1991 5105; x_wconf 84' lang='grc'><em>“</em></span> 
     </span>
     <span class='ocr_line' id='line_1_38' title="bbox 425 5164 1088 5242; baseline 0.023 -27"><span class='ocrx_word' id='word_1_474' title='bbox 425 5164 527 5226; x_wconf 81' lang='lat' dir='ltr'>&#39;lcan.,</span> <span class='ocrx_word' id='word_1_475' title='bbox 539 5179 594 5232; x_wconf 81' lang='lat' dir='ltr'>cap.</span> <span class='ocrx_word' id='word_1_476' title='bbox 605 5182 622 5216; x_wconf 84' lang='lat' dir='ltr'>x</span> <span class='ocrx_word' id='word_1_477' title='bbox 631 5205 638 5228; x_wconf 90' lang='lat'>,</span> <span class='ocrx_word' id='word_1_478' title='bbox 648 5184 672 5220; x_wconf 80' lang='lat' dir='ltr'>r.</span> <span class='ocrx_word' id='word_1_479' title='bbox 683 5169 725 5219; x_wconf 76' lang='grc'>30.</span> <span class='ocrx_word' id='word_1_480' title='bbox 734 5171 785 5208; x_wconf 79' lang='lat'>-⁸</span> <span class='ocrx_word' id='word_1_481' title='bbox 795 5171 869 5237; x_wconf 80' lang='lat' dir='ltr'>ibid,</span> <span class='ocrx_word' id='word_1_482' title='bbox 880 5191 934 5242; x_wconf 81' lang='lat' dir='ltr'>cap.</span> <span class='ocrx_word' id='word_1_483' title='bbox 948 5193 998 5238; x_wconf 83' lang='lat' dir='ltr'>nv,</span> <span class='ocrx_word' id='word_1_484' title='bbox 1010 5195 1035 5230; x_wconf 84' lang='lat' dir='ltr'>v.</span> <span class='ocrx_word' id='word_1_485' title='bbox 1047 5181 1088 5231; x_wconf 82' lang='lat'>28.</span> 
     </span>
    </p>
   </div>
   <div class='ocr_carea' id='block_1_4' title="bbox 0 0 2276 6100">
    <p class='ocr_par' dir='ltr' id='par_1_4' title="bbox 0 0 2276 6100">
     <span class='ocr_line' id='line_1_39' title="bbox 0 0 2276 6100; baseline 0 0"><span class='ocrx_word' id='word_1_486' title='bbox 0 0 2276 6100; x_wconf 95' lang='lat' dir='ltr'> </span> 
     </span>
    </p>
   </div>
  </div>
 </body>
</html>
