4510 6108
908 641 1152 716 SERMONES.

538 1061 596 1148 IN
633 1060 809 1149 FERIA
842 1061 1093 1151 SECUNDA
1128 1061 1528 1152 PENTECOSTES.

925 1335 1038 1382 SERMO
1063 1336 1135 1381 XIX.

287 1525 477 1596 Maximam
496 1524 593 1623 apud
613 1550 678 1597 vos
699 1525 925 1599 festivitatem
944 1531 1169 1600 Pentecostes
1191 1540 1328 1625 quanto
1351 1525 1486 1622 majore
1506 1526 1625 1599 studio
1648 1527 1829 1599 celebrare

240 1645 412 1733 nitimini,
428 1658 529 1715 tanto
540 1640 703 1743 pluribus
715 1647 1007 1740 exhortationum
1023 1625 1249 1719 sermonibus
1268 1647 1314 1719 ad
1330 1645 1402 1718 hoc
1419 1647 1548 1746 cupitis
1561 1647 1713 1720 incitari.
1736 1650 1829 1720 Octo

239 1767 359 1862 itaque
375 1765 501 1837 diebus
518 1755 598 1838 eam
612 1766 850 1856 celebrantes,
870 1769 907 1838 in
925 1767 1072 1865 singulis
1088 1769 1163 1840 istis
1176 1767 1335 1865 singulos
1352 1769 1487 1863 exigitis
1507 1792 1704 1840 sermones.
1721 1767 1829 1857 Quod

240 1898 279 1954 ut
296 1883 466 1982 perficere
478 1910 624 1984 queam,
643 1887 715 1958 hoc
730 1887 775 1960 ab
790 1889 868 1986 ipso
885 1888 1018 1990 Spiritu
1035 1888 1125 1959 mihi
1138 1889 1264 1961 vestris
1282 1887 1449 1987 precibus
1465 1888 1666 1985 impetrate.
1681 1891 1727 1960 Et
1737 1913 1829 1986 quo-

240 2007 337 2077 niam
350 2007 450 2101 juxta
469 2007 691 2079 dominicam
709 2010 961 2096 assertionem,
982 2008 1099 2080 scriba
1122 2009 1250 2080 doetus
1271 2010 1308 2078 in
1327 2033 1440 2106 regno
1461 2009 1527 2078 Dei
1547 2009 1671 2080 similis
1688 2023 1742 2080 est
1760 2006 1829 2082 ho·

240 2126 345 2214 mini',
363 2127 425 2222 qui
437 2125 574 2224 profert
588 2126 634 2197 de
652 2127 821 2198 thesauro
840 2153 906 2199 suo
926 2151 1024 2198 nova
1037 2143 1072 2199 et
1083 2143 1221 2217 vetera,
1238 2127 1334 2198 hanc
1347 2127 1524 2224 imperitia
1536 2151 1618 2198 mea
1628 2126 1830 2200 doctrinam

239 2262 414 2342 quantum
428 2247 535 2335 valet,
548 2228 697 2345 cupiens
708 2248 852 2336 imitari,
867 2247 912 2318 de
923 2251 1025 2319 Novo
1036 2251 1262 2319 Testamento
1274 2246 1321 2319 ad
1331 2248 1469 2320 Veteris
1481 2247 1686 2319 testimonia
1699 2247 1831 2345 stylum

240 2381 448 2436 convertere
475 2380 606 2436 curat:
633 2381 673 2437 ut
701 2390 744 2436 eo
769 2367 903 2462 gratior
927 2365 1003 2438 haec
1028 2365 1236 2439 solemnitas
1259 2365 1453 2454 habeatur,
1479 2389 1554 2464 quo
1577 2367 1653 2462 ejus
1677 2365 1831 2462 dignitas

241 2485 393 2585 amplius
410 2486 696 2558 commendatur.
718 2490 818 2557 Hanc
836 2486 957 2582 itaque
975 2486 1089 2558 sancti
1107 2487 1258 2584 Spiritus
1271 2501 1346 2558 tam
1361 2486 1553 2582 gloriosam
1567 2485 1830 2558 solemnitatem

240 2632 303 2704 per
317 2607 486 2680 eumdem
496 2609 667 2706 Spiritum
678 2608 862 2680 Psalrnista
875 2608 1265 2707 praevidenS,·eamque,
1277 2624 1317 2679 ut
1327 2622 1484 2707 oportet,
1495 2609 1703 2680 Ascensioni
1712 2607 1830 2679 dorni-

241 2729 329 2799 nicae
346 2728 537 2828 copulans,
563 2729 608 2800 ad
625 2729 701 2826 ejus
716 2729 981 2824 jucunditatem
1000 2728 1254 2801 celebrandam
1272 2753 1340 2800 nos
1357 2729 1589 2800 vehementer
1615 2728 1827 2818 admonens,
1931 2789 1932 2794 ,

241 2847 401 2942 quodam
414 2847 496 2919 loco
516 2849 601 2920 ait¹:
621 2852 776 2944 «Regna
795 2864 914 2939 terrae,
937 2863 1079 2920 cantate
1097 2852 1193 2938 Deo,
1220 2847 1359 2945 psallite
1380 2849 1551 2919 Domine.
1575 2848 1715 2919 Psallite
1732 2851 1827 2936 Dec,

240 2968 301 3064 qui
318 2969 479 3040 ascendit
493 2994 599 3066 snper
613 2968 744 3039 coelum
761 2970 840 3040 coeli
858 2959 904 3041 ad
922 2971 1110 3041 orientem.
1126 2973 1217 3039 Ecce
1231 2967 1331 3040 dabit
1344 2969 1426 3040 voci
1445 2993 1516 3040 suae
1528 2991 1656 3039 vocem
1669 2967 1826 3056 virtutis,
1921 3035 1927 3044 .
1949 3025 1959 3044 .

241 3086 322 3158 date
344 3087 494 3183 gloriam
517 3091 593 3158 Deo
617 3113 724 3185 super
747 3087 853 3159 lsrael
878 3115 886 3157 :
911 3085 1175 3183 magnificentia
1198 3079 1273 3182 ejus
1299 3101 1334 3158 et
1357 3085 1470 3158 virtus
1491 3087 1566 3183 ejus
1588 3086 1626 3156 in
1653 3084 1825 3158 nubibus.

240 3207 409 3281 llirabilis
426 3213 522 3280 Deus
541 3211 578 3281 in
601 3211 733 3281 sanctis
751 3211 841 3299 suis,
859 3213 955 3280 Deus
974 3208 1080 3280 lsrael
1102 3237 1110 3278 ε
1131 3209 1206 3307 ipse
1223 3189 1324 3279 dabit
1342 3209 1512 3279 virtutem
1525 3223 1561 3279 et
1582 3195 1829 3282 fortitudinem

240 3330 337 3432 plebi
358 3356 429 3402 suae
449 3329 659 3402 benedictus
673 3333 782 3404 Deus.
801 3361 818 3398 a
840 3331 973 3402 Divino
994 3331 1115 3427 itaque
1129 3330 1254 3427 spiritu
1277 3328 1497 3401 illuminatus
1514 3324 1700 3402 Psalrnista
1720 3331 1828 3403 etiam

240 3463 322 3546 post
335 3451 583 3521 ascensionem
594 3451 755 3539 Domini,
770 3449 1043 3524 descensionem
1056 3449 1217 3546 ejusdem
1232 3449 1383 3547 Spiritus
1399 3448 1618 3552 mirabilem,
1631 3465 1666 3522 et
1680 3451 1830 3546 gratiam

239 3571 277 3640 in
299 3571 462 3670 natipnes
481 3571 664 3642 universas
682 3570 852 3660 effusam,
871 3595 941 3642 nec
952 3571 1030 3666 jam
1042 3585 1083 3641 ut
1098 3585 1181 3641 ante
1199 3570 1236 3641 in
1253 3569 1374 3641 Judaea
1386 3573 1504 3652 Deum
1514 3563 1732 3667 intelligens,
1748 3573 1828 3644 uni·

240 3711 343 3762 versa
358 3715 467 3787 regna
473 3692 549 3787 jam
560 3717 625 3788 per
636 3690 732 3762 hanc
745 3693 895 3787 gratiam
906 3693 983 3762 Deo
996 3691 1186 3786 acquisita,
1206 3688 1251 3758 ad
1263 3690 1382 3786 ipsum
1394 3687 1670 3785 glorificandum
1682 3692 1827 3782 invitat,

241 3809 384 3883 dicens:
399 3841 416 3879 α
430 3815 552 3907 Regna
560 3826 676 3900 terrae,
689 3825 829 3882 cantate
839 3815 934 3899 Dec,
951 3808 1090 3908 psallite
1101 3809 1274 3896 Domino,
1289 3837 1307 3875 n
1325 3808 1395 3879 lroc
1407 3825 1461 3880 est
1474 3837 1482 3880 ε
1496 3812 1676 3883 Universae
1687 3826 1827 3908 gentes,

240 3956 320 4028 quae
328 3933 404 4028 jam
416 3957 436 4002 a
449 3933 618 4003 servitute
632 3930 767 4002 diaboli
779 3930 936 4003 liberatae
947 3953 1097 4026 regnare
1108 3928 1283 4026 coepistis,
1302 3927 1497 4024 glorificate
1510 3955 1617 4028 super
1629 3931 1701 4003 hoc
1713 3936 1829 4006 Deum

241 4076 330 4122 voce
347 4050 547 4140 cantanda,
567 4076 608 4123 ac
626 4049 733 4122 simul
749 4050 957 4149 operatione
978 4047 1179 4148 psallendo.
1201 4052 1251 4117 Ac
1272 4071 1318 4118 ne
1336 4050 1453 4128 Deum
1471 4073 1700 4144 negaremus,
1720 4077 1829 4148 quem

236 4173 338 4266 justa
354 4171 615 4245 humanitatem
633 4186 871 4270 assumptam,
891 4171 1043 4242 localem
1063 4169 1120 4242 vel
1145 4167 1318 4260 mobilem
1343 4168 1574 4242 audiremus:
1597 4200 1615 4239 α
1630 4173 1751 4268 lpsi,»
1778 4173 1830 4243 in-

240 4293 336 4388 quit,
361 4292 530 4391 «psallite
548 4293 610 4390 qui
628 4293 806 4381 ascendit,
827 4307 895 4363 etc.
907 4321 925 4360 n
940 4292 1108 4389 Superius
1126 4289 1274 4389 quidem
1291 4289 1449 4360 dixerat:
1474 4318 1493 4358 a
1507 4295 1576 4361 lter
1594 4290 1698 4364 facite
1717 4293 1749 4365 ei
1767 4297 1828 4391 qui

240 4412 402 4510 ascendit
419 4437 526 4510 super
543 4436 722 4483 oceasum.
740 4442 759 4480 a
779 4415 881 4482 Nunc
897 4437 983 4483 vero
1002 4411 1109 4483 dicit:
1133 4439 1151 4477 α
1164 4411 1235 4496 Qui
1252 4408 1412 4484 ascendit
1428 4433 1535 4508 super
1545 4409 1677 4482 coelum
1688 4413 1767 4483 coeli
1782 4415 1829 4485 ad

241 4533 467 4604 orientem.»
490 4533 590 4604 Prius
608 4535 728 4630 itaque
749 4534 794 4606 de
818 4533 1094 4622 resurrectione,
1120 4531 1212 4602 sieut
1228 4531 1396 4639 primum·
1408 4530 1501 4603 lacta
1523 4547 1593 4620 est,
1613 4532 1702 4604 illud
1721 4535 1825 4625 dixit;

242 4675 341 4725 uunc
358 4677 445 4723 vero
468 4652 514 4724 de
535 4653 743 4724 ascensione
764 4653 836 4724 hoc
856 4651 1052 4748 subjungit.
1076 4653 1253 4722 Occasum
1274 4652 1393 4748 itaque
1411 4652 1487 4722 veri
1502 4650 1586 4723 solis
1604 4654 1828 4750 corporalem

242 4771 318 4866 ejus
332 4771 473 4843 obitum
485 4772 571 4843 dicit
585 4829 593 4860 ,
608 4772 654 4844 de
668 4797 741 4869 quo
755 4773 830 4871 ipsc
843 4772 994 4844 dixerat²
1011 4799 1019 4842 :
1038 4799 1057 4840 <r
1069 4770 1142 4841 Nisi
1153 4793 1303 4865 granum
1319 4769 1487 4842 frumenti
1505 4771 1637 4843 cadens
1648 4773 1685 4842 in
1697 4767 1828 4845 terram

145 4945 151 4962 .
243 4906 427 4963 mortuum
445 4893 567 4981 suerit,
588 4907 657 4965 ete.
675 4922 693 4961 a
713 4895 827 4990 Super
850 4893 948 4963 hunc
968 4892 1075 4988 igitur
1092 4914 1260 4962 occasum
1278 4890 1455 4980 ascendit,
1479 4890 1626 4988 quando
1648 4890 1693 4962 de
1713 4907 1828 4966 morte

242 4999 450 5100 resurrexit,
473 5037 574 5084 more
597 5012 762 5084 videlicet
777 5012 860 5083 solis
875 5068 883 5100 ,
896 5014 966 5109 qui
982 5027 1065 5111 post
1087 5035 1255 5082 occasum
1277 5009 1487 5083 conscendit
1506 5010 1552 5082 ad
1571 5025 1704 5083 ortum.
1726 5017 1778 5083 lta
1796 5016 1828 5084 ei

280 5258 287 5283 ¹
308 5257 396 5309 Pralm.
410 5276 487 5324 sxvn,
501 5277 523 5310 v.
537 5263 567 5310 83
578 5272 603 5311 et
614 5277 668 5328 req·
680 5289 708 5299 -
720 5259 729 5288 ¹
741 5259 890 5329 Joau.,cap.
904 5279 953 5332 an,
969 5279 991 5312 v.
1044 5301 1049 5312 .
