4520 6104
876 627 1113 702 EPlS‘l'OLAE.
1719 631 1782 701 194
1841 657 1848 666 ·

200 781 285 845 tuuc
319 763 469 866 dispersi
493 789 558 862 per
587 762 733 837 cellulas
762 764 885 838 fratres
916 766 1234 865 congregabantur.
1266 767 1364 840 Sicut
1391 783 1426 840 et
1450 769 1488 840 in
1517 769 1609 839 Vitis
1640 771 1788 840 Petrum

199 889 324 965 beatus
353 899 616 962 commemorat
639 884 896 982 Hieronymus,
925 887 1083 960 scribens
1113 887 1160 960 de
1188 888 1270 962 loco
1296 912 1406 985 quem
1431 887 1539 962 Cellia
1566 889 1787 976 nominavit,

199 1007 256 1080 his
278 1004 395 1078 verbis
411 1008 444 1074 ¹:
476 1003 647 1102 «Singuli
678 1029 742 1103 per
772 1003 916 1076 cellulas
946 1021 1105 1080 manent.
1135 1009 1201 1080 Die
1233 1022 1352 1080 tamen
1379 1006 1516 1080 sabbati
1547 1023 1579 1082 et
1609 1007 1789 1082 dominica

200 1127 238 1198 in
255 1149 367 1228 unum
382 1123 429 1199 ad
448 1122 635 1197 ecclesiam
657 1137 811 1214 coeunt,
836 1139 873 1196 et
900 1124 948 1196 ibi
974 1127 1185 1224 semetipsos
1209 1127 1360 1198 invicem
1388 1140 1558 1225 tanquam
1581 1126 1673 1200 coelo
1702 1125 1789 1198 red-

200 1243 296 1318 ditos
309 1243 443 1318 vident.
463 1270 481 1310 s
505 1242 609 1315 Unde
622 1241 782 1342 prolecto
801 1245 1019 1318 conveniens
1037 1260 1114 1318 erat
1128 1247 1203 1318 haec
1224 1245 1467 1342 indulgentia,
1489 1261 1529 1318 ut
1545 1245 1687 1320 insimul
1704 1270 1790 1318 oon·

198 1366 383 1442 venmntes
399 1363 518 1462 aliqua
532 1364 749 1436 recreatione
762 1365 1049 1462 congauderent,
1071 1391 1145 1438 nori
1163 1383 1236 1440 tam
1255 1365 1411 1440 dicentes
1427 1391 1536 1463 quam
1548 1367 1763 1440 sentientes¹
1779 1395 1787 1436 :

201 1515 220 1554 a
240 1489 330 1558 Ecce
348 1508 457 1581 quam
483 1481 623 1556 bonum
641 1496 677 1554 et
701 1507 810 1580 quam
825 1484 1027 1579 jucundum
1043 1483 1204 1558 hahitare
1222 1486 1345 1558 fratres
1369 1486 1406 1557 in
1430 1510 1555 1557 unum.
1573 1511 1591 1554 u
1611 1488 1703 1558 Ecce
1724 1486 1754 1557 s'i
1770 1509 1792 1554 a

198 1601 367 1676 carnibus
381 1601 645 1692 abstineamus,
666 1626 836 1699 magnum
854 1603 1060 1700 quidnobis
1079 1606 1294 1704 imputatur,
1316 1621 1593 1702 qvuntacunque
1605 1603 1791 1702 superflui·

200 1736 271 1799 tate
293 1723 418 1794 ceteris
443 1746 639 1796 vescamur.
664 1721 701 1792 Si
718 1721 838 1796 multia
856 1725 1019 1820 expensis
1036 1723 1176 1798 diversa
1193 1725 1343 1824 piscium
1361 1724 1493 1801 fereula
1515 1747 1789 1821 comparemus,

198 1843 229 1914 si
251 1843 385 1941 piperis
404 1857 439 1914 et
458 1842 659 1940 specierum
681 1867 830 1941 sapores
844 1843 1076 1934 misceamus,
1104 1846 1133 1916 si
1157 1870 1271 1942 quum
1293 1843 1457 1918 inebriati
1477 1868 1578 1916 mero
1597 1842 1789 1936 fuerimus,

198 1963 328 2038 calices
340 1962 573 2040 herbatorum
591 1978 626 2036 et
644 1963 780 2062 phialas
793 1964 1058 2062 pigmentorum
1072 1967 1377 2065 superaddamus,
1398 1981 1513 2040 totum
1528 1965 1565 2036 id
1580 1978 1724 2039 excusat
1741 1964 1793 2034 vi·

200 2082 288 2158 lium
307 2084 519 2158 abstinentia
538 2085 724 2174 carnium,
746 2083 947 2158 dummodo
964 2110 1024 2159 eas
1044 2086 1187 2184 publice
1208 2111 1283 2160 nou
1303 2111 1490 2175 voremus,
1509 2085 1611 2183 quasi
1629 2082 1793 2156 ciborum

199 2205 351 2301 qualitas
368 2206 480 2302 magis
495 2229 604 2301 quam
624 2205 850 2303 superfluitas
876 2205 913 2278 in
937 2205 1043 2305 culpa
1060 2207 1104 2278 sit
1123 2235 1131 2278 ε
1152 2233 1265 2305 quum
1282 2207 1396 2280 solam
1416 2206 1592 2278 Dominus
1609 2205 1792 2304 crapulam

200 2340 237 2398 et
252 2325 460 2400 ebrietatem
478 2323 583 2398 rrohis
598 2324 785 2401 interdicat
796 2326 827 2414 ⁸,
847 2323 919 2398 hoc
934 2341 987 2398 est
1003 2325 1074 2398 cibi
1089 2327 1222 2424 pariter
1231 2343 1276 2400 et
1292 2327 1366 2400 vini
1381 2326 1661 2425 superfluitatem
1673 2327 1793 2425 potius

199 2469 310 2544 quam
324 2445 544 2543 qualitatem.
566 2443 674 2532 Quod
692 2459 730 2518 et
746 2443 933 2542 diligenter
956 2445 1081 2518 beatas
1105 2446 1292 2540 attendens
1315 2447 1549 2544 Augustinus,
1574 2443 1734 2542 nihilque
1754 2445 1792 2516 in

200 2564 378 2637 alimentis
400 2579 526 2664 prater
544 2565 667 2634 vinum
688 2565 838 2653 veritus,
859 2587 926 2636 neo
943 2563 1051 2636 ullam
1064 2563 1230 2638 ciborum
1243 2565 1451 2663 qualitatem
1466 2565 1706 2660 distinguens,
1721 2561 1792 2634 hoc

201 2687 237 2757 in
257 2685 470 2758 abstinentia
483 2685 566 2756 satis
586 2708 662 2756 esse
680 2683 831 2755 credidit
848 2684 948 2782 quod
965 2684 1122 2757 breviter
1141 2687 1335 2785 expressit:
1358 2688 1566 2774 «Carnem,
1586 2713 1604 2750 a
1629 2685 1744 2781 inquit
1757 2687 1790 2772 ⁵,

203 2837 221 2872 «ι
239 2821 394 2878 vestram
408 2805 553 2876 domate
563 2802 720 2900 jejuniis,
741 2817 777 2874 et
792 2801 1004 2876 abstinentia
1023 2827 1109 2876 escae
1125 2803 1182 2876 vel
1198 2819 1327 2903 potus,
1343 2818 1517 2901 quantum
1531 2802 1698 2874 valetudo
1712 2827 1794 2900 per-

200 2925 323 2997 mittit.
339 2953 358 2992 u
380 2928 538 3021 Legerat,
555 2921 623 2993 nisi
637 2920 755 3010 fallor,
775 2922 863 2994 illud
874 2922 968 2994 beati
983 2922 1163 2994 Athanasii
1175 2925 1211 2993 in
1226 2923 1474 2995 exhortatione
1486 2921 1533 2995 ad
1547 2921 1764 2993 monachos⁵
1779 2947 1786 2989 ε

201 3073 220 3112 a
234 3045 459 3141 Jejuniorum
479 3065 625 3140 quoque
643 3065 718 3113 non
743 3043 787 3114 sit
802 3041 1007 3114 volentibus
1023 3056 1119 3115 certa
1135 3065 1322 3134 mensura,
1342 3041 1406 3116 sed
1429 3043 1465 3114 in
1492 3058 1665 3141 quantum
1682 3043 1794 3142 possi·

198 3165 320 3238 bilitas
342 3164 452 3254 valet,
474 3164 541 3236 nisi
557 3162 751 3235 laborantis
769 3177 913 3234 extensa
937 3190 947 3233 t
978 3185 1057 3259 quae
1075 3179 1201 3262 praeter
1218 3161 1437 3235 dominicam
1451 3163 1546 3234 diem
1565 3186 1706 3261 semper
1724 3163 1794 3233 sint

197 3287 400 3374 solemnia,
416 3309 490 3356 non
506 3284 625 3356 votiva
639 3283 721 3355 sint.
742 3311 760 3351 a
783 3287 832 3356 hc
845 3285 874 3354 si
888 3281 1022 3356 diceret
1039 3311 1047 3354 ι
1070 3281 1106 3354 Si
1119 3309 1162 3355 cx
1175 3299 1261 3356 voto
1276 3282 1535 3383 suscipiuntur,
1556 3282 1685 3354 devote
1699 3303 1794 3354 com·

197 3406 371 3506 pleantnr
385 3406 486 3477 omni
502 3419 686 3500 tempore,
705 3403 772 3475 nisi
791 3404 828 3474 in
849 3399 1039 3476 dominicis
1054 3403 1193 3475 diebus.
1211 3402 1314 3475 Nulla
1329 3402 1389 3474 hic
1402 3402 1536 3500 jejunia
1550 3399 1794 3503 praefiguntur,

194 3525 265 3598 sed
282 3539 457 3623 quantum
474 3523 646 3622 permittit
663 3521 842 3594 valetudo
860 3521 998 3593 Dicitur
1009 3523 1106 3594 enim
1123 3542 1132 3592 t
1154 3553 1171 3590 a
1187 3519 1306 3594 Solam
1321 3537 1456 3594 naturae
1474 3519 1677 3593 facultatem
1688 3522 1796 3618 inspi-

193 3647 250 3718 cit
263 3661 300 3718 et
315 3644 427 3743 ipsam
446 3644 513 3716 sihi
531 3643 683 3714 modum
700 3639 882 3740 praefigere
897 3641 1070 3743 permittit
1092 3669 1100 3712 z
1127 3643 1242 3714 sciens
1258 3641 1430 3739 quoniam
1447 3643 1484 3713 in
1502 3638 1608 3713 nullis
1621 3637 1796 3738 delinqui-

191 3781 285 3856 tur,
317 3766 347 3835 si
366 3764 495 3834 modus
511 3764 547 3834 in
569 3761 737 3833 omnibus
755 3776 930 3834 teneatur.
948 3789 967 3828 u
999 3766 1042 3831 Ut
1060 3761 1223 3833 videlicet
1245 3785 1312 3832 nec
1327 3761 1506 3833 remissius
1524 3787 1634 3860 quam
1654 3774 1797 3859 oportet

191 3881 448 3981 voluptatibus
470 3882 710 3971 resolvamur,
741 3881 831 3951 sicut
857 3879 903 3951 de
928 3879 1066 3979 populo
1094 3879 1250 3951 medulla
1268 3879 1375 3951 tritici
1391 3895 1425 3952 et
1441 3881 1681 3953 meracissimo
1710 3881 1795 3952 vino

188 4006 358 4078 educato
372 4005 543 4102 scriptum
562 4002 657 4074 est⁸2
676 4031 694 4070 ι(
710 4006 925 4072 Incrassatus
942 4016 1017 4090 est,
1039 3999 1225 4089 dilatatus,
1247 4014 1282 4072 et
1296 4001 1538 4072 recalcitravit.
1556 4029 1574 4067 u
1602 4003 1673 4071 Neo
1689 4023 1796 4098 supra

187 4128 357 4202 modum
377 4127 587 4198 abstinentia
602 4125 768 4196 macerati
786 4121 841 4194 vel
858 4124 1008 4194 omnino
1031 4123 1114 4193 victi
1137 4121 1436 4212 succumbamus,
1461 4121 1517 4193 vel
1535 4135 1798 4192 murmurantes

184 4247 410 4320 rrrercedem
425 4249 649 4334 amittamus,
672 4243 725 4314 vel
745 4242 791 4314 de
811 4242 1049 4339 singularitate
1064 4241 1268 4339 gloriemur.
1291 4241 1401 4330 Quod
1418 4240 1643 4312 Ecclesiastes
1659 4263 1797 4337 praeve-

185 4369 309 4440 niens
328 4366 398 4437 ait'
414 4392 424 4436 t
442 4394 460 4433 a
478 4369 596 4436 iustus
612 4365 702 4462 perit
721 4364 758 4434 in
776 4387 839 4435 sua
852 4361 998 4459 justitia.
1018 4361 1098 4433 Noli
1111 4386 1186 4432 esse
1198 4361 1314 4456 justus
1330 4360 1496 4449 multum,
1517 4383 1633 4456 neque
1647 4357 1728 4457 plus
1747 4379 1797 4428 sa-

181 4491 407 4587 piusquam
423 4507 567 4557 necesse
582 4499 654 4574 est,
676 4507 722 4554 ne
737 4481 985 4582 obstupescas,
1001 4511 1017 4548 u
1034 4481 1080 4552 de
1094 4495 1154 4552 tua
1167 4481 1267 4578 quasi
1289 4479 1469 4551 admirans
1482 4478 1721 4575 singularitate
1740 4476 1795 4546 in-

181 4625 398 4681 tumescas.
433 4605 524 4676 Huic
545 4627 633 4675 vero
656 4603 845 4701 diligentia
867 4604 917 4674 sic
938 4602 1099 4674 omnium
1126 4601 1297 4672 virtutum
1324 4616 1436 4672 mater
1462 4599 1627 4670 discretio
1653 4597 1793 4694 praesu,

180 4743 229 4802 ut
266 4751 357 4825 quae
385 4725 516 4824 quibus
546 4727 708 4823 imponat
736 4747 845 4796 onera
872 4722 1019 4794 sollicite
1046 4721 1187 4812 videat,
1220 4722 1412 4818 unicuique
1439 4719 1570 4792 scilicet
1599 4717 1796 4790 secundum

219 5001 229 5027 ³
260 4999 337 5049 rue
349 4995 523 5055 Parrum,lib.
546 4995 587 5057 ll,
607 5013 633 5062 p.
648 4997 705 5045 tra.
722 4996 766 5046 Dte
786 5005 879 5046 tautum
893 4997 989 5046 subbati
1025 4993 1332 5057 0pp.,l’arisiis,1698,
1356 4993 1452 5055 in·fol.,
1475 5004 1494 5044 t.
1517 4991 1553 5050 ll,
1580 5009 1604 5057 p.
1628 4991 1672 5040 361
1703 4990 1799 5050 (Ρ).-

175 5099 233 5152 pro
249 5085 305 5133 dic
319 5081 507 5130 conmaculata·
518 5079 603 5130 niellus
617 5079 714 5146 legitur.
727 5105 756 5116 -
768 5076 778 5103 ¹
791 5078 880 5130 Psalur.
895 5093 991 5138 cxxxii,
1023 5078 1155 5137 ‘Dmter.,
1167 5092 1223 5144 cap.
1237 5093 1321 5142 uari,
1336 5076 1757 5142 v.15.—¹Ecctu.,rap.rrr‚r.
1773 5073 1798 5121 tl

175 5189 202 5222 v.
228 5173 256 5218 t.
273 5163 496 5231 -—²huc.,cap.
513 5181 574 5220 ιιι,
592 5182 615 5215 v.
632 5162 825 5230 at.-⁸spur.
845 5179 916 5222 ccxi.
934 5162 996 5226 opp.
1030 5164 1107 5214 sttt.

177 5247 200 5306 ¹.
224 5254 272 5312 ll,
292 5249 352 5300 col.
365 5249 423 5300 tta.
435 5247 636 5312 -⁸Syntayanc
652 5249 775 5300 Doctrlnoe
796 5251 830 5298 ad
850 5247 997 5306 nonachus,
1108 5295 1111 5304 ,
