4536 6102
842 553 1077 628 aurosum
1102 537 1306 628 aunon.
1799 559 1863 629 eu

288 721 367 768 mus
384 701 528 769 Petrum
548 698 666 796 ipsum
684 711 720 770 θῖ
740 697 790 769 ibi
813 721 889 769 esse
910 699 947 768 in
970 698 1154 796 sepulcro,
1173 699 1263 769 etin
1288 694 1489 776 coelestibus
1515 721 1598 768 cum
1624 695 1780 769 Christo.
1799 701 1869 786 Qui

287 819 395 890 etiam
418 819 623 917 sepulcrum
650 819 797 915 alicujus
825 821 1004 892 intuentes
1029 820 1148 894 dicere
1173 843 1250 893 non
1275 843 1474 892 veremur:
1502 821 1567 891 Hic
1592 818 1704 890 homo
1729 821 1868 917 quibis

224 926 229 934 ¹
283 938 377 1032 jacet
391 963 562 1034 maguam
583 940 768 1011 scientiam
785 955 821 1010 et
839 938 1143 1037 pulchritudinem
1163 938 1307 1029 habuit,
1327 963 1439 1036 quum
1460 954 1581 1012 tamen
1608 937 1696 1010 illud
1717 938 1871 1012 cadaver

287 1079 354 1124 nec
366 1055 443 1150 jam
458 1055 573 1129 homo
589 1058 652 1146 sit,
672 1082 740 1128 nec
755 1058 942 1131 seientiam
958 1057 1101 1147 habuit,
1119 1081 1199 1155 quse
1215 1057 1324 1130 solius
1347 1072 1423 1129 erat
1448 1056 1604 1129 absentis
1632 1056 1774 1146 animae,
1803 1081 1871 1129 nec

286 1175 363 1270 ipsa
379 1177 516 1266 anima,
539 1202 618 1275 quae
634 1179 819 1251 scientiam
830 1179 927 1252 illam
943 1179 1087 1270 habuit,
1103 1178 1279 1251 ullatenus
1297 1178 1431 1250 habere
1443 1178 1669 1276 corporalem
1682 1177 1779 1250 illam
1793 1179 1871 1278 pul-

286 1292 527 1368 claritudinem
554 1297 690 1394 potuit,
710 1299 774 1370 sed
793 1299 830 1369 in
848 1299 997 1370 diversis
1012 1299 1155 1396 penitus
1172 1298 1307 1369 naturis
1331 1299 1475 1370 scientia
1500 1297 1560 1370 illa
1583 1313 1618 1369 et
1637 1298 1870 1396 pulchritudo
1894 1296 1896 1300 ’

287 1410 416 1501 fuerit,
435 1413 495 1486 illa
511 1416 658 1512 quidem
674 1417 711 1488 in
729 1417 871 1507 anima,
891 1417 966 1488 haec
981 1419 1020 1488 in
1039 1439 1205 1514 corpore.
1225 1420 1347 1503 Quum
1363 1417 1484 1512 itaque
1501 1416 1653 1487 dicimus
1669 1415 1789 1507 huuc,
1808 1420 1870 1514 qui

286 1529 344 1601 hic
364 1532 475 1626 Jacet,
499 1537 696 1631 sapientem
714 1536 841 1625 fuisse,
860 1551 1008 1633 propter
1025 1537 1200 1607 unitatem
1216 1533 1381 1606 videlicet
1401 1559 1581 1632 personae,
1601 1558 1681 1631 quae
1693 1534 1769 1630 jam
1793 1559 1868 1607 non

286 1665 360 1740 est,
379 1652 444 1723 sed
461 1653 527 1724 fuit
546 1681 554 1723 :
574 1678 731 1726 cur-non
749 1655 911 1726 dicaruus
928 1654 973 1727 de
990 1655 1132 1727 Christo
1148 1654 1270 1742 hunc,
1289 1656 1352 1752 qui
1367 1659 1464 1725 Deus
1480 1669 1551 1743 est,
1570 1653 1758 1726 hominem
1774 1659 1870 1729 esse?

286 1771 343 1840 val
359 1771 470 1860 hunc,
486 1773 548 1870 qui
564 1773 610 1845 de
631 1773 722 1846 coelo
740 1775 943 1865 descendit,
964 1775 1182 1864 ascendisse,
1199 1775 1270 1846 hoc
1288 1789 1340 1846 est
1356 1799 1466 1847 unam
1482 1774 1549 1848 Dei
1567 1790 1604 1846 et
1618 1775 1795 1864 bominis,
1813 1779 1869 1848 vel

287 1889 396 1961 Verbi
421 1890 671 1986 descendentis
694 1911 747 1968 est
768 1896 926 1967 hominis
948 1919 1141 1993 personam
1162 1896 1260 1968 esse?
1278 1893 1467 1992 Alioquin,
1495 1893 1683 1991 quomodo
1710 1894 1870 1966 dicemus

285 2009 442 2110 aliquem
458 2014 636 2088 intuentes
656 2016 863 2106 hominem,
883 2019 967 2115 quia
984 2017 1062 2107 hic,
1081 2018 1144 2115 qui
1160 2016 1309 2115 pulcher
1325 2031 1395 2105 est,
1414 2018 1555 2116 sapiens
1576 2017 1654 2087 est?
1678 2017 1746 2088 nisi
1769 2015 1870 2088 vide·

284 2128 366 2202 licet
393 2134 592 2207 secundum
614 2138 789 2208 unitatem
814 2161 995 2235 personae,
1015 2138 1052 2209 in
1070 2137 1172 2233 cujus
1192 2135 1357 2226 diversis,
1382 2152 1421 2207 ut
1446 2134 1583 2207 dietum
1609 2150 1679 2227 θεῖ,
1707 2136 1870 2234 partibus

284 2247 516 2347 pulchritudo
536 2269 571 2324 et
587 2255 761 2353 sapientia
777 2256 826 2326 ita
842 2269 926 2326 sunt
948 2253 1133 2343 distincta,
1151 2269 1192 2325 ut
1208 2252 1306 2325 aliud
1323 2253 1373 2324 ibi
1392 2252 1698 2350 pulchritudinem
1714 2253 1867 2343 habeat,

284 2369 321 2440 id
339 2385 392 2442 est
409 2396 562 2470 corpus3
587 2374 686 2446 aliud
706 2378 939 2474 sapientiam,
962 2377 1000 2447 id
1023 2391 1077 2448 est
1103 2377 1236 2448 anima.
1261 2375 1361 2446 Sicut
1385 2398 1471 2470 ergo
1498 2373 1649 2445 dicimus
1677 2399 1780 2464 eum,
1809 2378 1874 2480 qui

284 2490 433 2587 pulcher
450 2510 521 2585 est,
540 2496 598 2567 vel
614 2497 676 2594 qui
692 2499 888 2589 animatus,
907 2498 1106 2596 sapientem
1132 2521 1225 2587 esse,
1249 2519 1363 2593 quum
1388 2510 1509 2568 tamen
1534 2494 1784 2593 pulchritudo,
1813 2498 1871 2568 vel

284 2611 457 2684 animatio
471 2613 580 2686 solius
594 2617 640 2688 sit
656 2619 819 2714 corporis
832 2673 841 2707 ,
856 2619 947 2690 sicut
963 2617 1137 2714 sapientia
1152 2615 1262 2688 solius
1279 2615 1427 2706 animae:
1444 2615 1493 2685 ita
1509 2629 1543 2684 et
1557 2638 1673 2685 unum
1690 2614 1873 2688 eumdem·

285 2755 356 2827 que
372 2732 554 2805 Christum
571 2750 607 2806 et
621 2740 739 2807 Deum
756 2735 907 2808 dicimus
924 2752 960 2807 et
977 2737 1181 2825 hominem,
1205 2734 1277 2805 hoc
1300 2748 1354 2805 est
1376 2756 1487 2805 unam
1508 2758 1551 2803 ex
1571 2733 1647 2804 istis
1668 2732 1725 2804 vel
1742 2733 1778 2803 in
1796 2735 1870 2804 istis

285 2853 422 2924 naturis
438 2855 633 2928 consistere
649 2881 842 2955 personam
864 2885 871 2927 :
892 2873 928 2928 et
945 2881 1059 2954 quum
1075 2854 1235 2928 Christus
1252 2853 1370 2926 adhuc
1387 2855 1424 2924 in
1444 2869 1539 2926 terra
1560 2853 1759 2924 consistens
1784 2853 1871 2924 dicit

285 2969 398 3044 tilium
417 2975 574 3047 hominis
591 2979 629 3048 iu
646 2977 738 3049 coelo
756 3003 854 3068 esse,
873 2977 930 3050 vel
948 2979 985 3049 in
1003 2977 1095 3049 coelo
1112 2976 1299 3075 quondam
1316 2976 1444 3066 fuisse,
1463 2974 1553 3072 quid
1569 2974 1666 3045 aliud
1683 2990 1789 3047 sonat
1801 2977 1870 3047 nisi

286 3087 482 3166 humanam
499 3111 666 3168 naturam
682 3098 714 3168 ei
730 3122 806 3168 esse
824 3099 981 3187 unitam,
1001 3122 1080 3196 quae
1095 3120 1160 3195 per
1177 3095 1402 3195 praesentiam
1419 3093 1613 3192 divinitatis
1630 3093 1764 3191 ubique
1780 3119 1868 3166 con·

283 3213 438 3286 sistentia
452 3240 473 3287 a
485 3217 619 3289 coelesti
631 3217 841 3290 celsitudine
859 3244 934 3290 non
949 3233 1003 3290 est
1015 3219 1175 3291 remota?
1187 3216 1286 3304 Quid
1301 3219 1351 3288 ita
1364 3215 1514 3306 mirum,
1531 3215 1561 3286 si
1576 3239 1690 3312 quum
1706 3217 1869 3314 superius

283 3335 559 3428 praemissumsit
567 3365 585 3405 u
593 3337 722 3411 Filium
732 3340 836 3428 Deip)
844 3339 963 3410 statim
975 3335 1362 3434 adjunctumsithui
1371 3349 1568 3433 conceptus
1580 3333 1866 3433 estdeSpiritu,»
1979 3357 1988 3370 ³

282 3452 340 3525 vel
360 3483 377 3522 u
393 3472 498 3529 natus
515 3459 560 3530 de
573 3460 736 3555 Virgine3
747 3488 766 3526 >r
780 3460 851 3530 hoc
869 3475 934 3549 est,
949 3473 1132 3558 assumpta
1145 3458 1350 3529 humanitas
1366 3457 1416 3528 sic
1432 3469 1608 3553 concepta
1622 3469 1675 3527 θεῖ
1690 3454 1748 3527 vel
1763 3457 1869 3528 nata?

282 3573 339 3645 Sic
349 3577 719 3675 quippeintelligimus
729 3595 764 3650 et
773 3581 971 3652 Dominum
982 3576 1409 3676 gloriaecrucifixum,hoc
1419 3591 1471 3650 est
1481 3575 1869 3676 hominemvelcorpus
1909 3641 1911 3644 .

282 3689 385 3763 abeo
400 3711 623 3794 assumptum
631 3697 694 3768 tali
703 3697 865 3795 patibulo
878 3697 1036 3770 affixum.
1049 3702 1153 3769 Juxta
1164 3697 1265 3795 quod
1275 3711 1312 3767 et
1322 3695 1434 3766 Maria
1444 3692 1655 3792 Magdalena
1671 3696 1869 3768 Dominum

281 3832 387 3882 suum
403 3811 450 3884 de
466 3830 706 3887 monumento
722 3816 810 3888 dicit
820 3815 1018 3904 sublatum,
1038 3815 1077 3888 id
1093 3829 1146 3886 est
1163 3838 1294 3911 corpus
1308 3813 1455 3884 Domini
1468 3813 1523 3885 sui
1539 3840 1547 3882 :
1562 3812 1654 3884 sieut
1666 3826 1702 3882 et
1716 3813 1868 3886 dicimus

281 3927 340 4002 hic
356 3935 501 4004 Petrum
518 3934 698 4032 sepultum
715 3960 813 4024 esse,
834 3935 879 4007 de
895 3935 974 4008 solo
990 3935 1066 4031 ejus
1083 3957 1236 4031 corpore
1252 3932 1290 4002 id
1313 3929 1571 4026 intelligentes;
1591 3945 1627 4001 et
1646 3954 1807 4022 rursum,
1828 3951 1869 4008 ut

281 4048 509 4144 dictumest,
527 4055 645 4152 ipsum
662 4058 699 4128 in
717 4056 919 4129 coelestibus
937 4081 1030 4146 esse,
1044 4055 1091 4127 de
1106 4053 1184 4126 sola
1197 4053 1273 4150 ejus
1287 4051 1407 4123 anima
1424 4049 1496 4121 hoc
1512 4049 1751 4123 intendentes.
1768 4055 1866 4152 Saepe

280 4171 415 4271 quippe
433 4174 479 4246 de
502 4191 581 4248 toto
603 4176 650 4250 ad
674 4192 810 4277 partes,
829 4177 886 4250 vel
905 4178 950 4249 de
966 4175 1128 4276 partibus
1149 4174 1196 4247 ad
1223 4189 1341 4245 totum
1362 4171 1614 4244 translationes
1631 4170 1723 4244 fiunt
1746 4177 1864 4245 nomi—

282 4317 370 4366 num
385 4323 394 4365 :
409 4296 519 4368 veluti
535 4323 648 4395 quum
668 4301 781 4372 modo
798 4301 973 4390 animam,
994 4298 1106 4371 modo
1132 4321 1277 4370 carnem
1299 4310 1416 4367 totum
1432 4294 1619 4366 hominem
1636 4294 1809 4385 dicimus,
1830 4314 1866 4370 et

282 4436 547 4514 nonnunquam
559 4421 717 4491 animam
729 4421 914 4493 desideriis
926 4418 1128 4492 carnalibus
1142 4419 1317 4491 irretitam
1331 4417 1448 4488 carnis
1459 4414 1607 4486 nomine
1620 4412 1861 4511 designamus.

332 4536 518 4625 «Passus‚»
528 4538 728 4610 secundum
736 4541 900 4612 camdem
910 4537 1281 4612 scilicethumanitatis
1290 4532 1645 4630 naturamdeSpiritu
1652 4549 1860 4629 conceptus,

281 4651 397 4725 velex
414 4657 560 4753 Virgine
577 4658 692 4732 dictus
710 4675 763 4731 est
776 4675 892 4731 natus.
911 4659 1014 4731 «Sub
1030 4659 1157 4732 Pontio
1169 4657 1300 4747 Pilato,
1315 4683 1333 4724 »
1353 4653 1425 4725 hoc
1442 4667 1507 4744 est,
1525 4677 1570 4725 eo
1586 4652 1636 4724 ibi
1653 4653 1864 4725 dominante

283 4770 345 4842 ubi
368 4798 492 4870 passus
510 4777 588 4848 fuit.
607 4780 752 4851 Pontius
776 4779 832 4850 vel
856 4803 1060 4876 cognomen
1085 4777 1143 4850 vel
1159 4776 1289 4874 gentile
1310 4797 1445 4846 nomen
1462 4795 1538 4843 esse
1553 4784 1651 4869 patet
1677 4797 1719 4842 ex
1744 4770 1864 4870 aliquo

282 4889 379 4963 loco.
399 4897 494 4966 Bene
514 4912 633 4968 autem
656 4898 824 4994 gentilem
844 4912 1105 4970 commemorat
1131 4895 1318 4994 praesidem
1330 4950 1339 4983 ,
1351 4891 1421 4996 ⁸ubi
1437 4914 1480 4962 ex
1498 4889 1569 4962 hoc
1585 4890 1693 4962 etiam
1710 4891 1866 4963 insinuet

280 5011 358 5107 jam
378 5014 467 5088 illud
500 5032 640 5116 tempus
665 5019 868 5109 advenisse,
900 5043 974 5116 quo
995 5019 1072 5115 jam
1088 5018 1189 5114 juxta
1218 5013 1449 5113 Prophetiam
1474 5010 1584 5088 Jacob
1605 5011 1679 5082 sive
1711 5010 1866 5084 Danielis

285 5135 409 5213 unctio
426 5137 576 5233 regiain
593 5138 729 5238 populo
746 5139 950 5212 Judaeorum
969 5136 1161 5210 defecerat.
