4486 6100
913 657 1125 732 cttttttttt.
1447 666 1452 677 '
1747 663 1818 736 stt

267 801 309 857 Te
322 808 419 857 contra
432 800 585 855 Dominum
598 799 689 872 pactio
702 797 778 854 nulla
791 797 893 854 trahat.

231 892 309 963 Quos
323 891 392 946 elios
403 888 536 945 damnare
548 887 623 944 rides
636 905 750 964 seseque
764 887 862 956 beare,

266 981 325 1036 Hos
335 979 416 1055 fuge,
429 980 452 1034 si
467 979 562 1053 cupias
573 995 760 1052 approperare
771 977 840 1036 Deo.

231 1072 309 1143 Quos
321 1068 441 1144 populus
452 1066 561 1138 laudat,
575 1085 646 1142 quos
656 1066 733 1142 vulgi
745 1065 870 1123 sublevat
880 1084 963 1136 aura,

265 1161 355 1218 Miror
368 1160 390 1216 si
405 1157 531 1233 placeant
545 1158 613 1214 huic
623 1157 706 1216 simul
719 1167 804 1233 atque
818 1157 886 1212 Deo.

230 1253 291 1309 Hoc
303 1261 391 1325 puto,
405 1261 494 1324 tuque
506 1259 588 1323 putes
599 1250 674 1306 inter
685 1247 819 1304 miracula
831 1263 953 1318 summa,

255 1341 295 1420 *Si
308 1357 478 1416 quemqnam
491 1338 585 1396 ridens
597 1339 655 1394 bec
669 1339 791 1395 retinere
803 1335 896 1394 amul.

230 1432 273 1488 Ne
287 1429 486 1505 superinducta
499 1429 607 1486 crucies
622 1446 710 1484 uxore
722 1437 867 1503 parentes:

265 1521 324 1578 Hos
337 1519 423 1594 sepeli
433 1521 540 1594 primo,
556 1520 580 1574 si
593 1535 735 1592 superesse
748 1535 842 1593 queas.

229 1613 301 1667 Laus
309 1621 388 1668 retus
401 1609 512 1678 obruit,
528 1609 582 1665 nisi
594 1608 654 1664 lans
669 1627 740 1665 nora
749 1607 846 1664 fulciat
854 1606 948 1678 illam,

264 1701 493 1776 Spectandasque
507 1701 597 1773 magis
610 1698 672 1755 finis
684 1699 713 1754 in
725 1697 857 1756 omnibus
869 1709 922 1754 est.

229 1791 287 1862 Qui
299 1789 431 1864 prodesse
442 1789 496 1846 sibi
509 1789 625 1863 proprio
639 1787 825 1844 medicamine
837 1787 941 1858 nescit,

265 1883 395 1954 languor
409 1897 474 1936 enm
486 1879 588 1936 frustra
601 1877 723 1952 postulat
739 1877 863 1934 slterius.

229 1971 333 2029 Vivere
346 1972 386 2028 sic
400 1969 510 2027 studeas
519 1980 552 2026 ut
565 1967 642 2025 dete
653 1985 737 2023 aomo
746 1977 899 2043 queratur:

264 2063 294 2121 st
308 2061 440 2138 prodesse
451 2062 565 2136 nequis,
582 2060 637 2116 boc
646 2075 698 2133 age
708 2077 745 2116 ne
757 2075 867 2116 noceas.

229 2151 304 2210 Bella
322 2170 404 2222 cave3
420 2168 559 2226 sensuque
573 2159 623 2206 tuo
637 2147 700 2222 plns
718 2149 810 2205 nitere
824 2165 909 2223 quam
922 2150 968 2218 ri,

265 2242 352 2298 Utere
365 2241 492 2311 fortuna,
508 2239 558 2297 sed
573 2241 683 2296 ratione
696 2239 795 2314 magis.

227 2331 363 2390 Vestibus
372 2342 488 2389 ornatos
500 2331 600 2386 alienis
613 2347 684 2404 sepe
698 2328 826 2386 ridemus

265 2421 301 2478 Et
312 2439 360 2476 sua
374 2421 468 2477 metiri
480 2439 542 2496 qun
554 2420 671 2475 minime
682 2437 731 2476 sus
742 2429 818 2476 sunt.

228 2511 306 2568 Talis
315 2523 375 2568 erat
387 2512 485 2568 cornix
496 2510 594 2566 alienis
607 2507 755 2583 splendida
765 2507 869 2582 plumis

265 2602 342 2674 Quas
355 2603 474 2658 mentita
486 2619 549 2657 suas
561 2600 591 2655 in
603 2617 652 2655 sus
663 2598 766 2682 probra
779 2597 855 2656 tulit.

227 2692 286 2749 Cor
299 2692 432 2748 miserum
445 2690 527 2761 livor,
541 2688 678 2746 detractio
694 2687 818 2762 possidet
829 2705 895 2756 ora,

263 2783 339 2837 Dum
353 2800 411 2837 non
425 2781 560 2854 majorem
570 2780 645 2836 ferre
654 2795 784 2852 paremve
792 2788 894 2853 potest.

227 2873 373 2948 Tur-gitur
387 2874 417 2929 in
430 2870 537 2941 uerbis,
551 2871 631 2927 iactis
643 2871 809 2928 temerarius
824 2888 922 2928 omnes

263 2963 372 3038 Urget,
394 2973 424 3020 et
437 2963 467 3018 in
478 2961 611 3036 jugulum
630 2971 763 3035 provocet
774 2961 835 3034 ipse
852 2976 944 3018 tuum.

227 3051 435 3110 Intolerabilius
447 3051 520 3108 nibil
532 3061 575 3108 est
585 3069 670 3126 quarn
681 3051 739 3106 vita
749 3049 879 3125 superbi,

261 3143 426 3218 Cunctaque
440 3141 615 3199 transcendit
627 3139 741 3196 sordida
753 3139 878 3209 luxuria,

228 3231 347 3290 Viribus
357 3233 415 3288 baec
427 3251 545 3306 corpus,
561 3240 683 3286 mentem
695 3229 847 3286 virtutibus
861 3230 967 3288 haurit.

227 3410 442 3488 Qualiacnnque
458 3413 524 3468 velis
537 3411 572 3468 ds
584 3411 688 3469 fercula
698 3410 862 3484 relligiosis,

262 3501 423 3558 Dummodo
438 3504 500 3559 vina
512 3521 612 3578 neges,
626 3520 734 3560 summa
746 3501 870 3558 fomenta
885 3499 962 3557 mali.

226 3591 271 3648 lVe
282 3594 347 3668 quis
358 3592 475 3650 consilio
487 3592 614 3650 mulieris
625 3592 718 3649 tradat
728 3590 868 3648 habenae:

262 3685 289 3739 A
301 3684 393 3757 primo
403 3685 512 3740 cunctis
523 3693 588 3740 sunt
597 3683 765 3740 documenta
779 3681 847 3738 viro.

225 3771 292 3829 Non
304 3783 346 3830 est
355 3774 447 3830 ricino
458 3783 552 3829 tutum
563 3772 687 3830 dormire
695 3769 815 3828 colubro
826 3795 831 3825 :

204 3868 209 3877 '
263 3866 393 3939 Anguem
406 3863 580 3922 transcendit
591 3863 694 3920 femine
705 3861 840 3936 nequitia.

227 3951 308 4010 Vivit
323 3950 476 4010 inocculto
490 3955 533 4008 vir
545 3953 680 4010 honestus
693 3961 726 4006 ut
741 3951 772 4006 iu
790 3949 955 4006 manifesto:

263 4043 416 4120 Nunquam
428 4043 565 4118 deprendi
577 4062 608 4100 se
620 4043 693 4100 bona
707 4042 761 4098 vita
776 4040 868 4096 timet.

226 4133 282 4190 Cui
291 4134 367 4190 venit
379 4133 414 4189 ad
427 4151 537 4190 causam
549 4131 629 4189 tarde
642 4129 745 4187 diffidit
755 4129 791 4185 ab
804 4128 870 4198 ills,

264 4223 409 4280 Accelerat
419 4243 528 4280 canuam
540 4225 589 4299 qui
599 4223 670 4280 bene
682 4222 744 4278 fidit
754 4224 791 4280 ei.

227 4314 354 4370 Consilio
364 4314 450 4390 longo
465 4333 546 4371 cansa
556 4333 620 4390 pars
633 4312 817 4372 attentum

264 4403 329 4460 Non
343 4406 492 4461 minimum
504 4423 594 4480 prave
604 4404 771 4479 suspicionis
783 4390 879 4461 hibet.

225 4493 333 4551 Orator
345 4492 437 4550 boum
447 4506 532 4571 atque
541 4494 621 4570 pugil
630 4494 731 4550 iidncia
741 4511 824 4568 parra
836 4503 895 4550 est:

262 4583 329 4655 Quo
343 4583 432 4656 major
440 4585 517 4641 fraus
528 4595 588 4656 est,
608 4584 728 4659 amplius
741 4594 822 4661 optat
832 4602 888 4642 eos.

226 4673 271 4730 Ne
284 4673 398 4730 dubites
408 4673 484 4731 illem
498 4676 618 4750 proprie
629 4673 756 4732 diffidere
766 4675 862 4734 forme

263 4764 333 4836 Que
346 4775 423 4821 earet
434 4775 593 4840 aspectum,
607 4777 719 4840 compta
733 4767 812 4840 prins
824 4767 879 4824 nisi
891 4767 939 4826 sit.

1041 797 1071 854 Si
1085 816 1206 873 nequeas
1215 810 1305 872 caste,
1316 817 1367 858 nec
1378 816 1491 875 spernas
1503 800 1594 858 rivere
1602 812 1683 858 caute
1694 825 1699 855 :

1076 888 1111 944 In
1123 889 1227 964 populo
1242 890 1298 946 sita
1308 889 1372 964 plus
1383 889 1435 946 tibi
1448 889 1521 948 lame
1530 881 1621 948 nocet.

1043 977 1077 1034 ld
1087 978 1164 1051 justo
1179 978 1271 1053 pudor
1279 990 1321 1036 est
1332 980 1481 1036 bominum
1494 979 1635 1054 complere
1646 981 1760 1047 timore,

1077 1068 1122 1124 Ad
1132 1069 1209 1144 quod
1220 1088 1277 1126 non
1287 1069 1375 1126 fuerit
1387 1079 1599 1130 tractussmore
1611 1070 1673 1129 Dei.

1043 1159 1112 1218 Vim
1124 1160 1226 1216 metuit
1234 1162 1356 1235 sapiens,
1370 1161 1472 1218 stultus
1481 1160 1635 1218 confiditis
1645 1159 1702 1218 illa.

1077 1248 1179 1306 Audiri
1189 1250 1268 1324 cupit
1276 1250 1337 1319 bic,
1352 1249 1399 1308 ille
1409 1250 1494 1308 scrire
1504 1261 1592 1324 parat.

1042 1340 1164 1398 infirmis
1177 1338 1267 1414 legem
1279 1341 1399 1415 positam
1410 1358 1467 1396 noc
1476 1358 1535 1398 esse
1543 1341 1674 1409 latemur,

1078 1431 1137 1488 Nec
1149 1430 1270 1488 tolerant
1278 1429 1389 1504 pondus
1401 1447 1485 1487 mnus
1496 1441 1527 1488 et
1536 1447 1608 1506 eger
1621 1429 1708 1488 idem.

1042 1519 1181 1578 Finitima
1195 1520 1271 1576 vitiis
1283 1520 1402 1578 virtutes
1417 1519 1514 1578 fallere
1524 1529 1648 1589 norunt,

1078 1610 1225 1685 saepeque,
1242 1627 1331 1685 quum
1344 1625 1401 1666 non
1415 1611 1486 1676 sint,
1496 1627 1555 1668 esse
1569 1620 1699 1684 putamus
1711 1626 1764 1665 eas.

1043 1701 1105 1758 Hoc
1116 1701 1206 1776 igitur
1216 1700 1311 1757 nullus
1322 1699 1387 1757 dats
1398 1711 1526 1774 censeat,
1537 1701 1625 1758 immo
1633 1699 1744 1767 relicta,

1079 1793 1148 1864 Que
1158 1802 1296 1867 qnantum
1307 1792 1401 1866 potnit
1412 1791 1527 1848 strinxit
1538 1810 1618 1848 asara
1628 1808 1737 1848 manus.

1043 1884 1135 1955 Quem
1145 1883 1268 1940 Domino
1276 1881 1382 1958 placuit
1390 1900 1534 1938 servornm
1547 1879 1688 1940 ubsolam
1697 1881 1798 1954 gratis,

1079 1972 1109 2032 si
1122 1973 1160 2032 tit
1172 1973 1318 2048 ingratus,
1333 1973 1421 2048 gratia
1433 1989 1489 2028 non
1501 1979 1621 2028 maneat.

1044 2062 1149 2120 Contra
1161 2062 1309 2119 consilium
1322 2061 1444 2119 sinubat
1458 2064 1538 2136 virgo
1549 2070 1699 2137 pareutum

1079 2153 1190 2209 Horum
1200 2171 1256 2210 non
1267 2151 1351 2209 debet
1362 2153 1531 2227 participare
1540 2151 1631 2210 bouis.

1044 2243 1177 2318 Armiger
1187 2260 1246 2298 esse
1255 2243 1334 2316 prins
1346 2261 1432 2318 quam
1446 2241 1527 2298 miles
1536 2240 1637 2298 debuit
1648 2242 1753 2308 omnis,

1080 2333 1243 2408 Quidquam
1255 2342 1351 2406 ageret
1359 2331 1459 2390 doctor
1469 2317 1578 2390 discere
1590 2329 1755 2406 discipulus.

1044 2424 1074 2482 st
1086 2423 1199 2501 qusndo
1211 2423 1279 2482 date
1287 2423 1357 2500 quid
1371 2425 1503 2499 cuiquam
1513 2423 1658 2498 continget
1667 2438 1780 2486 avarus,

1079 2515 1142 2571 lloc
1152 2515 1219 2590 quin
1228 2531 1285 2570 non
1296 2512 1413 2582 didicit,
1428 2513 1519 2570 nescit
1527 2512 1632 2570 babere
1643 2510 1768 2570 modum.

1044 2603 1166 2679 ttetttgto
1173 2604 1284 2677 juvenis
1293 2603 1361 2660 levis
1369 2613 1412 2662 cst
1420 2601 1553 2678 impulsio
1568 2601 1688 2670 tuentis,

1080 2695 1116 2751 Et
1129 2705 1262 2769 tnuqnam
1277 2703 1387 2750 torrens
1400 2693 1574 2766 impetuosus
1587 2707 1672 2766 aque.

1044 2787 1110 2858 Quo
1121 2784 1315 2842 vehementior
1325 2793 1380 2853 est,
1397 2782 1482 2838 mbas
1492 2779 1643 2838 siccabitur
1654 2780 1726 2854 ipse,

1079 2873 1276 2948 Eacedensque
1287 2870 1404 2928 modum
1416 2870 1528 2944 deperit
1539 2867 1585 2926 illa
1599 2869 1666 2926 cito.

1044 2965 1171 3022 Dedalus
1183 2963 1219 3020 ad
1229 2963 1349 3038 patriam
1360 2959 1496 3018 mediocri
1509 2959 1577 3018 celle
1589 2958 1707 3028 mdisit3

1079 3057 1175 3112 Icarus
1185 3055 1240 3111 alta
1253 3064 1350 3128 petens
1363 3051 1456 3126 lapsus
1467 3049 1504 3107 ad
1517 3051 1573 3106 ima
1585 3049 1653 3106 ruit.

1042 3143 1201 3219 lejnnnndo
1212 3142 1328 3199 modum
1340 3158 1474 3215 superans
1484 3139 1628 3216 superabit
1637 3139 1760 3206 edendo,

1079 3234 1194 3308 Quique
1206 3232 1290 3289 nimis
1303 3229 1401 3304 vigilat
1412 3228 1536 3287 dormiet
1549 3231 1607 3304 ipse
1621 3231 1715 3286 nimis.

1044 3325 1103 3381 Nec
1115 3334 1195 3380 catus
1207 3323 1312 3396 poterit
1321 3323 1425 3378 servari
1438 3320 1510 3396 pelle
1521 3321 1644 3388 nitente,

1079 3415 1138 3471 Nec
1150 3413 1252 3470 mulier
1266 3411 1359 3468 cultus
1369 3413 1394 3468 ti
1405 3411 1544 3486 pretiosus
1556 3411 1622 3467 erit.
1742 3479 1746 3492 .

1044 3505 1145 3580 Magna
1157 3505 1210 3560 Dei
1224 3501 1366 3578 reprobis,
1381 3519 1470 3577 quum
1484 3517 1541 3558 non
1552 3500 1693 3570 irascitur,
1705 3500 1746 3554 irs
1758 3508 1814 3566 est,

1078 3597 1157 3668 Quos
1167 3596 1235 3652 sinit
1246 3593 1282 3650 ad
1293 3611 1405 3668 poenam
1417 3590 1606 3665 multiplicare
1622 3590 1691 3648 dies.

1041 3688 1109 3744 Plus
1121 3687 1223 3744 lamam
1233 3703 1320 3760 quam
1329 3701 1374 3741 res
1385 3684 1515 3740 amittere
1526 3683 1597 3739 vitat
1608 3682 1750 3748 honestas,

1077 3779 1114 3834 Et
1124 3795 1228 3834 nomen
1241 3777 1354 3851 prefert
1366 3774 1497 3832 omnibus
1509 3774 1569 3849 ipsa
1579 3773 1696 3830 bouum.

1043 3867 1091 3924 Nil
1102 3867 1192 3940 magis
1205 3864 1325 3922 offendit
1333 3883 1417 3941 quem
1432 3881 1532 3938 pravus
1545 3881 1638 3920 sermo
1650 3873 1802 3938 potentem:

1083 3955 1151 4013 Plus
1162 3955 1264 4031 probra
1274 3953 1347 4012 liber
1354 3955 1442 4011 bomo
1453 3971 1538 4030 qnam
1551 3971 1599 4010 sua
1612 3953 1713 4010 &mna
1723 3953 1815 4008 timet.

1043 4047 1084 4104 Ut
1093 4045 1215 4122 pecudes
1226 4062 1284 4120 quo
1296 4043 1356 4100 snit
1368 4044 1457 4100 trahit
1470 4045 1626 4118 impetuosa
1636 4043 1778 4116 voluptas,

1078 4138 1124 4196 Sic
1136 4137 1265 4194 homines
1276 4135 1364 4210 sgitat
1375 4133 1534 4191 luxuriosus
1546 4150 1635 4190 nmor.

1044 4230 1172 4286 Luxuria
1184 4225 1327 4295 stimulus,
1342 4241 1489 4300 supremus
1500 4234 1529 4280 et
1540 4224 1656 4306 intimus
1666 4220 1763 4290 bostis,

1082 4319 1166 4378 Civili
1180 4316 1253 4376 bello
1267 4333 1318 4373 nos
1332 4333 1414 4390 grave
1428 4314 1616 4390 persequitur.

1045 4410 1100 4468 Cui
1110 4409 1200 4465 malus
1212 4406 1316 4462 assistit
1324 4405 1447 4474 sicinus,
1459 4402 1560 4460 damna
1573 4402 1778 4476 propinquant,

1080 4499 1116 4555 Et
1128 4498 1174 4554 cui
1187 4495 1289 4552 damus
1298 4504 1406 4565 vacant,
1418 4509 1497 4551 mens
1506 4493 1566 4551 sine
1577 4508 1645 4566 pace
1656 4501 1760 4548 maaet.

1043 4589 1224 4665 Displi'cuisse
1237 4585 1318 4642 bonis
1333 4602 1389 4641 non
1401 4594 1443 4640 est
1452 4582 1565 4638 infamia
1577 4599 1675 4655 parva,

1080 4680 1140 4742 Nec
1153 4677 1289 4752 placuisse
1301 4675 1382 4736 malis
1393 4663 1551 4748 suspicione
1563 4681 1649 4728 caret.
1745 4705 1747 4710 .

1046 4770 1165 4845 Quaque
1176 4767 1223 4823 die
1234 4783 1291 4842 quo
1301 4763 1429 4840 proficias
1442 4772 1491 4818 tua
1503 4779 1570 4818 cura
1581 4759 1715 4828 resolvat,

225 4855 285 4926 Qui
308 4873 366 4912 non
385 4853 434 4912 dat
451 4855 531 4931 qnod
546 4866 637 4926 amat,
663 4873 719 4914 non
739 4858 841 4931 accipit
855 4859 915 4933 ipse
927 4857 1005 4934 qaod
1081 4859 1123 4916 Ut
1131 4875 1187 4934 qno
1199 4855 1375 4930 longiorest,
1388 4853 1443 4908 sits
1457 4851 1494 4908 sit
1504 4861 1535 4908 et
1542 4850 1651 4907 melior.

264 4945 305 5002 Vt
453 4946 520 5016 Vbii
535 4948 575 5004 sic
587 4966 648 5005 mea
657 4967 719 5006 cara
734 4948 817 5006 mibi.
892 4947 1001 5024 [optst:
1046 4949 1144 5008 libers
1158 4963 1236 5004 mens
1249 4947 1287 5002 ita
1301 4942 1448 5020 provideat
1459 4959 1520 5020 quse
1532 4941 1588 4998 sint
1599 4937 1740 5008 iacienda,

230 5035 306 5094 Vilia
318 5056 370 5112 pro
382 5037 454 5094 caris
469 5039 555 5113 recipi
568 5058 626 5096 uon
639 5041 769 5097 convenit
781 5057 880 5115 equo,

263 5127 323 5185 Nee
335 5131 503 5186 commercia
516 5140 582 5186 sunt
594 5130 659 5187 talia
669 5132 795 5205 justitie.

225 5219 269 5276 Ut
280 5215 375 5294 largus
390 5219 484 5294 largo,
500 5221 539 5276 sic
552 5221 590 5276 sis
601 5232 630 5278 et
641 5240 738 5278 avarus
749 5239 848 5291 avaro,

263 5309 363 5380 Qualis
376 5310 424 5366 bic
433 5321 476 5366 est
488 5310 565 5384 aliis,
577 5311 614 5368 sis
624 5330 737 5388 quoque
748 5311 812 5369 talis
823 5312 860 5369 ei.

1080 5039 1123 5096 Ne
1135 5037 1204 5116 quid
1219 5054 1362 5094 servorum
1375 5052 1453 5090 more
1467 5043 1560 5090 coacta
1574 5042 1661 5105 gerat.

1043 5129 1199 5189 Emendare
1208 5126 1315 5183 bonnm
1328 5135 1383 5193 est,
1395 5122 1495 5180 melius
1504 5139 1724 5197 pcccersmasrc
1736 5145 1740 5174 :

1080 5221 1182 5280 Victus
1191 5217 1226 5275 sb
1234 5217 1316 5273 hoste
1327 5214 1412 5273 semel
1422 5215 1481 5287 jam
1494 5212 1587 5268 minus
1598 5209 1691 5266 obstat
1703 5211 1739 5266 ei.

1048 5312 1219 5386 Extorqucre
1230 5319 1309 5394 potes
1320 5305 1383 5362 fidei
1398 5303 1542 5362 mendacia
1554 5302 1657 5358 frustra
