4496 6102
676 620 720 693 lN
744 619 982 692 ΕΡΙΡΗΔΝΙΑ
1007 617 1163 692 DOMlNl
1189 619 1350 690 SEllllO.
1738 618 1810 689 383

222 783 330 858 quam
352 755 526 832 excellens
549 759 624 858 ipse
641 761 766 854 suerit,
797 777 832 834 et
856 786 927 834 suae
954 761 1153 833 contrarius
1173 761 1393 858 malignitati.
1422 762 1488 833 Cui
1505 762 1612 834 etiam
1636 759 1811 832 nonnulla

221 881 288 954 alia
306 879 541 979 praecedentia
553 881 669 979 signa,
691 883 823 979 quaein
843 883 997 954 historiis
1024 883 1253 954 continentur
1282 861 1556 974 ecclesiasticis,
1572 883 1654 954 satis
1675 879 1808 952 indicio

221 1017 415 1102 potuerunt
428 1027 521 1094 esse,
541 1017 675 1100 quanta
686 1029 808 1076 rerum
821 1005 858 1076 in
873 1005 1037 1102 proximo
1052 1009 1219 1074 naturus¹
1238 1004 1443 1078 excellentia
1461 1005 1698 1103 praemineret.
1719 1005 1812 1088 Qua·

222 1119 267 1192 lia
283 1121 429 1220 quidem
443 1137 527 1195 sunt
543 1122 604 1194 illa
615 1147 695 1221 quae
714 1123 842 1196 Paulus
859 1123 1007 1194 Orosius
1023 1125 1286 1220 Antiquitatum
1302 1121 1346 1194 ab
1364 1121 1447 1194 urhe
1458 1122 1600 1194 coridita
1619 1120 1710 1192 libro
1725 1124 1785 1190 Vll
1802 1123 1812 1156 ²

221 1258 493 1316 commemorat.
519 1248 633 1316 Docet
648 1244 783 1343 quippe
805 1242 873 1335 ibi,
894 1249 1049 1340 Augusto
1071 1248 1205 1316 Caesare
1223 1244 1269 1316 ab
1291 1245 1437 1318 Oriente
1456 1244 1657 1344 triumphos
1675 1243 1809 1338 impor-

93 1453 98 1462 .
223 1373 319 1432 tante
330 1365 353 1450 ⁸,
378 1376 514 1433 tantam
534 1386 556 1433 a
576 1363 735 1434 Domino
755 1385 882 1462 pacem
900 1361 1039 1434 mundo
1057 1387 1133 1434 esse
1156 1362 1340 1454 collatam,
1365 1379 1405 1435 ut
1427 1363 1504 1461 ipse
1528 1368 1702 1458 Augustus
1721 1361 1813 1457 sopi-

222 1481 265 1552 tis
294 1463 474 1578 finitisque
502 1482 672 1555 omnihus
700 1483 820 1574 bellis,
846 1484 921 1580 jam
947 1499 1069 1581 portas
1096 1485 1192 1581 pacis
1221 1510 1367 1585 prorsus
1392 1484 1621 1572 obstruxerit,
1650 1482 1750 1578 cujus
1773 1482 1808 1552 in

221 1598 355 1696 templo
369 1623 468 1672 arma
482 1601 866 1696 conservabantur3-ut
886 1603 993 1676 etiam
1011 1603 1113 1698 juxta
1132 1603 1285 1674 litteram
1306 1604 1365 1675 illa
1385 1604 1592 1704 impleretur
1616 1602 1713 1674 lsaiae
1729 1625 1812 1699 pro·

220 1718 358 1816 phetia,
374 1745 445 1818 qua
458 1744 526 1820 pax
541 1722 681 1794 mundo
694 1725 849 1796 maxima
864 1724 901 1798 in
915 1722 1070 1795 adventu
1085 1725 1232 1795 Domini
1245 1725 1358 1796 luerat
1370 1726 1565 1822 promissa,
1585 1748 1699 1822 quum
1716 1721 1809 1792 diei-

220 1845 323 1914 tur⁴z
348 1871 365 1910 a
380 1845 424 1913 Et
447 1843 657 1917 conflabunt
681 1845 818 1943 gladios
842 1870 927 1918 suos
948 1845 984 1916 in
1007 1870 1187 1936 vomeres,
1215 1861 1250 1916 et
1266 1845 1387 1916 lances
1410 1871 1490 1917 suas
1516 1846 1552 1916 in
1577 1845 1693 1918 falces.
1728 1845 1807 1914 Non

217 1959 349 2032 levabit
377 1985 462 2059 gens
488 1980 614 2038 contra
642 1981 784 2063 gentem
809 1966 984 2064 gladium,
1015 1990 1082 2038 nec
1108 1966 1369 2040 exercebuntur
1397 1966 1489 2038 ultra
1519 1967 1565 2038 ad
1594 1965 1806 2064 praelium.»

219 2111 237 2150 a
254 2081 396 2174 Hodie⁸‚
410 2083 525 2183 inquit
537 2085 725 2184 predictus
742 2087 898 2180 Paulusl,
915 2089 1072 2187 primum
1088 2086 1146 2160 ille
1158 2091 1334 2185 Augustus
1353 2087 1594 2160 consalutatus
1610 2102 1679 2176 est,
1702 2099 1810 2182 atque

217 2224 259 2274 ea
278 2200 336 2274 die
354 2227 494 2277 summa
523 2231 644 2279 rerum
673 2222 709 2279 et
726 2222 943 2307 potestatum
966 2233 1075 2306 penes
1100 2232 1214 2279 unum
1243 2233 1317 2280 esse
1338 2209 1445 2306 coepit
1472 2222 1507 2278 et
1533 2208 1679 2293 mansit,
1708 2203 1809 2302 quod

218 2321 331 2392 Graeci
343 2323 589 2397 monarchiam
609 2341 751 2399 vocant.
766 2355 783 2395 a
799 2332 910 2400 Porro
927 2342 1046 2400 autem
1060 2325 1159 2401 hrrnc
1172 2349 1248 2398 esse
1260 2326 1429 2398 eumdem
1442 2327 1540 2398 diem
1553 2327 1639 2400 dicit
1650 2354 1713 2399 vm
1727 2326 1807 2398 idus

212 2439 382 2534 januarii,
406 2466 479 2538 quo
505 2468 573 2516 nos
597 2444 707 2518 hodie
730 2449 802 2542 regi
832 2471 974 2519 summo
1001 2445 1206 2544 Epiphaniae
1229 2445 1353 2518 laudes
1378 2445 1585 2518 excolimus.
1620 2447 1673 2520 Ad
1698 2471 1808 2544 quem

216 2560 323 2632 etiam
341 2559 451 2634 hodie
470 2565 571 2661 quasi
586 2564 815 2638 salutandum
832 2581 939 2665 atque
957 2565 1203 2656 adorandum,
1225 2563 1348 2638 fideles
1362 2568 1520 2664 gentium
1539 2565 1701 2666 primitiae
1714 2566 1809 2661 magi

215 2697 480 2774 convenerunt,
502 2687 605 2782 quasi
622 2712 706 2759 eum
722 2687 874 2760 alterum
894 2693 1108 2784 Augustum,
1126 2688 1200 2758 imo
1212 2687 1293 2786 plus
1305 2713 1414 2784 qnam
1429 2691 1623 2784 Augustum
1636 2689 1806 2760 estiman-

216 2814 287 2891 tes,
308 2827 417 2898 quem
436 2803 566 2876 coelum
585 2808 718 2905 pariter
741 2824 777 2880 et
796 2823 890 2882 terra
913 2808 1018 2880 tantis
1039 2808 1148 2904 signis
1172 2808 1404 2906 praedicarent
1428 2824 1501 2880 tarn
1520 2809 1617 2906 apud
1641 2813 1804 2896 Romam,

215 2945 294 3018 quae
306 2937 413 3021 caput
425 2938 499 2995 erat
513 2926 692 3022 gentium,
713 2950 821 3024 quam
836 2917 932 3025 apud
951 2926 1236 3022 Hierosolymam
1255 2927 1500 3025 metropolim,
1522 2941 1559 2998 ut
1577 2927 1802 3014 dictumest,

214 3039 434 3114 ludaeorum.

266 3162 382 3234 Relert
406 3166 561 3265 quippel
584 3167 682 3239 idem
704 3168 834 3241 Paulus
859 3169 895 3240 in
926 3168 1055 3240 eodem
1081 3169 1265 3256 tractatu⁸,
1288 3168 1445 3266 praedicti
1465 3183 1628 3266 tempore
1652 3149 1804 3265 impersi-

214 3282 321 3370 toris,
347 3281 437 3354 hora
454 3286 595 3358 circiter
613 3287 734 3379 tertia,
753 3303 901 3386 repente
923 3286 1061 3384 liquido
1081 3311 1281 3385 serenoque
1299 3287 1358 3361 die
1379 3289 1552 3360 circulum
1578 3288 1635 3362 ad¹
1651 3289 1806 3388 speciem

213 3403 366 3478 coelestis
382 3431 485 3480 arcus
498 3407 625 3481 orbem
642 3409 725 3482 solis
740 3409 905 3502 ambisse,
924 3424 960 3482 et
979 3415 1099 3483 Romae
1116 3410 1183 3481 suh
1200 3409 1328 3481 eodem
1351 3415 1487 3483 Caesare
1506 3411 1551 3482 de
1570 3409 1719 3484 taberna
1732 3435 1806 3483 me·

212 3527 335 3599 ritoria
353 3527 422 3600 olei
440 3528 677 3628 largissimum
695 3531 872 3629 liquorem
899 3557 964 3630 per
988 3533 1084 3605 diem
1107 3533 1285 3630 integrum
1305 3557 1501 3604 emanasse.
1532 3536 1619 3619 Quae
1645 3534 1805 3632 profecto

212 3648 300 3747 quid
317 3647 413 3720 aliud
431 3651 716 3749 praetendebant,
739 3653 914 3794 nis'peum
937 3653 1065 3726 eodem
1089 3668 1249 3752 tempore
1273 3654 1491 3726 nasciturum
1522 3677 1617 3744 esse,
1646 3655 1707 3750 qui
1734 3669 1806 3728 tam

211 3769 292 3865 eoeli
313 3795 422 3869 quam
441 3788 542 3846 terrae
561 3773 806 3847 monarchiam
825 3775 1025 3846 obtineret?
1045 3773 1141 3860 Quid
1161 3775 1255 3844 eninr
1277 3774 1444 3870 praedicta
1464 3799 1600 3847 corona
1621 3775 1721 3867 solis,
1745 3792 1807 3848 aut

212 3891 259 3964 de
280 3908 374 3963 terra
395 3893 518 3963 unctio
538 3895 741 3992 profluens,
768 3895 835 3966 nisi
856 3893 936 3966 coeli
954 3893 1086 3992 pariter
1109 3917 1150 3962 ac
1174 3907 1274 3963 terrm
1299 3893 1529 3990 promittebat
1552 3895 1702 3990 regem?
1725 3901 1805 3993 lpse

210 4012 346 4110 quippe
364 4013 525 4086 Salvator
541 4027 615 4085 tam
634 4013 688 4086 sol
701 4014 860 4112 justitiae,
883 4037 992 4110 quam
1012 4009 1173 4082 Christus
1194 4034 1214 4079 a
1237 4009 1447 4100 chrismate,
1472 4010 1509 4082 id
1530 4027 1584 4084 est
1605 4027 1732 4084 unctus
1758 4013 1804 4082 ah

213 4133 405 4224 unctione,
425 4148 652 4233 nuncupatus
671 4149 736 4207 est.
758 4139 839 4206 llaec
855 4147 975 4205 autem
992 4129 1189 4203 secundum
1202 4128 1399 4200 humanam
1421 4145 1585 4201 naturam
1611 4131 1708 4228 larga
1729 4130 1804 4225 ejus

211 4255 336 4325 unctio
362 4268 432 4345 est,
454 4253 534 4324 itla⁹
550 4254 760 4353 spiritalium
779 4253 962 4326 donorum
982 4267 1017 4324 et
1034 4251 1247 4350 septiformis
1272 4250 1389 4348 gratiae
1416 4249 1522 4349 plena
1543 4266 1578 4324 et
1598 4251 1751 4348 perlecta
1770 4251 1803 4320 ei

210 4376 304 4447 facta
320 4374 482 4466 collatio,
503 4375 550 4446 de
567 4399 637 4473 qua
656 4376 724 4476 ipsi
743 4375 926 4447 dicitur¹⁰z
949 4404 966 4442 a
983 4375 1090 4445 Unxit
1112 4388 1146 4444 te
1164 4375 1260 4444 Deus
1278 4386 1362 4443 tuus
1377 4371 1461 4444 oleo
1474 4371 1599 4443 laetitiae
1620 4397 1692 4471 prae
1714 4394 1802 4441 con·

207 4496 368 4569 sortibus
387 4497 505 4569 tuis.»
526 4501 580 4569 De
596 4496 704 4592 hujus
716 4495 938 4596 plenitudine
957 4493 1153 4584 unctionis,
1175 4493 1264 4564 sicut
1283 4494 1454 4593 scriptum
1473 4508 1542 4584 est,
1563 4517 1689 4564 omnes
1706 4515 1804 4564 aoce-

205 4616 351 4714 pimus,
378 4631 548 4714 tanquam
568 4615 615 4687 de
634 4615 779 4688 taberna
804 4615 1040 4688 exuberanter
1057 4614 1177 4686 oleum
1195 4629 1334 4704 manat,
1355 4612 1554 4685 secundum
1573 4613 1673 4709 quod
1695 4613 1728 4684 ei
1750 4610 1804 4681 di-

202 4739 304 4809 citur
314 4744 331 4778 ¹¹
350 4768 357 4808 :
378 4738 541 4810 «Oleum
561 4737 714 4810 ellnsum
736 4761 869 4810 nomen
888 4752 1002 4810 tuum.
1023 4767 1039 4802 a
1060 4738 1170 4824 Quasi
1188 4761 1344 4836 namque
1369 4735 1516 4808 taberna
1537 4734 1701 4832 quaedam
1728 4733 1804 4830 ejus

244 4987 251 5012 ¹
275 4990 323 5048 Qut
342 4993 365 5038 ta
386 4993 498 5050 proximo
518 4995 625 5040 nascitur
644 4989 693 5040 llS.
713 4988 780 5039 Eine.
791 5015 825 5028 -
837 4986 847 5015 ¹
859 4987 912 5038 Lib.
927 4987 988 5047 Vll,
1032 4987 1041 5013 ¹
1054 4987 1116 5052 hege
1129 4987 1176 5037 boc
1188 4991 1236 5038 dte.
1251 5013 1279 5024 -
1294 4984 1368 5036 ‘Lib
1381 4983 1428 5046 vt,
1441 5000 1498 5052 cap.
1510 5001 1559 5046 xx,
1571 5000 1597 5051 p.
1611 4981 1735 5034 tta-¹·
1744 4985 1806 5045 Quo

197 5087 264 5138 oep.
275 5071 401 5122 uml'id.
409 5073 477 5125 Pauli
488 5075 565 5125 Orosii
574 5079 689 5125 actvm
701 5075 818 5138 Paeonas
831 5075 990 5124 harenarum
1031 5088 1076 5136 que
1086 5071 1136 5122 tls,
1148 5070 1261 5122 Eine-⁸
1272 5071 1325 5121 bib.
1336 5070 1380 5128 l'l.
1391 5085 1446 5136 cap.
1460 5087 1507 5132 xx,
1518 5086 1545 5137 p.
1557 5067 1661 5120 ll2.-⁰
1672 5069 1723 5121 tts.
1737 5067 1807 5119 Eius.

195 5157 253 5208 lib.
268 5156 329 5220 tn,
348 5157 460 5223 Lugduni
479 5159 640 5221 Batavorum,
657 5161 730 5224 ll6'l,
747 5159 821 5221 in-l⁰‚
840 5175 868 5226 p.
884 5159 941 5208 llfl.
960 5184 989 5196 -
1029 5159 1157 5216 -Uaetio,
1168 5160 1211 5206 illa
1221 5167 1244 5206 et
1252 5159 1411 5220 spiritualium
1422 5153 1485 5206 Edit.
1495 5153 1729 5207 tmb.-⁴⁰t³ntm.
1741 5171 1806 5215 aen,

196 5243 208 5270 ¹
238 5241 398 5305 Triumphum
421 5257 566 5307 reportante.
583 5245 711 5296 -—⁴lsaiae
736 5259 791 5310 cap.
814 5260 845 5303 rr,
870 5259 892 5293 v.
918 5244 941 5294 l.
959 5269 989 5280 ··-
1030 5259 1053 5292 v.
1066 5241 1287 5300 8.-'¹Caatic.,
1298 5254 1424 5304 eap.1‚v.
1438 5241 1463 5288 2.
