4520 6104
498 665 567 736 198
924 661 1051 734 PETRI
1077 661 1311 738 tBAEttssot
1336 663 1393 734 ΕΤ
1417 663 1641 735 HELOlSSAE

496 828 593 876 sonae
616 817 803 902 parantur,
825 825 891 874 nec
915 825 1076 874 seorsum
1097 801 1214 899 aliqua
1237 801 1520 900 superaddantur
1541 803 1745 901 pulmenta,
1766 825 1831 878 uec
1848 803 2067 880 ullatenmei

496 925 588 996 vesci
604 923 707 994 liceat
722 921 911 1020 plusquam
929 935 981 992 ter
998 920 1035 991 io
1059 919 1305 1008 bebdomada,
1326 921 1441 1019 prima
1457 920 1621 994 videlieet
1637 921 1742 1011 ieris,
1762 925 1881 1009 tertia,
1897 939 1934 996 et
1948 927 2068 1021 quinta

494 1045 598 1132 feria,
629 1055 911 1139 quantaecunque
935 1041 1042 1112 etiam
1071 1040 1272 1114 festivitates
1299 1041 1547 1114 intercurrant.
1575 1045 1658 1127 Quo
1687 1065 1842 1139 namque
1866 1041 2069 1118 solemnius

429 1233 433 1242 ,
494 1163 610 1260 major
626 1178 696 1254 est,
713 1162 858 1258 majoris
873 1159 1091 1234 abstinentiae
1108 1158 1301 1234 devotione
1317 1176 1369 1236 est
1388 1160 1683 1234 celebranda.·ad
1700 1161 1801 1258 quod
1824 1185 1890 1236 nos
1914 1165 2070 1260 egregius

494 1285 623 1364 doctor
646 1283 838 1380 Gregorius
863 1282 1102 1354 Nazianzenus
1125 1281 1354 1354 vehementer
1371 1281 1579 1369 exhortans,
1598 1280 1659 1356 lib.
1679 1287 1724 1352 lll
1741 1282 1785 1354 de
1801 1283 2073 1358 mutuat

493 1401 653 1476 secuntias
665 1401 889 1499 Epiphanius,
906 1401 972 1472 ait¹
989 1429 998 1468 ε
1016 1429 1034 1468 a
1049 1400 1151 1472 Diem
1164 1400 1292 1472 festum
1305 1399 1526 1472 celebremus
1539 1423 1613 1472 nou
1627 1401 1742 1474 ventri
1752 1401 1992 1497 indulgentes,
2007 1405 2071 1478 sed

493 1522 617 1620 spiritu
635 1519 877 1592 exultantes.»
896 1519 995 1590 ldem
1013 1517 1075 1592 libs
1095 1523 1142 1590 tv
1161 1517 1205 1590 de
1225 1523 1426 1590 Pentecoste
1443 1535 1479 1590 et
1497 1522 1635 1615 Spiritu
1652 1525 1821 1592 sancto¹s
1841 1550 1860 1588 a
1881 1525 1925 1592 lit
1941 1521 2000 1594 hic
2018 1539 2070 1596 est

493 1659 615 1716 noster
632 1641 739 1712 festus
756 1638 853 1728 dies,
869 1667 887 1707 u
908 1640 975 1728 ait,
998 1639 1065 1710 «in
1086 1639 1213 1712 animae
1237 1638 1422 1710 thesauros
1447 1663 1605 1738 perenne
1636 1639 1772 1736 aliquod
1800 1653 1835 1712 at
1858 1655 2071 1738 perpetuum

493 1759 751 1851 recondamus,
779 1783 853 1832 non
871 1783 913 1830 ea
930 1783 1008 1855 quae
1025 1746 1327 1856 pertranseuut'et
1345 1757 1598 1831 dissolvuntur.
1619 1757 1754 1832 Sufficit
1775 1761 1919 1858 corpori
1941 1761 2074 1834 inditia

493 1903 577 1970 sua,
599 1903 672 1950 non
690 1877 824 1974 indiget
841 1877 1040 1976 copiosiore
1058 1878 1226 1966 materia,
1247 1902 1314 1950 nec
1335 1875 1493 1950 insolens
1515 1877 1625 1950 bestia
1646 1877 1965 1952 abundantioribus
1985 1879 2074 1954 cibis

493 2015 531 2071 ut
549 1997 758 2070 insolentior
773 1985 911 2086 fiat,-et
926 1995 1116 2070 violentius
1139 2011 1274 2093 urgeat.
1300 2026 1317 2066 a
1345 1996 1482 2068 ldoirco
1504 2011 1624 2068 autem
1651 1991 1875 2095 spiritualiter
1892 2001 2005 2096 magis
2022 2017 2074 2074 est

493 2116 628 2215 agenda
654 2116 878 2206 solemnitas,
905 2139 1014 2213 quam
1038 2129 1074 2187 et
1098 2114 1222 2188 beatus
1246 2117 1505 2212 Hieronymus,
1527 2117 1602 2212 ejus
1625 2116 1838 2214 discipulus,
1857 2134 2017 2210 mutus,
2036 2121 2073 2192 in

492 2238 640 2338 epistola
665 2261 730 2310 sua
752 2236 796 2308 de
818 2239 969 2333 acceptis
985 2235 1190 2308 Muneribus
1209 2238 1255 2308 ita
1274 2235 1433 2333 quodam
1459 2237 1540 2310 loco
1566 2237 1748 2310 meminit⁸
1771 2265 1779 2310 r
1806 2239 1945 2312 «Unde
1967 2240 2075 2314 nobis

491 2357 673 2432 sollicitius
686 2354 969 2453 providendum,
986 2369 1026 2426 ut
1036 2355 1234 2426 solemnem
1249 2355 1343 2426 diem
1361 2375 1437 2428 non
1451 2369 1522 2428 tam
1535 2355 1698 2428 ciborum
1708 2354 1947 2446 abundantia,
1962 2383 2077 2454 quam

490 2478 631 2574 spiritus
658 2475 872 2548 exultatione
894 2474 1138 2548 celebremus:
1159 2476 1242 2570 quia
1259 2474 1361 2548 valde
1385 2473 1581 2547 absurdum
1597 2490 1651 2548 est
1671 2477 1779 2550 nimia
1804 2477 1984 2552 saturitate
2009 2479 2077 2550 ho·

491 2621 618 2668 norare
640 2594 729 2669 velle
752 2609 963 2690 martyrem,
984 2615 1092 2692 quem
1113 2595 1265 2666 mamus
1290 2597 1367 2666 Deo
1390 2594 1563 2692 placuisse
1588 2585 1742 2690 jejuniis.
1765 2625 1782 2662 u
1799 2599 2013 2693 Augustinus
2029 2600 2078 2672 de

490 2718 711 2786 Paenitentia
724 2713 919 2786 Medicina‘
934 2741 945 2784 .·
962 2742 980 2781 a
994 2714 1144 2786 attende
1162 2727 1215 2786 tot
1232 2727 1427 2808 martyrum
1444 2712 1564 2786 millia.
1581 2718 1655 2784 Cur
1667 2714 1763 2788 enim
1776 2714 1931 2789 natalitia
1942 2740 2078 2790 comm

486 2835 658 2907 conviviis
681 2833 843 2932 turpibus
865 2832 1043 2906 celebrare
1061 2832 1233 2922 delectat,
1253 2847 1288 2904 et
1311 2857 1436 2906 eorum
1461 2834 1570 2906 vitam
1595 2835 1693 2931 sequi
1722 2833 1882 2908 honestis
1910 2837 2080 2910 motibus

485 2979 558 3028 non
583 2952 759 3028 delectat?
775 2981 792 3020 u
814 2953 988 3040 Quotiens
1004 2977 1091 3026 vero
1109 2975 1235 3026 carnes
1254 2950 1424 3041 deerunt,
1447 2951 1521 3026 duo
1542 2953 1592 3026 eis
1614 2952 1745 3026 fercula
1769 2953 2080 3054 qualiumcunque

484 3075 752 3172 pulmentorum
769 3072 1021 3162 concedimus,
1053 3096 1121 3144 nec
1145 3069 1339 3169 superaddi
1364 3073 1479 3169 pisces
1507 3071 1749 3169 prohibemus.
1775 3073 1867 3146 Nulli
1889 3099 1976 3148 vero
1995 3082 2081 3174 pre-

483 3197 569 3268 ciosi
586 3217 730 3292 sapores
747 3194 835 3266 cibis
849 3207 1076 3291 apponantur
1091 3193 1129 3264 in
1145 3207 1346 3277 conventu,
1367 3193 1429 3266 sed
1448 3194 1489 3264 iis
1508 3208 1684 3266 contentae
1701 3195 1792 3282 sint,
1807 3219 1887 3292 quae
1901 3197 1938 3268 io
1957 3212 2078 3284 ten-a,

484 3339 592 3410 quam
616 3312 832 3399 inhabitant,
857 3325 1069 3400 nascuntur,
1092 3309 1266 3384 fiuctibus
1291 3335 1375 3384 vero
1402 3336 1476 3383 non
1503 3311 1569 3382 nisi
1593 3313 1629 3384 in
1646 3335 1749 3384 crana
1772 3328 1971 3389 vescantur.
2004 3321 2083 3388 Pro

486 3432 747 3506 medicamento
766 3443 886 3503 autem
901 3428 1032 3525 quibus
1049 3453 1140 3526 opus
1157 3429 1280 3518 fuerit,
1302 3429 1358 3500 vel
1376 3429 1505 3502 herbas
1527 3430 1581 3502 iel
1601 3431 1736 3504 radices
1756 3455 1819 3504 seu
1847 3433 1983 3506 boetus
2011 3435 2083 3508 ali-

484 3565 590 3647 quot,
611 3549 668 3620 vel
685 3548 753 3618 alia
769 3545 978 3642 hujusmodi
991 3545 1423 3645 nunquam-prohibemus
1434 3550 1566 3622 mensis
1581 3550 1729 3647 apponi.
1746 3551 1866 3647 Siqua
1884 3551 1977 3624 sorte
1990 3579 2086 3651 per-

485 3670 603 3767 egrina
628 3665 792 3738 monialis
814 3665 970 3763 hospitio
985 3680 1126 3764 recepta
1144 3665 1275 3738 mensis
1288 3667 1466 3756 intererit,
1484 3667 1618 3740 ferculo
1635 3669 1668 3740 ei
1685 3669 1804 3766 aliquo
1822 3671 2084 3768 superaddito,

484 3789 662 3862 charitatis
679 3787 806 3860 sentiat
824 3786 1095 3858 humanitatem.
1117 3790 1170 3858 De
1184 3811 1258 3881 quo
1271 3786 1418 3882 quidem
1430 3788 1458 3858 si
1471 3787 1559 3884 quid
1578 3787 1789 3862 distribuere
1802 3789 1974 3882 voluerit,
1990 3793 2088 3868 boe-

485 3909 548 3980 bit.
571 3911 652 3980 Haec
667 3921 806 3994 autem,
827 3904 882 3976 vel
907 3906 936 3976 si
957 3903 1077 4003 plures
1097 3905 1250 3995 fuerint,
1269 3905 1305 3976 in
1325 3906 1460 4000 majore
1478 3929 1602 3980 mensa
1623 3906 1850 3998 residebunt,
1869 3925 1909 3982 et
1923 3911 1981 3984 eis
1997 3913 2091 3984 dia-

484 4029 623 4100 conissa
642 4025 871 4114 ministrabit,
890 4039 1015 4122 postea
1030 4049 1115 4098 cum
1132 4025 1227 4115 aliis,
1243 4049 1322 4122 quae
1335 4026 1465 4098 mensis
1487 4026 1704 4118 ministrant,
1720 4043 1933 4102 comestura.
1950 4033 1989 4102 Si
2001 4059 2096 4131 quo

485 4173 568 4222 vero
595 4171 760 4220 sororum
783 4147 935 4244 parciori
952 4144 1033 4218 cibo
1057 4170 1201 4218 carnem
1220 4144 1368 4218 domare
1388 4146 1558 4232 voluerit,
1583 4146 1785 4222 nullatcnus
1803 4149 1874 4222 boc
1900 4150 1978 4248 ipsa
2008 4155 2093 4226 nisi

483 4293 547 4365 per
567 4267 808 4339 obedientiam
827 4279 1031 4364 presumat,
1051 4279 1086 4336 et
1104 4263 1304 4336 nullatenus
1322 4263 1393 4338 hoc
1411 4266 1443 4336 ei
1461 4265 1666 4362 denegetur,
1684 4267 1713 4338 si
1727 4266 1798 4340 hoc
1815 4291 1890 4339 non
1907 4267 2091 4364 levitate,

482 4386 544 4460 sed
567 4388 695 4458 virtute
713 4385 854 4456 videtur
874 4398 1058 4482 appetere,
1081 4383 1181 4481 quod
1206 4383 1281 4479 ejus
1305 4382 1488 4458 firmitudo
1513 4384 1630 4458 valeat
1653 4385 1815 4460 tolerare.
1839 4387 1932 4460 Nulli
1949 4403 2098 4468 tamen

484 4533 641 4605 unquam
666 4506 903 4605 permittatur,
925 4519 964 4576 ut
987 4529 1051 4603 per
1074 4504 1145 4576 hoc
1171 4508 1430 4594 conventu¹..,.
1453 4529 1520 4576 nec
1539 4520 1578 4576 ut
1597 4501 1751 4602 aliquam
1775 4505 1872 4578 diem
1891 4508 1970 4580 sine
1987 4512 2100 4588 cibo

484 4630 662 4724 transigat.
678 4626 864 4723 sagiminis
875 4623 1110 4696 condimento
1124 4623 1316 4698 sextaleria
1331 4648 1516 4720 nunquam
1527 4638 1685 4714 utantur,
1700 4625 2103 4724 sedquadragesimnli

485 4745 566 4820 cibo
582 4761 777 4836 contentae,
793 4769 928 4845 sponso
949 4767 1014 4818 suo
1035 4767 1078 4816 ea
1094 4743 1153 4818 die
1174 4769 1278 4842 passo
1292 4743 1448 4841 quadam
1460 4746 1723 4844 compatiantur
1735 4746 1959 4824 abstinentia.
1979 4751 2104 4830 {llud

488 4891 571 4940 vero
593 4889 666 4938 non
684 4864 801 4937 solum
822 4863 1110 4963 prohibendum,
1129 4864 1192 4938 sed
1214 4864 1445 4938 vehementer
1457 4880 1510 4938 est
1522 4863 1812 4958 abhorrendum,
1828 4868 1928 4965 quod
1940 4870 1978 4942 io
1998 4875 2106 4970 ple.

521 5176 529 5201 ·
548 5175 614 5224 Orat.
627 5189 718 5234 nm,
730 5174 776 5230 2⁰.
793 5173 856 5236 Opp-
869 5171 965 5223 Parisiis
975 5209 982 5234 ,
994 5173 1073 5232 tras,
1086 5171 1183 5233 in-lol.,
1194 5183 1213 5224 t.
1228 5175 1255 5234 l,
1288 5173 1456 5234 tunultu,
1467 5175 1555 5238 oppa.
1564 5174 1715 5242 lll,part.ll.
1725 5173 1773 5226 cul.
1785 5176 1859 5224 oo-
1868 5173 1964 5226 ‘Seram
1974 5193 2115 5248 ccum,

486 5275 512 5326 p.
525 5255 765 5318 etue-'ostam
776 5255 837 5321 opp.
849 5267 868 5307 t.
879 5255 1257 5323 t‚p.rtt.-¹ttpacmn,at
1292 5259 1353 5323 opp.
1366 5270 1384 5310 t.
1398 5254 1427 5320 V,
1437 5259 1486 5312 ool.
1499 5261 1572 5310 taor.
1589 5257 1639 5296 -¹
1650 5258 1729 5312 boeot
1744 5267 1886 5324 corruptus
