4522 6104
457 557 529 627 67⁴2
1055 555 1181 626 remi
1207 555 1440 630 ABAELARDl

457 711 740 795 cooperuerunt,
759 696 810 768 ad·
821 721 904 766 eum
923 697 1110 793 pervenire
1126 711 1333 794 potuerunt.
1351 697 1458 784 Quod
1474 695 1622 795 quidem
1643 720 1684 768 ex
1704 719 1747 769 eo
1768 699 1923 770 maxime
1938 699 2037 773 ride·

352 807 354 811 ’
457 831 528 904 tur,
549 815 647 913 quod
664 814 788 887 Enoch
811 831 894 887 ante
911 815 1087 887 diluvium
1104 819 1141 888 in
1158 817 1365 915 paradisum
1388 817 1579 890 translatus
1598 815 1778 913 submergi
1804 842 1880 892 non
1906 823 2034 917 potuit.

458 937 706 1030 Hieronymus,
717 933 970 1006 Hebror'carum
984 938 1225 1026 Quaestionum
1237 939 1275 1007 in
1287 939 1448 1008 Genesim
1458 935 1701 1014 .·«Paradisum
1711 937 1934 1036 aprincipio,
1945 953 2035 1010 eto.»

457 1060 505 1123 Ex
524 1079 596 1150 quo
615 1055 898 1126 manifestissime
915 1055 1173 1152 comprobatur
1188 1054 1288 1153 quod
1304 1057 1512 1153 priusquam
1530 1056 1659 1128 coelum
1677 1071 1714 1128 et
1728 1070 1861 1128 terram
1877 1061 1973 1132 Deus
1989 1061 2006 1130 l
2022 1102 2036 1115 -

456 1188 571 1262 ceret,
591 1174 797 1272 paradisum
819 1189 902 1246 ante
928 1174 1153 1246 condiderat.
1173 1180 1217 1246 Et
1240 1175 1366 1272 legitur
1394 1177 1431 1247 in
1452 1175 1620 1248 hebraeo:
1643 1205 1660 1244 u
1675 1174 1900 1250 Plantaverat
1920 1193 2036 1250 autem

455 1295 632 1365 Dominus
660 1297 755 1364 Deus
782 1293 989 1390 paradisum
1014 1295 1051 1364 in
1075 1294 1176 1365 Eden
1198 1317 1219 1366 a
1243 1294 1434 1397 principio:
1451 1317 1469 1362 n
1495 1295 1673 1385 Isidorus,
1699 1299 1819 1390 Etym.
1848 1295 1910 1367 lib.
1946 1301 2034 1386 XIV,

456 1439 534 1511 cap.
553 1439 608 1501 ru,
628 1412 672 1483 de
691 1415 770 1484 Asia
786 1413 823 1483 in
841 1437 914 1510 qua
931 1427 984 1485 est
1000 1412 1185 1511 paradisus
1202 1441 1210 1484 :
1234 1441 1252 1482 a
1266 1394 1453 1487 Paradisirs
1468 1429 1522 1488 est
1537 1413 1638 1488 loeus
1651 1415 1691 1496 in
1707 1415 1862 1487 Orientis
1876 1417 2038 1518 partibus

456 1535 688 1622 constitutus,
707 1535 807 1629 cujus
829 1534 1047 1606 vocabulum
1066 1559 1107 1606 ex
1133 1559 1247 1632 graeco
1273 1536 1310 1605 in
1331 1534 1483 1607 latinum
1495 1536 1647 1608 vertitur
1669 1539 1830 1607 Hortus:
1851 1562 1957 1635 porro
1974 1539 2038 1610 he·

457 1654 577 1725 braice
598 1653 698 1723 Edere
722 1652 864 1744 dicitur,
893 1653 1053 1750 quodin
1076 1668 1237 1726 nostram
1258 1653 1418 1752 linguam
1440 1654 1588 1727 Delieioe
1605 1655 1870 1754 interpretatur.
1888 1685 1906 1724 u
1931 1657 2037 1745 Quod

456 1789 648 1869 utrumque
661 1773 828 1868 junctum
845 1771 928 1844 lacit
943 1776 1098 1846 Hortum
1114 1771 1342 1845 Deliciarum.
1362 1775 1424 1844 Est
1444 1773 1541 1846 enim
1558 1775 1658 1844 omni
1674 1797 1804 1869 genere
1820 1773 1908 1871 ligni
1923 1787 1959 1846 et
1977 1799 2038 1872 po·

457 1893 662 1964 miserarum
683 1893 855 1965 arborum
876 1894 1056 1982 consitus,
1075 1891 1213 1964 habens
1234 1894 1342 1964 etiam
1359 1891 1496 1989 lignum
1521 1894 1615 1966 vitae.
1641 1895 1721 1965 Non
1744 1892 1796 1964 ibi
1813 1893 1944 1990 frigus,
1966 1919 2036 1966 nou

456 2029 576 2102 aestus,
595 2013 660 2085 sed
674 2030 848 2113 perpetua
864 2015 954 2086 aeris
973 2014 1175 2111 temperies.
1194 2014 1336 2110 Ecujus
1354 2011 1475 2086 medio
1492 2012 1573 2087 lons
1589 2036 1829 2113 prorumpens
1844 2029 1963 2086 totum
1980 2041 2038 2086 ne·

457 2157 535 2204 mus
553 2134 692 2229 irrigat,
714 2133 956 2230 dividiturque
974 2133 1011 2203 in
1028 2147 1184 2230 quatuor
1206 2132 1389 2203 nascentia
1409 2131 1572 2204 flumina.
1594 2132 1702 2229 Cujus
1722 2133 1792 2204 loci
1814 2147 1898 2230 post
1919 2157 2037 2230 pecca-

457 2266 533 2321 tum
548 2251 688 2323 homini
705 2252 821 2324 aditus
839 2252 1051 2324 interclusus
1067 2267 1132 2324 est.
1152 2255 1279 2350 Septus
1300 2267 1354 2324 est
1369 2253 1466 2324 enim
1480 2251 1641 2350 undique
1657 2252 1843 2351 romphea
1859 2253 2033 2340 flammea,
2069 2241 2104 2321 Φ

457 2369 493 2439 id
516 2386 568 2440 est
592 2394 695 2440 muro
715 2372 820 2466 igneo
843 2373 1047 2460 accinetuS,
1071 2373 1120 2442 ita
1143 2385 1182 2442 ut
1203 2371 1278 2465 ejus
1299 2394 1382 2441 cum
1400 2369 1492 2443 coelo
1510 2396 1605 2469 pene
1625 2372 1796 2468 jungatur
1817 2372 2033 2446 incendium.

455 2487 650 2559 Cherubim
666 2513 828 2586 quoque,
846 2490 883 2561 id
901 2505 953 2560 est
970 2489 1197 2585 angelorum,
1216 2488 1422 2588 praesidium
1442 2489 1606 2562 arcendis
1622 2489 1805 2588 spiritibus
1817 2490 1914 2562 malis
1929 2515 2036 2588 super

455 2607 637 2705 rompheae
653 2608 877 2704 flagrantiam
896 2608 1103 2679 ordinatum
1120 2623 1191 2694 est,
1210 2622 1250 2677 ut
1270 2607 1435 2680 homines
1454 2608 1628 2698 flammae,
1649 2608 1795 2706 angelos
1819 2633 1903 2682 vero
1923 2609 2036 2682 malos

454 2725 568 2822 angeli
585 2727 840 2817 submoveant,
859 2752 905 2799 ne
921 2729 979 2798 cui
993 2727 1093 2798 carni
1106 2727 1162 2798 vel
1180 2727 1320 2824 spiritui
1336 2729 1625 2824 transgressionis
1641 2728 1758 2804 aditus
1774 2728 1820 2802 ad
1835 2727 2038 2827 paradisum

454 2862 585 2954 pateat.
603 2846 711 2936 Quod
729 2872 815 2919 vero
833 2847 882 2918 ait
902 2876 920 2914 u
935 2847 1165 2946 aprincipio,
1181 2873 1199 2912 n
1220 2825 1391 2918 subaudit
1400 2845 1650 2943 plantationis3
1667 2848 1787 2920 innuit
1802 2863 1887 2920 ante
1898 2863 2036 2919 ceteras

454 2969 593 3066 plantas
602 2971 718 3067 ipsum
730 2966 835 3040 luisse
850 2995 859 3039 ε
873 2993 947 3065 quo
962 2967 1096 3065 aliquid
1108 2964 1392 3039 delectabilitatis
1403 2990 1476 3064 prae
1489 2967 1623 3040 caeteris
1633 2966 1720 3040 locis
1731 2967 1882 3040 haberet
1893 2967 2036 3066 quando

454 3091 489 3158 in
523 3091 639 3186 ipsum
670 3088 782 3159 bomo
809 3086 1118 3176 introduceretur,
1142 3099 1242 3158 tanto
1275 3085 1479 3182 diligentius
1509 3100 1592 3160 ante
1622 3101 1868 3185 preparatus,
1904 3102 2036 3186 quanto

457 3210 608 3308 amplius
627 3209 800 3307 temporis
816 3207 1083 3305 impenderetur
1097 3208 1172 3303 ejus
1191 3207 1456 3305 praeparationi.

503 3361 521 3396 a
538 3330 659 3400 Posuit
672 3327 858 3399 hominem
872 3352 980 3424 quem
995 3327 1223 3399 formaverat.
1241 3355 1259 3395 n
1284 3325 1325 3398 ld
1340 3339 1394 3398 est
1408 3326 1545 3415 virum,
1557 3327 1657 3423 cujus
1671 3326 1839 3400 formatio
1856 3327 1932 3423 Jam
1949 3349 2034 3425 prae·

452 3449 547 3519 dicta
564 3463 629 3519 est.
649 3447 712 3516 Vir
727 3450 861 3543 quippe
879 3461 976 3516 extra
993 3446 1200 3542 paradisum
1216 3445 1329 3517 lactus
1345 3443 1392 3518 de
1411 3444 1499 3517 limo
1516 3459 1619 3518 terra
1636 3446 1673 3516 in
1695 3445 1904 3544 paradisum
1926 3461 2035 3518 trans·

452 3567 543 3636 latus
563 3580 638 3636 est:
655 3565 782 3636 mulier
800 3587 887 3635 vero
906 3565 943 3634 in
963 3562 1129 3661 paradiso
1146 3562 1192 3636 de
1205 3565 1284 3635 viro
1301 3578 1420 3636 creata
1435 3579 1506 3654 est,
1521 3588 1600 3662 quae
1611 3579 1731 3638 tamen
1747 3567 1867 3638 virum
1880 3579 1915 3636 et
1925 3589 2034 3662 sepa-

453 3689 538 3755 riter
549 3684 596 3755 de
608 3682 775 3780 paradiso
790 3681 910 3778 ejecit,
925 3683 1017 3755 sicut
1028 3684 1213 3780 sequentia
1226 3683 1412 3756 manifeste
1420 3683 1584 3756 tradunt.
1599 3689 1650 3755 Ex
1661 3708 1735 3782 quo
1747 3697 1910 3783 patenter
1921 3686 2034 3756 innui·

452 3818 523 3890 tur,
544 3828 618 3875 non
636 3818 710 3874 tarn
730 3802 813 3875 loca
832 3828 944 3902 quam
962 3827 1080 3875 mores
1103 3803 1150 3877 ad
1173 3797 1324 3876 salutern
1340 3804 1541 3902 pertinere,
1560 3828 1672 3900 quum
1692 3801 1820 3876 mulier
1840 3806 1878 3876 in
1901 3802 2033 3878 meliori

451 3923 532 3992 loco
551 3923 643 3995 sacta
654 3922 811 3995 deterior
827 3923 864 3994 in
881 3923 1090 3995 seductione
1110 3923 1227 3997 fuerit.

503 4071 520 4109 n
537 4042 790 4139 Produxitque.
803 4070 820 4108 n
837 4046 956 4128 Quare
974 4041 1121 4132 dixerit,
1143 4043 1380 4141 «voluptatis,
1397 4071 1414 4109 n
1437 4043 1603 4140 assignat.
1618 4070 1636 4110 r
1652 4042 1843 4114 Pulchrum
1857 4044 1935 4114 visu
1947 4041 2029 4114 etad

451 4160 668 4254 uescendum
689 4186 815 4250 suave,
833 4191 850 4228 n
872 4175 912 4232 ut
933 4162 1011 4233 visu
1033 4161 1243 4252 delectaret,
1263 4177 1300 4236 et
1319 4176 1441 4260 gustus
1461 4163 1633 4236 suavitate
1648 4160 1821 4234 reliceret.

501 4311 519 4346 «
536 4282 685 4376 Lignum
701 4282 809 4352 etiarn
825 4281 918 4353 ritae.
938 4284 1096 4368 »Quum
1119 4281 1247 4354 dixerit
1273 4306 1383 4354 omne
1403 4281 1562 4379 lignum,
1583 4281 1672 4379 quid
1694 4297 1748 4354 est
1769 4281 1870 4379 quod
1891 4281 1976 4353 dicit
1990 4279 2029 4350 de

450 4403 524 4471 istis
539 4401 683 4472 duobus
699 4400 802 4498 lignis
824 4403 933 4474 etiam
957 4418 1131 4500 tanquam
1156 4405 1234 4503 ipsa
1255 4427 1331 4475 non
1358 4403 1490 4476 fixerint
1514 4402 1561 4475 de
1588 4403 1757 4477 omnibus
1779 4402 1884 4498 lignis
1906 4403 1981 4474 visu
1999 4416 2030 4472 et

450 4537 553 4623 gustu
576 4520 866 4612 delectabilibus,
887 4523 1041 4594 maxime
1059 4547 1172 4620 quum
1187 4522 1233 4594 de
1251 4521 1349 4621 ligno
1367 4524 1495 4621 inquo
1514 4523 1748 4619 transgressio
1766 4521 1859 4595 lacta
1880 4537 1933 4594 est
1954 4521 2031 4592 scri·

449 4657 552 4739 ptum
568 4644 613 4715 sit
633 4642 938 4742 insequentibus,
958 4645 1044 4742 quia
1059 4644 1150 4716 vidit
1169 4643 1296 4716 mulier
1308 4643 1409 4743 quod
1428 4643 1569 4718 bonurn
1582 4659 1674 4716 esset
1686 4643 1823 4742 lignum
1835 4658 1872 4716 et
1887 4643 2030 4716 delecta·

450 4761 542 4832 bile?
557 4763 627 4835 Sed
643 4763 806 4863 prolecto
823 4787 899 4835 non
921 4789 989 4862 pro
1013 4763 1216 4838 diversitate
1236 4763 1417 4862 lignorum
1437 4763 1645 4837 dictumest
1664 4792 1683 4832 a
1697 4764 1825 4852 enam,
1843 4792 1862 4832 u
1883 4762 1944 4835 sed
1969 4785 2029 4860 pro

451 4881 654 4958 diversitate
670 4885 740 4957 loci
759 4885 821 4958 ubi
839 4885 914 4957 haec
932 4885 1007 4959 duo
1025 4886 1120 4984 ligna
1141 4887 1326 4960 constituit
1343 4902 1379 4960 et
1395 4886 1463 4960 sibi
1481 4885 1690 4982 conjunxit,
1709 4885 1746 4958 id
1766 4900 1820 4958 est
1839 4884 1960 4958 medio
1975 4905 2029 4980 pa·

452 5004 578 5092 radisi,
597 5031 671 5078 non
695 5008 732 5079 in
755 5007 905 5079 circuitu
921 5008 1013 5081 sicut
1030 5023 1169 5082 caetera.
1189 5012 1311 5096 Quum
1328 5009 1425 5082 enim
1447 5006 1593 5080 dixisset
1615 5009 1699 5105 quia
1717 5007 1867 5106 protulit
1885 5021 1977 5078 terra
1995 5003 2027 5072 in

451 5125 618 5239 paradiso
637 5127 731 5224 ligna
751 5145 877 5201 caetera
893 5130 984 5202 sicut
1007 5143 1043 5202 et
1063 5130 1145 5219 ista,
1162 5154 1390 5229 nequaquam
1413 5128 1573 5201 distinxit
1593 5127 1780 5226 quomodo
1802 5140 2025 5228 ponerentur,
