4588 6106
455 627 526 702 468
889 629 1016 702 PETRI
1042 625 1279 702 ABAELARDI
1304 631 1360 704 ΕΤ
1384 627 1611 703 HELOlSSAE

453 774 552 872 regni
573 771 690 860 illins,
718 780 794 843 ndu
823 785 918 844 recte
942 772 1146 868 judicastis,
1178 795 1297 872 neque
1315 775 1519 848 custodistis
1540 774 1656 872 legem
1678 773 1832 871 justitias.
1860 773 2045 854 Horrenda

449 895 559 967 'eiiam
576 893 647 964 cito
666 889 851 991 apparebit
865 890 994 984 robis,
1018 893 1191 991 quoniam
1213 893 1389 990 judicium
1413 893 1649 966 durissimum
1667 895 1704 966 in
1727 894 1783 967 bis
1804 898 1866 995 qui
1891 917 2045 998 praesunt

454 1013 526 1085 fiet.
548 1013 683 1109 Exiguo
705 1013 804 1084 enim
828 1014 1037 1085 conceditur
1057 1014 1314 1087 misericordia.
1341 1019 1505 1088 Potentes
1530 1029 1650 1088 autem
1677 1030 1843 1113 potenter
1868 1033 2045 1094 tormenta

446 1134 652 1232 patientur,
672 1148 707 1205 et
721 1133 932 1206 fortioribus
952 1134 1077 1208 sortior
1098 1136 1204 1208 instat
1226 1136 1442 1209 cruciatio.»
1461 1134 2045 1237 Sufficitquippeunicuiquesub·

448 1257 622 1352 jectarum
640 1256 841 1328 animamm
861 1280 881 1327 a
902 1257 1050 1356 proprio
1069 1256 1136 1329 sibi
1152 1256 1347 1356 providere
1365 1256 1508 1330 delicto.
1534 1256 1687 1329 Praelatis
1703 1274 1824 1330 autem
1844 1273 1881 1332 et
1903 1262 1940 1332 in
1963 1285 2043 1358 pcc·

449 1377 536 1447 catis
552 1374 675 1446 alienis
695 1399 793 1446 mors
815 1375 990 1447 imminet.
1006 1380 1128 1464 Quum
1145 1377 1242 1448 enim
1256 1391 1432 1474 augentur
1444 1376 1563 1464 dona,
1583 1377 1739 1449 rationes
1754 1376 1862 1449 etiam
1879 1395 2042 1452 crescunt

447 1493 652 1582 donorum3
676 1510 712 1566 et
731 1494 789 1566 cui
818 1493 899 1593 plus
928 1495 1184 1586 committitur,
1207 1496 1289 1594 plus
1308 1495 1355 1568 ab
1372 1519 1418 1568 eo
1437 1496 1597 1593 exigitur.
1620 1497 1687 1567 Cui
1706 1495 1854 1594 quidem
1878 1499 2041 1598 periculo

447 1631 548 1688 tanto
570 1619 724 1690 maxime
745 1616 935 1716 providere
957 1619 994 1689 in
1015 1617 1213 1690 Proverbiis
1236 1617 1497 1705 admonemur,
1522 1640 1635 1716 quom
1657 1617 1808 1692 dicitur¹
1835 1649 1844 1690 r
1870 1647 1889 1690 u
1904 1621 1988 1712 lili,
2008 1625 2040 1694 si

448 1738 685 1837 spoponderis
700 1761 768 1836 pro
789 1739 905 1810 unico
923 1749 1009 1829 tuo,
1029 1737 1180 1810 defixisti
1204 1739 1301 1838 apud
1327 1755 1535 1812 extraneum
1555 1763 1703 1812 manum
1727 1755 1838 1812 tuam.
1868 1739 2040 1840 lllaquea⁴

448 1871 506 1929 tus
531 1881 569 1929 es
586 1857 704 1930 verbis
727 1859 798 1930 oris
818 1859 891 1950 tui,
925 1873 962 1931 et
991 1869 1116 1957 captus
1147 1860 1303 1958 propriis
1331 1859 1571 1932 sermonibus.
1606 1865 1672 1932 Fac
1698 1883 1783 1958 ergo
1805 1860 1905 1957 quud
1931 1860 2036 1954 dioo,

446 1974 499 2047 fili
518 1978 589 2065 mi,
611 1993 646 2050 et
662 1979 891 2077 temetipsum
909 1976 1042 2070 libera,
1064 1980 1148 2077 quia
1166 1978 1321 2052 incidisti
1339 1980 1382 2064 ¹in
1401 2001 1550 2052 manmn
1574 1979 1728 2077 proximi
1755 1979 1818 2051 tui.
1849 1980 2038 2070 Discurre,

447 2097 594 2187 festina,
614 2099 742 2170 suscita
758 2098 917 2169 amicum
934 2112 1038 2169 tuum
1058 2123 1065 2166 ε
1090 2121 1138 2170 ne
1157 2097 1297 2171 dederis
1316 2121 1485 2171 somnum
1504 2097 1617 2171 oculis
1637 2099 1730 2189 tuis,
1754 2121 1822 2170 nec
1847 2096 2041 2171 domnitam

444 2216 627 2316 palpebrae
655 2234 735 2290 tuae.
766 2246 783 2285 u
816 2223 916 2290 Tunc
948 2219 1045 2290 enim
1075 2243 1143 2316 pro
1164 2220 1280 2292 amico
1298 2220 1530 2317 sponsionem
1552 2219 1721 2308 facimus,
1754 2243 1867 2317 quum
1885 2217 2039 2316 Quem

450 2338 601 2412 charitas
628 2355 750 2412 nostra
776 2341 813 2410 in
840 2353 971 2412 nomae
998 2342 1282 2438 'congregationis
1308 2341 1618 2414 conversationem
1638 2341 1796 2439 suscipit.
1821 2340 1887 2412 Cui
1913 2355 2039 2412 nostr-a

447 2461 682 2557 providentiae
700 2483 823 2533 curam
840 2462 1113 2561 promittimus,
1142 2462 1233 2533 sicut
1254 2475 1290 2533 et
1311 2460 1371 2532 ille
1391 2460 1496 2533 nobis
1520 2460 1762 2534 obedientiam
1786 2485 1900 2534 suam.
1927 2465 1971 2532 Et
1990 2462 2039 2533 sic

449 2605 596 2679 quoque
615 2605 762 2654 manum
785 2597 945 2656 nostram
975 2581 1071 2680 apud
1101 2606 1185 2655 eum
1214 2579 1425 2679 defigimus,
1463 2607 1575 2680 quum
1604 2580 1879 2654 sollicitudinem
1908 2596 2039 2654 nostre

449 2703 666 2800 operationis
685 2726 767 2799 erga
788 2727 873 2774 eum
891 2701 1107 2801 spondendo
1129 2701 1389 2774 constituimus.
1418 2707 1509 2774 'lum
1532 2704 1620 2774 etin
1642 2725 1791 2774 manum
1813 2702 1889 2798 ejus
1913 2702 2038 2774 incidi-

445 2843 546 2912 mus,
569 2824 652 2918 quia
674 2822 742 2894 nisi
760 2821 863 2893 nubis
882 2820 928 2894 ab
948 2823 1027 2920 ipso
1045 2821 1331 2921 providerimus,
1355 2823 1474 2922 ipsum
1490 2821 1617 2894 animae
1629 2837 1758 2895 nostrae
1776 2823 2055 2900 interfectorem·

444 2943 647 3013 sentiemus.
660 2945 793 3014 Contra
806 2941 906 3040 quod
924 2941 1125 3040 periculum
1142 2940 1332 3013 adhibetur
1353 2942 1542 3014 consilium
1553 2995 1564 3033 ,
1591 2967 1704 3040 quum
1724 2942 1916 3016 subditur:
1940 2971 1958 3010 u
1975 2943 2034 3017 Di-

445 3087 585 3154 scurre,
610 3063 754 3152 festina,
776 3077 843 3135 etc.
865 3091 883 3132 u
905 3065 1007 3134 Nunc
1029 3063 1135 3159 igitur
1151 3061 1245 3153 buc,
1269 3085 1367 3134 nunc
1388 3061 1471 3135 illuc
1488 3062 1744 3155 deambulans,
1770 3085 1873 3136 more
1893 3063 2035 3161 providi

444 3198 480 3254 et
496 3184 638 3284 impigri
655 3185 777 3274 ducis,
798 3199 911 3256 castra
932 3207 996 3256 sua
1013 3183 1162 3255 sollicite
1180 3197 1299 3280 gerat,
1321 3183 1377 3256 vel
1394 3197 1593 3276 scrutetur,
1612 3193 1659 3256 ne
1678 3209 1744 3283 per
1764 3183 1914 3282 alicujus
1930 3185 2036 3282 negli-

444 3305 598 3399 gentiam
619 3304 673 3393 ei,
695 3304 764 3400 ·qui
786 3317 958 3400 tanquam
982 3301 1040 3374 leo
1069 3303 1193 3373 circuit
1214 3325 1377 3399 quaerens
1404 3326 1514 3401 quern
1548 3303 1739 3394 devoret¹,
1766 3304 1882 3377 aditus
1904 3319 2031 3403 pateat.

445 3424 576 3495 Omnia
589 3423 682 3496 mala
696 3422 826 3495 domus
839 3447 911 3496 suae
926 3421 1026 3520 prior
1044 3437 1233 3519 agnoscat,
1257 3436 1297 3495 ut
1319 3421 1365 3494 ab
1383 3425 1459 3523 ipsa
1478 3425 1576 3521 prius
1593 3425 1730 3524 possint
1750 3427 1877 3522 corrigi
1889 3449 1997 3523 quam
2014 3449 2034 3496 a

444 3545 577 3614 caeteris
596 3545 761 3640 agnosci,
791 3545 883 3615 etin
906 3542 1108 3641 exemplum
1129 3541 1232 3614 trahi.
1256 3545 1386 3615 Caveat
1403 3542 1493 3616 illud
1512 3543 1613 3641 quod
1632 3545 1747 3617 stultis
1773 3543 1829 3618 vel
1851 3545 2033 3642 negligen-

444 3661 538 3736 tibus
556 3663 681 3736 beatus
699 3665 918 3762 improperat
935 3663 1221 3762 Hieronymus':
1244 3661 1442 3736 «Solemus
1462 3664 1554 3736 mala
1572 3664 1704 3736 domus
1723 3679 1853 3738 nostrae
1866 3665 1957 3737 scire
1970 3689 2033 3740 uo·

445 3783 598 3874 vissimi,
620 3807 661 3856 ac
678 3783 932 3855 liberorumne
950 3763 1146 3880 conjugunt
1163 3783 1247 3854 vitia
1264 3783 1389 3856 vicinis
1405 3783 1616 3856 canentibus
1634 3785 1811 3882 ignorare.
1831 3813 1861 3852 »ι
1872 3784 2033 3856 attendat

445 3913 524 4000 duae
542 3905 592 3975 sic
609 3902 792 4002 praesidet,
815 3903 898 4000 quia
916 3917 990 3974 tam
1009 3925 1204 4002 corpomm
1219 3927 1329 4001 quam
1350 3906 1550 3976 animarum
1574 3902 1772 3978 custodiam
1791 3905 1961 4003 suscepit.
1980 3908 2033 3976 De

445 4021 606 4096 custodia
623 4047 710 4095 vero
729 4046 925 4120 corporum
941 4022 1178 4112 admonetur,
1199 4047 1311 4120 quum
1330 4021 1461 4095 dicitur
1471 4023 1508 4094 in
1523 4021 1807 4096 Ecclesiastico‘:
1827 4053 1845 4091 «
1861 4021 1954 4095 liliae
1969 4021 2031 4095 tibi

443 4157 548 4232 sunt,
569 4165 669 4214 serva
688 4165 819 4240 corpus
836 4139 1000 4231 illarum,
1019 4155 1055 4213 et
1074 4165 1150 4212 non
1170 4139 1337 4212 ostendas
1357 4141 1482 4222 faciem
1501 4154 1601 4221 tuam
1619 4140 1769 4213 hilarem
1785 4140 1832 4219 ad
1848 4139 1934 4212 illas.
1954 4170 1972 4207 n
1991 4145 2031 4212 Et

443 4265 571 4336 iterum
584 4267 595 4302 ⁸
608 4289 616 4333 ι
641 4291 658 4330 r
676 4261 761 4334 Filia
777 4263 886 4362 patris
906 4259 1115 4332 abwundita
1131 4275 1209 4350 est,
1231 4259 1347 4356 vigilia
1360 4275 1396 4332 et
1412 4259 1614 4346 sollicitudo
1630 4263 1707 4357 ejus
1723 4261 1837 4333 aulert
1847 4285 2027 4350 somnum,

443 4380 636 4480 nequando
658 4381 849 4482 polluatur.
871 4409 889 4448 a
909 4379 1105 4454 Polluimus
1121 4403 1209 4452 vno
1230 4401 1383 4482 corpora
1410 4394 1530 4457 nostra
1556 4395 1631 4452 non
1654 4378 1771 4452 solum
1797 4379 2027 4470 fornicando,

443 4502 507 4576 sad
522 4501 718 4604 quodlibet.
727 4501 898 4574 indecens
916 4501 953 4571 in
974 4500 1060 4598 ipsis
1079 4497 1265 4598 operando
1286 4511 1360 4570 tam
1379 4497 1519 4596 lingua,
1545 4521 1655 4596 quam
1672 4497 1743 4570 alio
1761 4497 1945 4590 membro,
1967 4521 2028 4570 seu

442 4622 604 4722 quolibet
639 4621 803 4698 membro
838 4619 1000 4694 sensibus
1032 4619 1194 4717 corporis
1229 4617 1276 4690 ad
1311 4618 1504 4692 vanitatem
1530 4619 1684 4717 aliquam
1713 4619 1907 4693 abutendo.
1935 4619 2031 4692 Sicut

443 4744 616 4841 scriptum
635 4745 735 4816 est⁸2
760 4771 777 4811 n
794 4745 891 4814 Mors
907 4741 1016 4812 intrat
1033 4763 1099 4837 per
1116 4738 1285 4812 anona
1304 4753 1466 4830 nostras,
1487 4763 1504 4808 u
1529 4739 1600 4812 boc
1618 4754 1672 4812 est
1691 4755 1876 4838 peccatum
1897 4742 1944 4811 ad
1957 4739 2029 4810 aoi-

444 4883 541 4935 mam
562 4887 629 4963 per
650 4863 809 4963 quinque
840 4869 1011 4935 sensnum
1033 4859 1279 4932 instrumenta.
1305 4862 1393 4947 Quae
1410 4885 1497 4936 vero
1519 4883 1617 4932 mors
1636 4861 1797 4958 gravior,
1822 4874 1884 4932 aut
1911 4873 2028 4932 custo·

476 5176 483 5202 ⁸
502 5177 650 5244 Prou.‚eap.
665 5193 703 5239 vr,
715 5192 740 5229 r.
755 5181 764 5226 1
779 5187 804 5228 et
814 5194 852 5245 tq.
863 5177 910 5215 -'
922 5177 989 5230 Patr.
1000 5179 1026 5242 l,
1042 5191 1099 5244 cap.
1113 5195 1139 5239 r,
1153 5192 1177 5227 r.
1192 5179 1218 5228 a.
1254 5201 1283 5216 ·-
1293 5175 1304 5202 ⁴
1314 5175 1406 5236 baed..
1417 5191 1474 5244 cap.
1487 5188 1535 5238 ru,
1552 5190 1575 5225 r.
1589 5177 1630 5226 26.
1640 5175 1796 5235 -Ὶιεὶὶε,
1814 5191 1870 5242 cap.
1890 5189 1952 5233 ιιιι,
1967 5187 1990 5222 r.
2004 5171 2030 5245 ⁹⁸.

441 5289 468 5300 -·
480 5261 491 5287 ¹
503 5261 580 5329 Epist.
595 5277 666 5326 xuni,
684 5265 719 5312 ad
737 5263 913 5322 Sabinianum,
930 5263 995 5326 opp.
1007 5272 1025 5313 t.
1041 5261 1084 5324 tt,
1097 5263 1146 5314 col.
1161 5263 1218 5312 too.
1253 5260 1424 5322 -‘·Jerern.‚
1437 5275 1493 5326 cap.
1508 5275 1549 5321 rx,
1565 5273 1589 5310 r.
1603 5262 1646 5311 tta
1770 5279 1775 5288 ·

2262 1137 2266 1281 t
