4522 6104
725 540 957 613 EXPOSlTlO
984 541 1027 610 ΙΝ
1052 535 1345 612 ΗΕΧΑΜΕΒΟΝ.
1620 629 1647 646 ⁴·
1752 535 1822 606 663

248 707 360 782 equus
376 697 412 754 et
428 681 474 754 ad
488 680 693 754 usitandum
710 678 877 769 idoneus,
891 678 990 752 bona
1006 694 1126 752 tamen
1145 694 1198 751 est
1211 692 1390 766 creatura,
1410 693 1446 749 et
1462 691 1638 773 quantum
1650 677 1683 747 ei
1695 699 1824 750 conve·

136 895 139 902 ι
248 806 301 876 nit
317 804 354 878 iu
371 803 448 903 ipsa
463 803 643 874 creatione
662 825 684 872 a
700 805 777 872 Deo
795 801 946 898 accepit,
966 800 1029 897 qui
1046 799 1134 872 nihil
1152 800 1228 872 sine
1244 799 1383 872 ratione
1404 797 1459 868 vel
1477 797 1560 868 sacit
1575 796 1631 867 vel
1649 795 1725 868 fieri
1742 821 1822 894 per·

249 923 368 1012 mittit,
381 924 487 996 etiam
499 946 612 1019 quum
629 920 781 992 abortivi
799 919 903 990 scetus
919 918 1169 1017 producuntur
1184 920 1240 991 vel
1257 920 1371 990 vitiati
1388 932 1595 990 nascuntur.
1605 920 1657 986 De
1669 939 1825 988 sarmen-

248 1044 293 1116 tis
308 1067 395 1116 vero
411 1042 615 1141 plantarum
630 1065 710 1137 quae
725 1039 906 1140 superflua
921 1039 1102 1129 videntur,
1122 1054 1157 1111 et
1173 1065 1195 1112 a
1211 1038 1318 1112 nobis
1340 1063 1431 1137 saepe
1458 1039 1608 1110 resecari
1633 1039 1821 1124 convenit,

249 1161 339 1232 sicut
355 1176 390 1234 et
401 1161 548 1260 capillos
564 1174 707 1234 nostros
720 1158 777 1230 vel
793 1183 948 1256 ungues,
967 1183 1030 1230 seu
1048 1159 1093 1230 de
1106 1160 1290 1230 venenatis
1307 1183 1385 1254 quae
1397 1157 1550 1228 diximus
1572 1184 1579 1228 :
1599 1155 1689 1229 illud
1706 1156 1827 1228 sortas-

248 1282 295 1352 sis
312 1282 358 1353 ad
374 1281 591 1352 solutionem
608 1277 768 1351 sufficere
781 1279 935 1368 videtur,
947 1278 1048 1376 quod
1058 1279 1123 1367 ait,
1140 1307 1157 1346 a
1171 1293 1272 1350 erant
1287 1277 1392 1349 valde
1403 1277 1545 1366 bona,»
1563 1291 1649 1348 tunc
1661 1275 1827 1350 videlicet

249 1415 332 1472 ante
348 1414 535 1498 peccatum
547 1397 704 1470 hominis
722 1421 798 1468 non
815 1422 929 1485 nunc,
945 1397 1092 1495 jamque
1108 1413 1192 1495 post
1207 1411 1395 1495 peccatum
1411 1399 1448 1468 in
1464 1421 1610 1494 poenam
1623 1395 1728 1467 nobis
1744 1420 1828 1466 con·

249 1541 363 1590 versa.
378 1522 526 1590 Constat
541 1516 674 1615 quippe
692 1515 722 1586 si
738 1513 851 1588 homo
868 1541 943 1587 non
961 1531 1159 1614 peccasset,
1179 1540 1246 1588 nec
1263 1541 1304 1588 ex
1317 1541 1457 1588 veneno
1474 1515 1524 1588 illi
1541 1516 1728 1587 imminere
1739 1516 1828 1612 peri-

248 1636 389 1724 culum,
418 1660 485 1706 nec
510 1661 551 1708 ex
576 1634 694 1732 aliqua
710 1659 750 1706 re
765 1635 980 1723 cruciatum,
1001 1635 1074 1706 sed
1100 1636 1222 1708 omnia
1244 1635 1294 1706 illi
1320 1635 1487 1707 animalia
1509 1649 1826 1732 quantumcunque

248 1781 357 1845 saeva,
381 1751 700 1854 quantumcunque
723 1753 900 1844 crudelia,
928 1755 961 1826 ei
979 1770 1165 1828 mansueta
1180 1756 1282 1853 quasi
1298 1755 1512 1844 domestica,
1533 1755 1609 1826 sore
1624 1779 1689 1852 per
1705 1755 1827 1824 omnia

248 1876 341 1948 illius
358 1877 519 1949 dominio
541 1876 717 1974 subjecta,
736 1875 898 1974 quandiu
923 1874 982 1948 ille
1009 1902 1074 1948 suo
1096 1877 1248 1950 creatori
1273 1878 1336 1974 qui
1355 1878 1427 1950 boc
1453 1877 1520 1976 ipsi
1545 1876 1744 1971 subjecerat
1765 1899 1829 1971 per

250 1995 493 2067 obedientiam
510 1996 690 2092 subjectus
707 2011 810 2068 esset.
822 1993 929 2082 Quod
943 2011 1135 2094 postquam
1151 1993 1210 2068 ille
1226 1996 1396 2092 neglexit,
1417 1996 1529 2069 multa
1544 1995 1595 2066 illi
1611 2021 1652 2068 ex
1669 1995 1725 2065 his
1742 1997 1831 2091 peri·

249 2115 372 2188 culosa
390 2116 482 2189 iacta
507 2130 609 2206 sunt,
630 2131 665 2188 et
682 2141 795 2212 usque
812 2113 858 2187 ad
879 2131 1033 2187 mortem
1050 2117 1086 2186 in
1105 2140 1189 2187 eum
1205 2116 1396 2214 praevalere
1423 2117 1613 2214 permissa,
1641 2129 1681 2186 ut
1706 2137 1748 2186 ex
1774 2113 1830 2184 bis

250 2235 357 2306 miser
369 2235 444 2331 jam
463 2235 613 2308 disceret
629 2249 806 2332 quantum
823 2233 1013 2330 deliquerit
1029 2253 1104 2304 non
1122 2233 1328 2306 obediendo
1354 2240 1451 2323 Deo,
1470 2236 1532 2331 qui
1552 2235 1628 2305 haec
1648 2233 1775 2305 tandiu
1792 2234 1828 2302 in

250 2367 463 2450 potestatem
480 2353 613 2425 habere
630 2367 839 2440 mereretur,
861 2353 1020 2448 quandiu
1036 2351 1095 2454 ille
1110 2375 1258 2426 summae
1273 2355 1440 2450 potestati
1456 2352 1701 2449 subjiceretur,
1723 2376 1743 2422 a
1759 2375 1830 2448 qua

251 2486 436 2569 acceperat
451 2485 492 2542 ut
506 2471 563 2543 his
579 2471 656 2569 ipse
672 2470 933 2544 dominaretur.
953 2474 1070 2558 Quem
1087 2495 1173 2568 ergo
1188 2471 1280 2543 ratio
1293 2471 1474 2545 retrahere
1490 2470 1615 2543 debuit
1631 2496 1653 2542 a
1668 2485 1829 2568 peccato,

250 2597 286 2658 et
302 2587 391 2685 quid
407 2588 609 2662 cavendum
626 2603 718 2661 esset
736 2589 960 2686 praedocere,
980 2587 1242 2675 irrationabiles
1257 2590 1314 2660 vel
1335 2589 1555 2662 insensibiles
1572 2614 1717 2686 quoque
1733 2613 1831 2660 crea·

251 2721 338 2780 turae
355 2733 452 2780 nunc
469 2707 501 2780 ei
517 2707 725 2806 periculosae
751 2709 848 2780 laetae
864 2723 1030 2808 patenter
1046 2709 1201 2782 edocent
1224 2724 1399 2807 quantum
1423 2708 1629 2805 deliquerit,
1661 2722 1832 2804 tanquam

250 2828 407 2924 quadam
423 2829 459 2900 ri
475 2827 598 2900 divina
612 2828 805 2900 sentientes
818 2829 893 2925 jam
911 2853 950 2900 se
965 2828 1106 2902 homini
1123 2828 1259 2902 nullam
1280 2827 1539 2925 subjectionem
1555 2827 1706 2917 debere,
1732 2843 1831 2925 post·

250 2973 359 3046 quam
376 2947 434 3020 ille
450 2953 527 3019 Deo
545 2947 725 3044 subjectus
740 2971 817 3020 esse
835 2947 1044 3044 neglexerit,
1071 2963 1199 3046 utpote
1214 2961 1293 3046 quoe
1308 2947 1398 3020 nihil
1419 2949 1451 3018 ei
1467 2948 1536 3018 nisi
1552 2961 1699 3045 propter
1715 2951 1832 3018 Deum

252 3067 435 3140 deberent.
455 3069 506 3138 Ex
522 3091 596 3166 quo
613 3083 648 3140 et
665 3081 828 3166 patenter
845 3069 922 3167 ipsa
946 3071 1054 3141 etiarn
1079 3070 1313 3166 quaeratione
1333 3069 1389 3140 vel
1411 3093 1515 3141 sensu
1533 3083 1656 3140 carent
1671 3083 1832 3141 nostram

252 3188 491 3286 insipientiam
507 3186 695 3276 erudiunt,
714 3211 761 3258 ne
778 3187 956 3284 aliquibus
979 3189 1016 3258 in
1038 3189 1093 3259 his
1113 3188 1323 3261 obediamus
1346 3213 1424 3284 quae
1441 3203 1566 3260 contra
1584 3193 1699 3258 Deum
1718 3187 1832 3258 iacere

251 3321 483 3404 praesumunt,
497 3331 610 3404 quum
628 3305 719 3376 nibil
733 3307 902 3404 cuiquam
918 3305 986 3377 nisi
1002 3320 1150 3403 propter
1166 3310 1281 3378 Deum
1299 3307 1507 3398 debeamus,
1527 3323 1562 3379 et
1578 3309 1742 3379 omnium
1753 3333 1831 3405 quae

252 3428 388 3524 agimus
403 3425 514 3499 finem
530 3428 566 3498 in
584 3429 661 3498 Deo
679 3427 850 3497 constitui
866 3441 1045 3523 oporteat.
1065 3429 1178 3496 Nemo
1200 3425 1320 3522 itaque
1343 3427 1593 3500 inobedientia
1610 3445 1663 3500 est
1679 3453 1830 3526 arguen-

252 3546 333 3637 dus,
352 3573 419 3620 nec
435 3548 543 3620 etiam
559 3544 763 3642 arguendus
778 3546 986 3644 ubicunque
1009 3541 1148 3618 offensa
1171 3547 1237 3616 Dei
1262 3562 1419 3635 cavetur,
1439 3573 1517 3644 quae
1542 3549 1617 3621 sola
1638 3549 1836 3648 quendibet

253 3689 355 3739 reum
370 3668 566 3739 constituit.
587 3669 687 3736 Juret
701 3664 868 3762 quislibet
884 3665 988 3742 alicui
1004 3665 1105 3761 quod
1120 3664 1167 3737 ab
1189 3691 1234 3737 eo·
1254 3665 1312 3738 ille
1329 3669 1544 3763 requisierit,
1569 3683 1605 3740 et
1624 3669 1749 3742 tandiu
1773 3671 1831 3766 ju·

253 3800 455 3858 ramentum
480 3797 618 3870 teneat,
642 3783 804 3879 quandiu
826 3807 901 3854 non
923 3785 1173 3879 recognoverit
1196 3808 1233 3855 se
1263 3785 1299 3855 id
1325 3787 1424 3882 quod
1445 3788 1577 3882 juravit
1605 3789 1831 3886 exsequendo

254 3909 370 3977 Deum
385 3928 462 3976 esse
479 3901 720 3989 offensurum,
744 3902 836 3973 sicut
851 3913 886 3972 et
903 3925 945 3972 ex
961 3902 1066 3999 ipsis,
1092 3915 1133 3972 ut
1154 3902 1323 3990 diximus,
1343 3908 1576 4000 quaeratione
1597 3924 1738 3996 carent,
1758 3910 1834 4004 jam

252 4023 374 4094 edocti
394 4043 533 4108 sumus,
559 4043 638 4116 quae
660 4019 736 4114 jam
765 4033 930 4090 nostrum
955 4043 1031 4090 non
1053 4035 1180 4090 curant
1196 4020 1415 4110 dominium,
1441 4037 1613 4120 tanquam
1637 4024 1835 4120 intelligant

254 4167 321 4214 nos
346 4143 522 4240 respuisse
545 4140 722 4212 divinums
742 4143 829 4227 Quae
853 4140 944 4212 dum
959 4165 1028 4212 nos
1044 4142 1225 4240 perimunt
1241 4142 1296 4214 vel
1316 4145 1493 4233 cmciant,
1517 4144 1680 4215 divinum
1701 4147 1737 4214 in
1763 4145 1834 4216 boc

250 4259 426 4356 judicium
444 4258 643 4332 exercendo
660 4281 702 4330 ae
716 4251 879 4332 debitam
894 4283 1040 4359 poenam
1056 4261 1262 4350 inserendo,
1283 4261 1370 4334 salso
1394 4263 1430 4332 in
1447 4264 1498 4335 eis
1514 4287 1623 4361 opera
1644 4264 1708 4334 Dei
1733 4267 1836 4360 quasi

255 4379 349 4452 mala
365 4381 638 4468 calumniamur,
656 4381 741 4477 quia
762 4380 868 4453 nobis
889 4381 927 4452 in
950 4381 1117 4454 dolorem
1137 4407 1205 4481 pro
1227 4384 1363 4454 meritis
1389 4386 1521 4456 nostris
1546 4399 1804 4456 convertuntur
1825 4413 1833 4456 τ

255 4500 414 4596 alioquin
432 4513 467 4570 et
482 4520 628 4596 poenam
644 4498 759 4596 ipsam
776 4523 856 4597 quse
868 4501 963 4597 justa
979 4516 1051 4590 est,
1070 4515 1106 4573 et
1122 4517 1196 4573 tam
1211 4498 1328 4574 Deum
1345 4527 1455 4600 quam
1471 4503 1666 4600 quemlibet
1677 4503 1835 4599 judicem

251 4621 406 4714 justum,
424 4640 537 4717 quum
555 4643 636 4722 reos
652 4621 775 4718 punit,
794 4621 944 4719 etquod
960 4619 1070 4694 debet
1085 4624 1173 4719 agit,
1193 4647 1340 4720 arguere
1356 4649 1555 4722 possemus.
1575 4629 1655 4696 Non
1672 4640 1757 4696 sunt
1771 4627 1836 4721 igi·

244 4755 314 4812 tur
331 4757 442 4838 opera
458 4739 525 4811 Dei
540 4736 611 4810 ulla
629 4737 784 4812 dicenda
799 4741 913 4831 mala,
932 4742 1095 4839 quamvis
1117 4742 1312 4832 nonnulla,
1332 4757 1372 4814 ut
1388 4743 1521 4839 justum
1540 4759 1612 4833 est,
1637 4742 1838 4842 periculosa

256 4859 328 4930 sint
342 4883 385 4931 ac
403 4859 548 4947 nociva,
567 4857 624 4930 vel
640 4884 753 4956 quum
769 4885 1034 4954 nonnunquam
1046 4861 1185 4957 justum
1198 4862 1411 4960 perimendo
1432 4863 1477 4935 ab
1498 4863 1606 4960 hujus
1625 4864 1705 4936 vitae
1724 4887 1836 4960 augu-

255 4979 331 5050 stiis
351 4977 521 5070 liberant,
540 4977 598 5049 vel
621 4977 799 5077 aliquibus
822 4979 1078 5054 afflictionibus¹
1091 4998 1259 5080 purgant.
1278 4981 1349 5054 Sed
1376 5005 1443 5056 nec
1464 4983 1585 5081 aliqua
1609 4984 1646 5054 in
1668 4984 1838 5056 creamris

254 5097 437 5196 superflua
460 5112 545 5202 sunt
568 5097 734 5191 dicenda,
761 5101 924 5197 quamvis
940 5125 1008 5200 nos
1032 5124 1296 5200 nonnunquam
1319 5102 1472 5176 maxime
1488 5117 1653 5200 gravent,
1671 5103 1757 5201 quia
1772 5127 1839 5196 pro
