4600 6098
443 687 513 761 tto
874 683 1000 753 PETRI
1026 679 1257 752 lBAEtxttnt
1283 679 1339 750 ET
1363 678 1587 750 HELOISSAE

442 831 652 901 orationem.
670 830 750 896 Haec
763 846 970 922 proponens
983 821 1166 910 fratribus,
1186 820 1304 893 bonus
1321 821 1390 892 eris
1404 820 1562 892 minister
1578 819 1706 890 Christi
1719 823 1816 908 lesu,
1834 834 1868 890 et
1882 823 2014 892 enutri·

441 963 497 1018 tus
515 947 630 1018 verbis
647 943 749 1032 frdei,
770 957 806 1012 et
822 941 926 1013 bonae
945 941 1133 1030 doctrinae,
1154 964 1262 1036 quam
1275 955 1455 1012 assecutus
1470 964 1518 1012 es.
1537 969 1554 1006 u
1574 940 1661 1026 Quis
1675 938 1830 1040 denique
1841 944 2015 1012 loannem

440 1066 585 1161 ejusque
608 1059 799 1159 discipulos
824 1059 1035 1132 abstinentia
1062 1061 1171 1132 nimia
1193 1084 1230 1130 se
1259 1074 1477 1131 macerantes
1501 1059 1569 1156 ipsi
1587 1057 1725 1128 Christo
1746 1058 1891 1154 ejusque
1914 1059 2016 1130 disci·

439 1184 531 1281 pulis
558 1185 594 1254 in
622 1181 792 1278 religione
817 1205 891 1252 non
918 1180 1102 1277 praelerat,
1136 1181 1166 1250 si
1199 1179 1422 1286 corporalem
1455 1176 1600 1250 oculum
1624 1177 1669 1248 ad
1696 1179 1879 1250 exterioris
1908 1177 2014 1250 absti-

440 1303 567 1373 nentiae
592 1299 754 1371 intendat
780 1300 1033 1371 exhibitionem
1052 1299 1084 1366 ¹?
1110 1299 1162 1370 De
1182 1324 1255 1394 quo
1279 1299 1385 1370 etiarn
1407 1299 1474 1395 ipsi
1495 1295 1657 1394 discipuli
1680 1298 1825 1368 loannis
1849 1296 2016 1370 adversus

439 1422 617 1492 Christum
648 1436 683 1491 et
710 1443 793 1490 suos
818 1433 1097 1507 murmuranteS,
1123 1432 1293 1513 tanquam
1317 1416 1435 1488 adhuc
1461 1418 1497 1486 in
1521 1415 1753 1488 exterioribus
1770 1416 2011 1510 judaizantes,

439 1541 556 1639 ipsum
575 1540 882 1634 interrogaverunt
898 1538 1112 1626 Dominum,
1132 1536 1330 1608 dicentes’:
1350 1565 1367 1604 u
1385 1540 1503 1622 Quare
1518 1559 1584 1606 nos
1598 1550 1633 1605 et
1646 1534 2016 1633 pharisaeijejunamus

439 1659 661 1754 frequenter,
677 1656 842 1754 discipuli
855 1669 973 1728 autem
985 1655 1037 1726 tui
1056 1679 1130 1725 noo
1139 1653 1324 1750 jejunant?
1341 1681 1358 1720 ιι
1372 1652 1479 1740 Quod
1494 1654 1680 1750 diligenter
1694 1653 1881 1726 attendens
1892 1653 2015 1728 beatus

377 1861 387 1874 Ι
440 1777 674 1873 Augustinus.
696 1789 730 1846 et
747 1774 835 1871 quid
848 1775 940 1844 inter
959 1774 1125 1845 virtutem
1140 1787 1175 1844 et
1193 1772 1331 1844 virtutis
1350 1772 1604 1845 exhibitionem
1616 1774 1742 1843 reserat
1753 1771 1971 1868 distinguens
1982 1777 2012 1862 ¹,

440 1899 486 1968 ita
499 1919 578 1992 quae
590 1894 679 1966 frunt
693 1896 845 1965 exterius
855 1908 997 1991 pensat,
1014 1908 1053 1963 ut
1064 1892 1153 1962 nihil
1165 1893 1298 1964 meritis
1311 1891 1553 1989 superaddant
1564 1916 1685 1991 opera.
1701 1894 1756 1962 Ait
1769 1893 1903 1990 qnippe
1916 1893 1965 1964 sic
1978 1894 2014 1963 in

439 2015 530 2086 libro
548 2013 590 2083 cle
607 2020 707 2084 Bono
724 2012 922 2110 conjugali*
940 2041 947 2082 :
976 2013 1252 2102 «Continentia,
1277 2035 1352 2084 non
1373 2013 1553 2109 corporis,
1577 2010 1640 2083 sed
1666 2013 1792 2084 animae
1819 2012 1929 2083 virtus
1949 2026 2012 2084 est.

438 2136 592 2205 Virtutes
612 2147 730 2203 autem
747 2132 857 2202 animi
868 2130 1060 2227 aliquando
1075 2133 1109 2202 in
1129 2155 1279 2229 corpore
1298 2132 1586 2220 manifestantur,
1603 2131 1794 2228 aliquando
1814 2133 1849 2202 in
1863 2130 1987 2202 habitu
2005 2163 2014 2201 :

439 2235 526 2322 sicut
538 2267 733 2346 martyrum
751 2251 861 2320 virtus
871 2249 1035 2348 apparuit
1045 2253 1083 2319 in
1098 2249 1283 2320 tolerando
1296 2251 1490 2348 passiones.
1500 2277 1517 2316 u
1533 2255 1620 2320 ltera
1636 2278 1644 2319 ε
1665 2255 1769 2321 ulam
1783 2251 1879 2322 enim
1892 2265 1967 2322 erat
1980 2252 2016 2321 in

440 2369 507 2442 tob
521 2371 706 2469 patientia,
726 2393 834 2467 quam
849 2384 996 2440 noverat
1007 2371 1182 2440 Dominus
1194 2384 1230 2442 et
1240 2370 1298 2440 cui
1313 2371 1554 2470 testimoninm
1566 2369 1812 2468 perhibebat¹,
1825 2370 1887 2442 sed
1902 2370 2017 2442 homi·

439 2491 544 2561 nibus
562 2490 718 2562 innotuit
736 2489 938 2560 tentationis
947 2490 1119 2560 examine.
1134 2517 1151 2554 u
1172 2493 1282 2560 ltem:
1307 2489 1466 2562 «Verum
1484 2504 1525 2560 ut
1539 2491 1693 2587 apertius
1706 2488 1917 2586 intelligatur
1928 2515 2017 2586 quo-

441 2611 551 2682 modo
565 2611 610 2680 sit
621 2611 732 2680 virtus
744 2609 779 2678 in
793 2606 937 2697 habitu,
954 2608 1060 2678 etiam
1075 2608 1103 2677 si
1120 2633 1194 2678 uon
1212 2609 1257 2678 sit
1277 2609 1314 2679 in
1338 2633 1463 2706 opere,
1484 2608 1614 2705 loquor
1630 2608 1676 2679 de
1694 2609 1858 2706 exemplo
1877 2609 1923 2679 de
1943 2634 2016 2705 quo

439 2728 557 2799 nullus
575 2728 712 2800 dubitat
726 2725 996 2798 catholicorum.
1017 2725 1193 2796 Dominus
1207 2731 1305 2797 lesus
1323 2727 1423 2823 quod
1442 2728 1479 2798 in
1499 2729 1643 2798 veritate
1657 2728 1772 2798 carnis
1790 2728 1965 2817 esurierit,
1982 2745 2017 2800 et

438 2848 578 2935 sitierit,
595 2863 630 2918 et
644 2846 929 2935 manducaverit,
946 2859 982 2917 et
995 2844 1142 2934 biberit,
1165 2844 1283 2918 nullus
1298 2846 1446 2944 ambigit
1464 2871 1590 2918 eorum
1603 2848 1665 2942 qui
1682 2871 1723 2918 ex
1738 2847 1812 2942 ejus
1826 2846 2016 2943 Evangelio

438 2963 561 3036 fideles
579 2981 673 3036 sunt.
697 2969 790 3035 Num
808 2965 914 3060 igitur
931 2988 1005 3041 nou
1020 2980 1095 3036 erat
1108 2965 1145 3034 in
1158 2963 1218 3036 illo
1233 2966 1460 3052 continentiae
1473 2967 1583 3036 virtus
1596 2965 1710 3037 acibo
1721 2981 1757 3036 et
1769 2981 1872 3063 potu,
1883 2982 2018 3064 quanta

438 3101 513 3157 erat
528 3086 565 3156 in
578 3090 715 3156 loanne
731 3083 905 3182 Baptista?
927 3112 943 3151 ιι
957 3084 1063 3156 Venit
1074 3085 1170 3155 enim
1185 3088 1339 3157 loannes
1350 3111 1424 3156 non
1438 3085 1658 3168 manducans
1673 3101 1708 3157 et
1720 3084 1863 3174 bibens,
1878 3099 1914 3156 et
1924 3083 2018 3156 dixe·

441 3235 457 3272 u
474 3221 577 3277 runt:
593 3206 817 3276 Daemonium
824 3203 943 3276 habet.
954 3203 1159 3274 Venitfilius
1171 3205 1327 3277 hominis
1336 3206 1559 3278 manducans
1571 3221 1607 3278 et
1617 3205 1757 3295 bibens,
1767 3221 1802 3278 et
1813 3205 1992 3276 dixerunt⁶
2007 3232 2014 3272 :

442 3353 458 3390 ιι
474 3327 565 3394 Ecce
572 3322 685 3394 homo
699 3347 808 3394 vorax
826 3339 862 3394 et
874 3336 1017 3420 potator
1028 3324 1117 3411 vini,
1133 3325 1267 3395 amicus
1280 3323 1555 3422 publicanorum
1569 3341 1605 3396 et
1614 3340 1855 3422 peccatorum.
1873 3351 1891 3389 u
1906 3327 2014 3395 ltem:

443 3471 461 3509 u
472 3440 611 3512 Deinde
621 3441 670 3512 ibi
681 3441 830 3536 subjecit
838 3466 951 3537 quum
959 3441 1005 3512 de
1013 3444 1149 3513 loanne
1161 3465 1202 3513 ao
1209 3442 1255 3513 de
1269 3467 1305 3514 se
1317 3442 1375 3514 illa
1385 3443 1546 3516 dixisset:
1560 3443 1775 3516 «lustiticata
1785 3459 1837 3514 est
1848 3443 2018 3541 sapientia

318 3583 323 3592 ·
443 3584 494 3632 «a
517 3558 597 3630 filiis
621 3561 728 3648 snis',
751 3587 769 3627 n
799 3560 862 3655 qui
883 3560 1050 3632 virtutem
1070 3561 1298 3631 continentiae
1316 3561 1439 3632 vident
1455 3563 1493 3634 in
1513 3561 1635 3634 habitu
1655 3563 1765 3635 animi
1783 3585 1924 3658 semper
1944 3585 2019 3634 esse

441 3676 570 3748 debere
592 3706 600 3749 z
622 3678 657 3748 in
668 3702 777 3774 opere
788 3691 908 3748 autem
922 3703 988 3774 pro
1002 3702 1122 3749 rerum
1135 3701 1177 3749 ao
1187 3693 1389 3776 temporum
1404 3683 1670 3778 opportunitate
1684 3680 1916 3769 manifestari,
1931 3681 2019 3750 sicut

443 3795 555 3865 virtus
578 3795 755 3890 patientia
774 3811 976 3866 sanctorum
989 3809 1196 3890 martyrum.
1216 3826 1233 3863 u
1254 3799 1430 3884 Quocirca
1448 3799 1538 3870 sicut
1556 3823 1629 3870 non
1651 3814 1702 3870 est
1720 3801 1836 3896 impar
1855 3800 2017 3869 meritum

443 3915 617 4012 patientiae
635 3915 672 3984 in
691 3919 814 4004 Petro,
830 3917 891 4011 qui
903 3939 1027 4012 passus
1040 3930 1110 4004 est,
1127 3931 1163 3987 et
1180 3917 1215 3986 in
1228 3921 1365 3988 loanne
1378 3919 1439 4013 qui
1457 3940 1580 4015 passus
1598 3942 1672 3988 non
1695 3921 1768 3988 est⁸
1783 3945 1789 3986 :
1807 3919 1857 3988 sic
1875 3941 1949 3988 non
1968 3933 2020 3987 est

366 4079 368 4084 -
444 4035 557 4130 impar
582 4033 748 4102 meritum
776 4035 1001 4106 continentiae
1024 4034 1061 4104 in
1083 4039 1240 4123 loanne,
1264 4036 1327 4131 qui
1353 4034 1469 4108 nullas
1486 4052 1650 4134 expertus
1669 4052 1722 4107 est
1744 4038 1906 4134 nuptias,
1929 4051 1963 4108 et
1983 4037 2018 4104 in

444 4150 637 4239 Abraham,
654 4152 716 4247 qui
734 4149 826 4222 filios
844 4151 1043 4248 generavit3
1065 4166 1099 4222 et
1112 4149 1205 4222 illius
1224 4153 1318 4222 enim
1335 4151 1532 4244 coelibatus,
1553 4169 1588 4225 et
1607 4153 1698 4225 illius
1714 4154 1933 4226 connubium
1953 4177 2019 4250 pro

442 4270 690 4342 distributione
712 4285 913 4369 temporum
934 4271 1074 4342 Christo
1096 4271 1345 4342 militaverunt.
1374 4271 1444 4343 Sed
1464 4275 1720 4346 continentiam
1745 4279 1898 4344 loannes
1925 4287 1961 4343 et
1983 4263 2028 4342 in'

442 4415 566 4488 opere,
585 4390 762 4462 Abraham
780 4416 865 4462 vero
884 4392 920 4462 in
940 4390 1018 4462 solo
1032 4389 1154 4461 habitu
1169 4389 1334 4463 habebat.
1352 4391 1417 4462 lllo
1436 4393 1555 4490 itaque
1577 4408 1757 4491 tempore,
1778 4417 1891 4489 quum
1909 4407 1945 4463 et
1963 4391 2019 4462 lex

443 4508 516 4578 dies
536 4510 816 4606 patriarcharum
838 4509 1059 4605 subsequens
1085 4510 1313 4583 maledictum
1339 4511 1428 4582 dixit
1449 4509 1512 4608 qui
1536 4537 1609 4583 non
1634 4514 1801 4584 excitaret
1829 4535 1950 4584 semen
1983 4512 2018 4581 in

443 4624 593 4714 lsrael⁹,
622 4638 656 4695 et
680 4631 833 4720 quinon
854 4642 993 4724 poterat
1011 4653 1084 4699 non
1104 4629 1311 4726 promebat,
1334 4630 1396 4701 sed
1415 4645 1533 4720 tamen
1550 4631 1716 4703 habebat.
1739 4635 1789 4702 Ex
1808 4655 1881 4726 quo
1901 4644 2019 4701 autem

443 4745 539 4813 venit
555 4742 739 4840 plenitudo
764 4743 933 4841 temporis
953 4760 991 4812 ut
1014 4747 1189 4814 diceretur
1202 4755 1221 4788 ¹⁰
1236 4777 1243 4814 :
1268 4781 1285 4817 κ
1302 4749 1370 4832 Qui
1386 4763 1503 4844 potest
1520 4775 1646 4845 capere
1659 4751 1793 4845 capiat3
1810 4749 1871 4844 qui
1885 4745 2016 4834 habet,

478 5005 485 5030 '
505 5005 532 5054 sa·
545 5008 658 5054 exteriori
671 5019 749 5054 renim
757 4995 860 5069 sonnio,
877 5009 898 5054 ιι·
912 5007 1011 5068 jejuniis
1031 5009 1079 5056 lllt't
1098 5007 1214 5068 lloptt'stae
1247 5021 1270 5056 v.
1288 5006 1384 5055 tt.-¹
1398 5007 1473 5070 thid..
1484 5008 1543 5060 ibid.
1556 5035 1588 5048 -
1601 5009 1611 5036 ¹
1623 5011 1705 5073 lmpor
1717 5014 1867 5060 meritum...
1878 5025 1964 5072 ponas
1973 5025 2020 5058 non

443 5085 1213 5156 smertrstutt'uolumcorfidutRllS.-¹llarc.,cap.u,t.18.
1248 5074 1282 5140 cst
1303 5090 1391 5142 desunt
1404 5093 1428 5142 in
1441 5091 1469 5142 G.
1483 5089 1532 5130 -⁰
1544 5093 1653 5155 Booten,
1673 5109 1728 5160 cap.
1746 5109 1809 5153 ιιι,
1828 5110 1852 5143 ι.
1870 5094 1882 5140 l
1898 5103 1923 5143 et
1939 5107 1978 5156 sq.
1990 5119 2024 5144 η
2119 5135 2126 5147 ,

443 5199 475 5210 -
488 5172 498 5199 ⁸
510 5172 552 5223 Sic
562 5172 591 5222 D.
601 5198 619 5209 -
628 5167 758 5222 ,luendetu
770 5171 836 5222 Edit.
850 5170 964 5222 Amb-
974 5171 985 5198 ⁸
995 5173 1056 5238 Cap.
1072 5188 1130 5229 ιιι,
1153 5172 1213 5233 Opta,
1248 5173 1271 5200 ¹⁰
1283 5173 1380 5236 llattb„
1393 5191 1446 5243 esp.
1461 5193 1518 5240 nx,
1535 5193 1558 5228 ι.
1574 5179 1613 5226 tt.

443 5269 461 5308 t.
472 5255 503 5307 lll
514 5295 520 5319 ,
533 5271 559 5322 p.
573 5257 629 5306 333.
641 5281 669 5294 -·
681 5255 690 5282 ⁸
700 5255 757 5314 Jot,
770 5271 824 5319 cap.
838 5271 860 5313 r,
871 5269 894 5304 ι.
908 5253 1095 5316 t.-·ttauh.,
1113 5271 1170 5321 cap.
1187 5271 1214 5316 n,
1505 5257 1516 5278 '
