4590 6106
491 571 539 643 42
1020 567 1222 644 'ANDREAE
1247 569 1522 659 QuEttcETsNt

490 711 596 764 intuitu
617 708 722 765 servitii
743 709 807 777 stri,
824 707 943 764 donarit
965 707 1082 765 domum
1106 727 1191 786 quam
1219 705 1342 766 Isabeilis
1362 720 1391 766 et
1411 711 1580 766 bertrannus
1603 707 1675 764 filius
1696 707 1756 778 ejus
1776 704 1958 761 vendiderant
1984 704 2068 760 Helia

489 803 594 870 iudeo,
608 813 660 858 ete.
674 825 687 852 a
700 802 801 878 Sicque
814 812 891 875 patet
901 801 1022 876 qualiter
1033 803 1197 860 Corboiium
1212 814 1334 859 castrum
1346 803 1424 876 regia
1436 819 1549 878 quoqne
1568 801 1646 858 sedes
1663 800 1792 857 effectum
1810 799 1904 854 inerit
1919 799 1981 854 Iuro
1991 808 2021 854 et
2033 799 2068 854 ab

490 895 544 951 hoc
557 907 682 970 ternpore
694 895 867 950 vicecomites
881 895 965 951 etiarn
979 893 1018 951 ibi
1037 898 1111 953 sicut
1122 896 1259 953 ileliduui
1272 896 1418 952 mustituti
1432 906 1525 952 sunta
1539 895 1663 970 regibus.
1677 895 1748 950 Nam
1763 893 1861 950 tabum
1874 893 1962 951 Beata
1977 893 2067 948 biacia

489 990 524 1046 de
536 989 661 1061 Goruajo
675 989 840 1062 «Pagarum
855 989 1047 1048 vicecomitem
1059 988 1095 1046 de
1106 989 1239 1046 Gorbolic
1253 1013 1266 1042 s
1280 1000 1435 1046 memorant
1450 1007 1524 1045 anuo
1538 991 1619 1047 ⁴2⁰6.

1126 1121 1198 1178 Nota
1217 1121 1288 1192 Xll,
1309 1140 1371 1197 pag.
1392 1125 1418 1178 b.

520 1238 682 1312 Praeceptor
695 1258 773 1294 meus
785 1239 833 1294 ille
849 1240 1015 1296 Guillclmus
1022 1242 1187 1312 purr'sr'eusr's
1200 1233 1421 1308 archidiaconus,
1435 1231 1533 1294 babitu
1540 1240 1660 1312 pristino
1671 1243 1837 1310 commutato
1848 1233 1889 1289 ad
1896 1235 2066 1306 regularium

486 1331 646 1386 clericorum
659 1331 785 1386 ordinem
798 1350 828 1386 sc
842 1335 986 1388 conuertit.
999 1362 1036 1374 -
1045 1332 1168 1387 Huncin
1182 1331 1337 1388 Guiilelmo
1357 1332 1605 1387 commutationem
1623 1330 1736 1384 habitus
1757 1327 1869 1402 egregie
1892 1323 2066 1380 commendat

486 1422 665 1478 Hildebertus
678 1425 886 1479 cenomanensis
896 1425 1042 1497 episcopus
1054 1425 1083 1479 in
1095 1425 1228 1497 Epistola
1240 1423 1271 1494 1,
1283 1442 1367 1498 quam
1380 1423 1414 1479 ad
1427 1441 1491 1480 eum
1505 1423 1616 1495 scripsit
1630 1446 1635 1476 :
1651 1444 1665 1471 r
1675 1421 1717 1476 De
1730 1419 1917 1486 conversione,
1929 1439 1942 1467 s
1956 1417 2066 1490 iuquit,

486 1525 537 1570 ret
549 1515 757 1571 conversatione
770 1525 818 1571 tna
830 1515 937 1571 letatur
951 1527 979 1570 et
991 1517 1096 1572 exultat
1104 1518 1195 1572 anima
1207 1533 1281 1584 mea,
1293 1515 1371 1571 illurn
1382 1532 1552 1590 prosequens
1566 1514 1674 1568 actione
1689 1513 1859 1586 gratiarum,
1876 1509 1954 1581 cujus
1968 1524 2066 1562 mune·

486 1609 522 1662 ris
536 1606 662 1682 estquod
674 1608 785 1664 taudem
796 1607 988 1683 philosophari
1002 1607 1166 1665 decreveris.
1181 1607 1314 1664 Nondum
1325 1609 1430 1684 quippe
1444 1605 1586 1662 redolebas
1599 1604 1813 1679 philosophum,
1825 1621 1912 1677 quum
1926 1619 1959 1656 ex
1972 1601 2066 1676 acqui·

483 1701 533 1754 sita
557 1700 790 1776 philosophorum
804 1702 954 1770 sententia,
970 1701 1089 1757 scientiae
1102 1719 1213 1756 morum
1233 1699 1283 1755 tibi
1304 1701 1420 1756 minime
1438 1699 1615 1774 depromeres
1628 1706 1813 1764 venustatem,
1828 1704 1882 1748 etc.
1896 1717 1909 1744 s
1923 1693 2066 1766 ingressus

483 1805 525 1848 cst
538 1803 631 1848 autern
649 1793 803 1868 regularem
819 1793 946 1849 ordinem
962 1795 991 1848 in
1006 1794 1109 1868 capelia
1129 1792 1249 1868 quadam
1268 1794 1362 1849 Sancti
1378 1793 1502 1850 Victoris
1522 1802 1598 1847 extra
1617 1789 1716 1845 urbem
1736 1788 1914 1861 parisiacam,
1935 1783 1982 1839 ubi
2002 1802 2065 1838 com

483 1884 622 1958 aliquibus
634 1885 777 1958 discipulis
791 1886 992 1940 monasterium
1006 1885 1075 1940 iilud
1090 1887 1175 1959 coepit
1188 1895 1368 1952 construere,
1382 1884 1458 1958 quod
1471 1894 1564 1958 postea
1578 1882 1733 1938 Ludovicus
1745 1881 1867 1937 Grossus
1880 1897 1927 1933 rex
1938 1875 2066 1930 munifice

483 1979 698 2047 consummavit,
713 1997 744 2032 ac
757 1978 867 2052 magnis
880 1989 908 2033 et
920 1977 1061 2052 opulentis
1074 1977 1212 2034 reditibus
1226 1978 1341 2034 dotavit.
1356 1979 1418 2033 Hoc
1431 1978 1506 2032 euim
1529 1985 1646 2032 testatur
1666 1974 1805 2047 imprimis
1824 1987 1995 2044 anonymus,
2019 1969 2065 2024 sed

484 2080 564 2124 vetus
576 2081 683 2138 auctor,
701 2072 751 2144 qui
764 2071 902 2125 variarum
918 2071 1091 2126 abbatiarum
1107 2071 1187 2126 initia
1204 2069 1333 2144 collegit,
1354 2081 1383 2125 et
1396 2071 1571 2125 institutores
1589 2065 1751 2122 earumdem
1769 2065 1923 2130 annotavit,
1944 2063 1990 2116 his
2007 2079 2065 2116 ver·-

484 2162 526 2216 bis
541 2181 546 2212 :
562 2185 575 2212 r
591 2161 694 2217 Eodem
710 2172 836 2236 tempore
857 2163 989 2235 magister
1004 2157 1174 2218 Vuiiielmus
1195 2161 1230 2217 de
1252 2161 1418 2236 Campeliis,
1436 2161 1485 2235 qui
1498 2161 1591 2215 suerat
1604 2156 1816 2214 archidiaconus
1836 2155 2006 2229 parisiensis,
2026 2153 2066 2207 vir

483 2251 635 2308 admodum
649 2253 787 2309 litteratus
800 2263 829 2309 et
841 2254 1003 2328 religiosus,
1018 2271 1159 2309 assumens
1171 2254 1300 2309 habiturn
1319 2253 1445 2308 canonici
1459 2252 1607 2326 regularis,
1621 2269 1684 2305 curu
1701 2248 1840 2324 aliquibus
1853 2245 1997 2318 discipulis
2010 2247 2065 2300 suis

483 2356 559 2399 extra
571 2345 671 2400 urbem
684 2345 818 2415 Parisios,
833 2345 863 2399 iu
876 2344 938 2401 loco
951 2346 1000 2400 ubi
1012 2356 1073 2401 erat
1086 2344 1188 2419 capelia
1204 2345 1328 2420 quedam
1341 2345 1435 2402 Sancti
1450 2345 1573 2402 Victoris
1589 2343 1736 2416 Martyris,
1752 2341 1837 2415 coepit
1851 2339 1986 2396 edificare
2004 2358 2065 2395 mo·

486 2438 638 2492 casterium
653 2436 827 2492 clericorum.
843 2439 994 2512 Assumpto
1014 2448 1107 2494 auteur
1130 2437 1178 2493 iilo
1198 2438 1232 2494 ad
1254 2439 1444 2512 episcopatum
1465 2435 1705 2506 catalaunensem,
1722 2432 1886 2489 venerabilis
1902 2431 2066 2504 Giiduinus,

486 2531 545 2603 ejus
558 2529 724 2604 discipulus,
739 2531 847 2604 primus
860 2529 943 2586 abbas
956 2532 994 2586 ibi
1008 2531 1095 2586 lactus
1107 2541 1159 2586 est.
1173 2555 1185 2581 u
1202 2532 1238 2586 Et
1248 2533 1288 2586 sic
1300 2530 1384 2586 etiarn
1399 2528 1612 2604 intelligendum
1633 2529 1710 2602 quod
1731 2526 1813 2600 paulo
1833 2534 1895 2598 post
1907 2523 2067 2581 Abelardus

487 2619 632 2696 subjungit
646 2647 652 2676 :
669 2645 683 2674 a
694 2621 752 2676 Nec
767 2633 873 2692 tamen,
887 2646 899 2672 ιι
913 2625 1018 2698 inquit,
1030 2646 1044 2673 a
1054 2621 1101 2678 hic
1113 2642 1166 2678 suae
1181 2623 1367 2679 conversionis
1378 2623 1491 2678 habitus
1503 2632 1553 2676 ant
1564 2621 1599 2676 ab
1608 2620 1677 2675 urbe
1690 2619 1831 2694 parisiaca,
1846 2628 1894 2673 aut
1906 2637 1920 2671 a
1935 2627 2066 2672 consueto

486 2714 668 2790 philosophie
681 2714 774 2771 studio
788 2735 852 2772 eum
866 2718 1016 2786 revocavit,
1031 2716 1079 2772 sed
1093 2717 1122 2771 in
1136 2716 1197 2791 ipso
1211 2734 1324 2791 quoqne
1344 2717 1511 2772 monasterio
1527 2713 1563 2769 ad
1577 2712 1653 2788 quod
1666 2731 1695 2768 se
1708 2730 1789 2766 causa
1807 2709 1948 2784 religionis
1967 2719 2067 2765 contu·

485 2807 555 2862 ierat
563 2851 570 2878 ,
587 2807 679 2864 statim
694 2827 771 2864 more
786 2807 866 2863 solito
881 2807 1005 2882 publicas
1016 2810 1142 2864 exercuit
1158 2809 1274 2864 scholas.
1288 2831 1301 2860 a
1315 2808 1356 2864 De
1368 2827 1401 2864 eo
1415 2818 1507 2864 autem
1517 2806 1575 2878 jam
1588 2805 1774 2862 catalaunensi
1785 2803 1913 2878 episcopo
1927 2801 1998 2856 lacto
2015 2819 2067 2856 nos

484 2897 549 2955 alibi
565 2899 654 2974 plura.
671 2897 732 2974 [cf.
752 2901 854 2973 Script.
873 2919 964 2957 rerum
977 2903 1083 2976 gallic,
1098 2911 1120 2956 t.
1135 2897 1216 2972 XIV,
1229 2921 1259 2976 p.
1270 2901 1347 2974 2744]
1447 2973 1449 2978 Δ

1118 3027 1191 3085 Nota
1208 3026 1294 3096 XIII,
1315 3045 1379 3100 pag.
1399 3030 1427 3082 6.

518 3133 760 3188 Eutrucivr'tutenr
770 3137 799 3187 r'rr
808 3143 899 3188 moute
914 3133 1027 3188 Sanctia
1043 3133 1204 3207 Geuosesu.
1212 3135 1336 3190 -Hous
1347 3134 1403 3201 hic,
1415 3133 1567 3190 tecutitisas
1576 3133 1632 3186 sive
1641 3127 1866 3186 Locotitiarolirn
1875 3125 1977 3194 dictus,
1987 3135 2063 3184 extra

485 3241 579 3278 muros
593 3223 672 3278 urbis
684 3224 888 3297 peraccessit
905 3243 993 3298 usque
1009 3224 1044 3279 ad
1056 3243 1161 3280 annum
1174 3227 1281 3282 Christi
1299 3229 1384 3293 4244,
1402 3243 1459 3300 quo
1476 3225 1625 3298 Phiiippus
1640 3225 1797 3295 Angustus,
1817 3221 1989 3276 Fraucmum
2007 3237 2063 3284 res,

486 3337 498 3364 ι
510 3315 616 3370 Urbem
629 3326 726 3386 totam,
738 3337 751 3366 a
763 3326 796 3371 ut
805 3315 947 3388 Rigordus
955 3315 1048 3382 refert,
1065 3318 1115 3371 «iu
1129 3318 1250 3373 circuitu
1262 3319 1478 3390 circumsepsita
1490 3327 1569 3391 parte
1580 3314 1694 3372 australi
1707 3331 1796 3388 usque
1806 3311 1841 3368 ad
1849 3312 2004 3386 Sequanam
2013 3310 2065 3364 flu-

485 3407 575 3471 vium,
587 3425 621 3462 es
633 3417 750 3482 utraque
763 3418 842 3480 parte
855 3408 1002 3464 maximam
1016 3418 1096 3462 terre
1107 3407 1320 3481 amplitudinem
1332 3408 1404 3464 inira
1417 3427 1561 3464 murorum
1574 3408 1712 3462 ambitum
1723 3404 1908 3470 concludens,
1921 3414 1951 3458 et
1963 3417 2066 3475 posses·

486 3515 561 3553 sores
580 3513 712 3572 agrorum
730 3509 759 3553 st
776 3499 920 3554 vinearum
934 3498 1117 3572 compellens,
1132 3511 1165 3556 ut
1177 3510 1265 3556 terras
1283 3500 1343 3556 ilias
1354 3513 1384 3559 et
1398 3503 1490 3557 vineas
1502 3499 1536 3555 ad
1549 3495 1742 3554 edificandum
1761 3498 1790 3552 in
1808 3497 1849 3552 eis
1868 3512 1950 3550 noras
1968 3493 2066 3550 domos

487 3591 690 3646 habitatoribus
703 3591 838 3657 locarent,
855 3591 900 3647 vel
913 3593 1028 3666 ipsimet
1042 3610 1125 3648 novas
1142 3593 1246 3650 ibidem
1263 3593 1361 3650 domos
1374 3594 1591 3661 constituerent,
1606 3601 1638 3646 nt
1652 3601 1709 3646 tota
1720 3591 1815 3650 civitas
1826 3587 1960 3663 usquead
1972 3604 2066 3642 mnms

486 3682 567 3757 plena
579 3683 709 3740 domibus
721 3683 871 3739 videretur.
888 3705 902 3736 a
916 3683 999 3740 Unde
1010 3696 1040 3740 et
1051 3685 1193 3760 Eugenius
1206 3688 1266 3757 III,
1285 3689 1313 3743 in
1329 3687 1431 3744 litteris
1443 3687 1478 3743 ad
1493 3685 1624 3742 Odonem
1637 3684 1764 3740 abbatem
1785 3683 1890 3738 sancte
1902 3679 2064 3748 Genorefas,

485 3776 555 3832 dicit
565 3775 709 3832 ecclesiam
721 3775 796 3833 illaur
805 3776 898 3832 adbuc
906 3789 983 3833 extra
997 3780 1158 3852 parisiacam
1170 3781 1268 3837 urbem
1283 3783 1364 3838 sitam
1376 3799 1450 3836 auno
1462 3783 1542 3837 ⁴⁴50.
1555 3801 1569 3830 r
1581 3778 1754 3852 nugentur„
1768 3776 1874 3850 inquit,
1890 3775 2065 3847 sepiwnpu&

486 3883 578 3922 smrns
590 3887 734 3924 servorum
747 3869 805 3939 Dei,
821 3868 909 3926 Odiui
922 3871 1015 3944 primo
1026 3871 1119 3928 abbati
1131 3873 1250 3930 ecclesie
1262 3873 1366 3931 Sanctae
1377 3872 1534 3941 Geuovele,
1543 3889 1604 3945 quas
1618 3887 1696 3925 secus
1708 3868 1830 3924 Parisino
1842 3877 1895 3924 est.
1903 3889 1918 3917 s
1930 3865 2065 3940 idemque

487 3962 589 4034 repetit
599 3961 692 4017 adhuc
705 3961 930 4032 Alexander-111,
945 3965 974 4019 in
988 3964 1049 4019 aliis
1060 3965 1095 4020 ad
1108 3965 1270 4022 Albericum
1283 3967 1412 4022 abbatem
1424 3965 1525 4023 litteris
1537 3981 1611 4019 suno
1625 3965 1695 4020 ross
1708 3962 1789 4017 datis.
1804 3961 1900 4016 Fuisse
1920 3969 2014 4016 autem
2035 3959 2064 4011 in

486 4051 540 4106 bac
550 4053 665 4118 ecclesia
681 4053 840 4108 litter-arnna
850 4065 880 4109 et
887 4054 1043 4112 scholarum
1054 4057 1229 4130 publicarum
1241 4057 1334 4114 sedem
1343 4059 1439 4130 (etiam
1452 4066 1601 4130 autequam
1610 4054 1647 4109 de
1658 4063 1731 4110 statu
1747 4053 1944 4109 canonicorum
1956 4047 2064 4104 secub-

486 4146 560 4200 rium
573 4145 609 4200 ad
621 4145 777 4221 regularem
789 4147 916 4202 ordinem
936 4159 1093 4206 mutaretur
1104 4169 1158 4223 ope
1176 4161 1261 4224 atque
1273 4150 1410 4206 industria
1424 4149 1556 4222 Suggerii
1569 4149 1664 4204 Sancti
1678 4147 1804 4221 Dionysii
1823 4143 1946 4212 abbatis,
1967 4143 2064 4214 injun-

487 4247 568 4310 gente
580 4236 671 4294 eidem
685 4238 801 4294 domiuo
814 4239 939 4313 Eugeuio
959 4259 1029 4315 papa
1049 4242 1106 4311 ill,
1119 4253 1150 4297 et
1167 4242 1270 4298 illustri
1282 4245 1453 4298 Francorum
1473 4258 1538 4314 rege
1551 4239 1691 4296 Ludosico
1704 4240 1778 4311 VII,
1797 4235 1922 4310 Philippi
1943 4235 2064 4309 Augusti

486 4335 575 4406 patre)
587 4331 754 4405 significant,
766 4351 855 4406 quum
868 4333 969 4389 Petrus
978 4345 1071 4390 noster
1080 4334 1178 4390 diceus
1185 4352 1215 4389 se
1226 4335 1265 4390 ibi
1274 4333 1432 4390 scholarum
1442 4353 1554 4390 suarum
1563 4344 1651 4390 castra
1658 4335 1790 4407 posuisse,
1805 4343 1865 4387 turn
1877 4347 1911 4387 eo
1922 4327 2065 4402 antiquior

487 4447 500 4474 r
510 4423 667 4495 Hulbodus,
679 4426 762 4499 aqui,
771 4425 845 4480 sicut
855 4425 909 4480 fert
918 4427 1063 4498 inscriptio
1074 4437 1153 4481 vetus
1165 4427 1288 4500 positain
1296 4427 1409 4484 ecclesis
1422 4428 1516 4484 Sancti
1525 4429 1640 4484 ioannis
1652 4427 1780 4501 baptiste
1788 4423 1958 4490 monensi,
1973 4419 2064 4482 «dum

487 4516 706 4574 adolescentulus
715 4517 856 4574 escholari
866 4517 1011 4592 disciplina
1024 4519 1195 4592 conlegisset
1206 4521 1337 4593 Par-isius,
1345 4521 1450 4577 &octe
1461 4521 1609 4578 Genovelrc
1622 4519 1761 4576 canonicis
1775 4516 1922 4587 adriatica
1935 4525 2063 4585 ternpore

487 4609 603 4667 Roberti
616 4612 690 4684 regis
702 4613 888 4680 Francorum,
905 4634 918 4662 ιι
932 4623 961 4668 et
971 4613 1001 4666 iu
1016 4612 1092 4668 brevi
1108 4611 1259 4668 muitarum
1271 4613 1428 4670 scholarum
1441 4616 1595 4672 instructor
1609 4614 1678 4676 luit.
1698 4613 1746 4667 ubi
1764 4627 1854 4685 quarm
1874 4603 2065 4682 aliquandiua

486 4702 600 4758 domino
611 4704 746 4777 Notgero,
755 4727 768 4756 s
778 4704 913 4762 leodiensi
927 4706 1067 4779 episcopo,
1081 4729 1095 4758 a
1104 4709 1290 4780 ignoraretur,
1299 4709 1413 4764 tandem
1425 4709 1557 4766 canonica
1569 4706 1735 4783 episcopalis
1746 4703 1889 4760 sententie
1901 4701 2063 4758 executione

486 4793 645 4868 compulsus
656 4806 700 4850 est
711 4795 819 4866 redire,
834 4797 962 4871 pluribus
974 4797 1014 4852 ibi
1026 4797 1129 4855 relictis
1140 4798 1299 4856 studiorum
1311 4819 1344 4856 ac
1357 4802 1522 4858 moralitatis
1534 4799 1702 4875 insignibus.
1713 4819 1727 4850 a
1742 4797 1838 4868 Quare
1851 4804 1880 4849 et
1893 4793 1922 4849 iu
1936 4791 2012 4848 illins
2023 4791 2064 4845 rei

485 4887 649 4944 memoriam
660 4907 692 4943 ac
704 4887 778 4945 reiut
790 4890 977 4947 honorificum
996 4893 1188 4950 testimonium
1206 4893 1388 4950 cancellarius
1406 4895 1594 4951 universitatis
1608 4890 1772 4968 parisiensis
1785 4907 1818 4944 ea
1837 4885 1895 4942 sola
1915 4883 2065 4940 canonico·

486 4995 548 5034 rum
564 4981 669 5036 Sancte
679 4980 830 5040 Geuovefu
843 4983 1058 5058 congregatione
1074 4985 1160 5061 longo
1178 4997 1272 5058 postea
1293 4998 1418 5061 tempore
1432 4987 1558 5046 delectus
1575 4996 1634 5056 est,
1655 4995 1685 5041 et
1702 4999 1793 5059 usqne
1814 4979 1849 5036 ad
1868 4977 2061 5054 pontificatum

485 5071 628 5128 Benedicti
641 5073 684 5130 xt
701 5089 792 5148 papas,
812 5077 863 5150 qni
882 5077 989 5150 privans
1000 5080 1195 5136 auctoritatem
1212 5098 1244 5136 ac
1261 5079 1421 5138 facultatem
1433 5099 1528 5156 parem
1540 5077 1706 5136 cancellario
1723 5073 1843 5132 ecclesie
1861 5073 1950 5128 Beate
1970 5069 2063 5127 ldarie

486 5164 613 5241 Virginis
634 5167 778 5224 manarit.
794 5166 949 5240 [Hactenus
967 5173 1167 5242 Qnsvoetsnus.
1186 5173 1260 5230 Dum
1276 5183 1371 5232 autern
1389 5185 1483 5232 noatm
1497 5177 1529 5231 irs
1546 5183 1642 5232 usare
1661 5173 1767 5230 Sancte
1786 5167 1936 5227 Genosele
1955 5162 2062 5221 sclrolas
