4536 6102
456 565 528 640 saa
633 655 638 665 ,
1053 563 1180 638 rrmr
1206 563 1441 640 summm

455 727 550 803 aqua
565 703 821 777 circumfusum
837 703 953 795 dicat,
971 705 1064 777 sicut
1079 729 1171 803 aqua
1196 719 1328 779 terram
1348 721 1435 780 tunc
1460 705 1611 777 omnino
1632 700 1810 790 ambibat,
1829 697 1888 773 vel
1909 697 2039 774 ooelum

455 849 575 897 aerem
590 824 721 914 ambit,
742 839 778 897 et
794 823 865 897 tale
880 825 927 897 sit
941 825 1107 924 spiritum
1123 839 1210 898 tunc
1224 825 1325 898 illum
1345 825 1496 899 volitare
1516 849 1625 924 super
1645 847 1773 922 aquas,
1791 823 1894 920 quasi
1915 823 2040 896 mobili

453 971 516 1018 sua
537 947 681 1018 levitate
696 945 773 1019 illas
790 946 948 1039 ambire,
965 946 1109 1019 videtur
1127 945 1204 1018 haec
1226 971 1372 1046 quoque
1395 947 1570 1020 sententia
1595 944 1750 1018 naturali
1776 967 1898 1016 rerum
1921 943 2039 1016 ordini
2151 1029 2160 1044 ·

453 1067 669 1156 consentire,
685 1067 754 1139 nisi
771 1067 862 1139 sorte
873 1065 975 1164 quod
989 1091 1103 1164 quum
1114 1067 1161 1140 de
1174 1091 1255 1139 aere
1271 1067 1402 1140 dicitur
1418 1067 1575 1165 spiritus,
1590 1064 1734 1139 additur
1749 1065 1896 1136 Domini
1912 1091 1920 1134 :
1940 1065 2038 1161 quod

453 1212 682 1286 nequaquam
699 1187 746 1260 de
762 1202 857 1260 terra
872 1187 928 1260 vel
944 1189 1078 1260 caeteris
1094 1187 1232 1260 dictum
1248 1202 1302 1260 est
1317 1187 1515 1260 elementis.
1535 1185 1606 1260 Sed
1621 1186 1771 1259 sortasse
1789 1199 1890 1258 tanto
1907 1183 1946 1256 id
1963 1183 2041 1256 dili·

453 1311 592 1405 gentius
617 1308 794 1407 propheta
822 1308 983 1408 scripsit,
1010 1323 1148 1406 quanto
1178 1308 1370 1407 perfectius
1396 1333 1474 1380 rom
1501 1322 1636 1404 gestam
1660 1305 1827 1380 simulet
1853 1307 2038 1402 mysticam

452 1427 741 1527 comprehendit.
760 1426 843 1500 Tale
870 1442 923 1500 est
950 1452 1035 1524 ergo
1054 1457 1071 1496 a
1086 1428 1230 1527 spiritus
1256 1427 1403 1500 Domini
1429 1425 1602 1500 volitabat
1621 1449 1729 1526 super
1749 1448 1878 1523 aquas,
1894 1453 1912 1492 >r
1936 1449 1978 1496 ac
2008 1425 2038 1496 si

453 1547 605 1635 diceret,
621 1559 750 1618 ventus
766 1546 803 1617 in
818 1547 869 1618 eis
885 1545 1063 1644 spirabat,
1077 1560 1203 1644 typum
1215 1569 1341 1643 gerens
1354 1546 1504 1645 Spiritus
1520 1545 1635 1618 sancti
1647 1569 1758 1643 aquas
1771 1545 1809 1616 in
1820 1543 2037 1642 baptismum

452 1689 517 1736 sua
532 1664 644 1761 gratia
659 1663 899 1737 foecundaturi
915 1679 951 1736 et
965 1665 1068 1763 quasi
1083 1664 1155 1736 hoc
1170 1663 1386 1736 beneficium
1401 1665 1452 1737 eis
1471 1664 1690 1764 inspiraturi.

501 1787 622 1870 Quum
639 1807 724 1879 ergo
741 1782 917 1882 propheta
939 1783 986 1856 de
1006 1779 1098 1855 coelo
1115 1796 1151 1855 et
1166 1796 1263 1855 terra
1276 1782 1504 1855 manifestam
1520 1783 1620 1882 prius
1636 1781 1776 1856 fecisset
1792 1781 2034 1868 mentionem,

453 1902 575 1974 dicens
594 1931 602 1972 τ
622 1929 641 1970 a
654 1903 795 1975 Creavit
810 1902 942 1975 coelum
958 1917 994 1975 et
1009 1916 1160 1992 terram,
1175 1930 1193 1972 n
1210 1902 1298 1974 etin
1317 1901 1390 1974 hoc
1405 1915 1570 2002 patenter
1585 1900 1659 1974 duo
1675 1899 1854 1974 elementa
1872 1923 2035 1998 compre·

453 2023 648 2113 hendisset,
661 2025 781 2120 ignem
794 2023 961 2116 videlicet
974 2047 1016 2098 ac
1030 2038 1177 2114 terram,
1192 2023 1389 2123 praesertim
1400 2045 1514 2120 quum
1530 2023 1678 2096 nomine
1690 2021 1770 2095 curli
1782 2035 1818 2094 et
1828 2035 1931 2092 terrae
1949 2045 2036 2093 non·

452 2144 520 2215 nisi
536 2158 718 2216 terrenum
734 2143 953 2215 elementum
968 2156 1004 2215 et
1019 2143 1165 2240 igneum
1181 2167 1223 2215 ex
1239 2167 1314 2241 quo
1330 2156 1404 2232 est,
1423 2155 1582 2215 extrema
1597 2139 1724 2214 mundi
1741 2141 1872 2242 spatia,
1890 2139 1963 2212 hoc
1986 2155 2036 2212 est

453 2259 718 2359 aetherea,'quae
733 2263 880 2361 proprie
896 2259 1027 2333 coelum
1043 2261 1188 2350 dicitur,
1207 2260 1356 2358 intelligi
1375 2259 1514 2333 soleat:
1535 2259 1611 2332 duo
1632 2284 1779 2358 quoque
1800 2259 1888 2348 alia,
1907 2258 2035 2332 sedicet

453 2403 584 2476 aquam
601 2393 637 2450 et
651 2403 771 2450 aerem
786 2392 1048 2476 consequenter
1063 2380 1262 2478 exprimere
1274 2379 1412 2451 curavit
1424 2406 1433 2450 ε
1447 2403 1526 2476 quae
1539 2378 1628 2451 dum
1639 2403 1714 2450 non
1726 2379 1838 2451 creari
1851 2392 1938 2450 tuuc
1949 2378 2035 2452 sicut

453 2500 512 2572 illa
533 2514 697 2597 patenter
718 2499 862 2589 dixerit,
886 2499 1069 2597 quamvis,
1093 2513 1134 2570 ut
1153 2499 1324 2589 diximus,
1347 2498 1423 2572 haec
1448 2523 1595 2599 quoque
1616 2500 1654 2571 in
1679 2524 1806 2572 eorum
1831 2497 2035 2571 nominibus

453 2621 754 2720 comprehendat,
769 2621 909 2693 curavit
924 2618 1111 2694 manifeste
1123 2643 1220 2692 nunc
1231 2643 1275 2695 ea
1288 2619 1520 2720 distinguere,
1533 2635 1575 2694 ut
1584 2620 1772 2719 diligenter
1783 2633 1899 2694 totam
1912 2618 2033 2694 mundi

453 2743 746 2816 constitutionem
762 2744 799 2814 in
816 2756 972 2841 quatrmr
987 2742 1062 2816 istis
1077 2743 1272 2816 consistere
1290 2742 1499 2818 declararet.

504 2865 632 2936 «Dixit
647 2887 794 2961 quoque
810 2868 926 2936 Deus:
942 2863 1049 2936 «Fiat
1065 2863 1138 2937 lux.
1154 2863 1332 2936 »Dictum
1347 2865 1459 2964 ipsius
1474 2864 1540 2938 Dei
1555 2878 1609 2938 est
1623 2863 1782 2936 Verbum
1795 2866 1921 2954 Patris,
1938 2863 2032 2964 quod

453 2985 528 3080 ejus
553 2996 767 3055 coaeternam
793 2982 1006 3081 sapientiam
1032 2981 1282 3081 intelligimus,
1301 2984 1338 3056 in
1362 3007 1435 3082 qua
1459 2983 1624 3083 primitus
1650 2984 1774 3056 omnia
1797 2982 2034 3082 disponuntur

453 3127 563 3201 quam
580 3127 690 3202 opere
706 3103 973 3202 compleantur;
993 3103 1085 3175 sicut
1099 3103 1273 3202 scriptum
1288 3116 1366 3177 est:
1384 3132 1402 3172 u
1417 3105 1489 3192 Qui
1504 3101 1588 3176 lecit
1601 3127 1681 3202 quae
1696 3101 1815 3176 sutura
1829 3119 1932 3193 sunt3
1949 3132 1967 3172 n
1987 3103 2034 3176 le·

453 3222 517 3312 cit,
538 3222 707 3319 inquam,
726 3220 955 3322 disponendo
971 3235 1166 3320 antequam
1181 3221 1312 3295 iaceret
1332 3247 1441 3322 opere
1463 3221 1694 3322 complendo.
1717 3223 1816 3296 Sicut
1837 3237 1888 3296 est
1916 3223 2033 3323 itaque

452 3342 604 3416 verbnm
621 3345 711 3434 oris,
729 3345 830 3417 itaet
846 3342 997 3416 verbum
1013 3341 1144 3416 dicitur
1159 3343 1292 3434 cordis,
1307 3345 1409 3442 juxta
1423 3343 1532 3417 illud¹
1548 3370 1558 3416 z
1577 3371 1595 3412 s
1608 3347 1650 3416 ln
1666 3342 1776 3416 corde
1792 3357 1828 3416 et
1847 3343 1959 3417 corde
1982 3344 2032 3417 lo·

453 3467 526 3535 cuti
542 3479 639 3537 sunt.
656 3493 675 3532 »
693 3470 815 3553 Quum
831 3465 937 3560 igitur
953 3462 1130 3563 propheta
1145 3465 1183 3536 in
1199 3464 1348 3537 diversis
1363 3489 1485 3537 rerum
1499 3461 1741 3538 creationibus
1756 3462 1927 3537 iaciendis
1946 3489 2031 3563 pne·

453 3585 563 3655 mittit
584 3612 592 3656 :
614 3585 740 3656 «Dixit
754 3589 868 3676 Deus3
885 3611 905 3652 n
923 3596 960 3656 et
979 3585 1025 3658 ad
1045 3583 1183 3656 dictum
1202 3586 1323 3658 statim
1340 3585 1507 3660 effectum
1527 3584 1705 3684 adjungit,
1724 3583 1873 3658 dicens:
1894 3591 1971 3658 «Et
1985 3586 2031 3658 la·

453 3719 552 3774 ctum
568 3718 638 3792 est;
654 3731 673 3771 n
692 3705 742 3775 ita
758 3715 887 3776 cuncta
903 3706 1020 3775 Deum
1036 3701 1241 3777 condidisse
1251 3705 1289 3777 in
1302 3704 1441 3796 Verbo,
1457 3704 1529 3777 hoc
1541 3719 1596 3779 est
1605 3705 1643 3778 in
1655 3705 1829 3804 sapientia
1839 3728 1904 3778 sua
1919 3720 2032 3780 osteu-

453 3821 562 3912 ditur,
581 3823 708 3914 idest,
728 3821 818 3896 nibil
832 3823 953 3896 subito
969 3823 1026 3896 vel
1042 3837 1197 3915 temere,
1215 3824 1280 3898 sed
1300 3825 1423 3900 omnia
1443 3824 1702 3900 rationabiliter
1726 3848 1769 3899 ac
1793 3825 1959 3925 provide.
1983 3831 2031 3900 De

452 3968 526 4040 quo
542 3956 579 4015 et
593 3944 797 4016 Psalmista¹
815 3970 824 4014 ε
846 3973 864 4013 α
882 3945 995 4036 Dixit,
1013 3972 1032 4013 n
1050 3945 1184 4043 inquit,
1205 3975 1223 4015 ι(
1240 3959 1277 4018 et
1297 3945 1389 4018 lacta
1409 3959 1510 4036 sunt,
1527 3975 1545 4016 n
1564 3945 1690 4036 idest,
1708 3947 1849 4019 ratione
1863 3961 1901 4020 et
1914 3949 2031 4046 provi·

452 4061 574 4135 dentia
601 4077 781 4162 praeeunte
808 4079 939 4138 cuncta
962 4062 1126 4138 condidit
1150 4066 1225 4138 sive
1249 4064 1443 4140 ordinavit.
1466 4067 1537 4155 Qui
1559 4067 1667 4140 etiam
1691 4065 1777 4140 alibi
1797 4066 1951 4142 verbum
1966 4067 2031 4140 hoc

452 4186 608 4279 apertius
624 4184 876 4257 demonstrans
893 4207 969 4256 non
985 4209 1062 4258 esse
1074 4183 1227 4258 verbum
1242 4184 1400 4259 audibile
1415 4199 1453 4259 et
1467 4187 1726 4276 transitorium,
1739 4185 1803 4258 sed
1816 4185 2031 4285 intelligibile

452 4325 494 4374 ac
510 4326 743 4401 permanens,
762 4305 831 4377 ait⁸
849 4333 858 4377 ε
880 4306 984 4393 «Qui
1001 4304 1085 4379 facit
1099 4303 1209 4377 coelos
1224 4295 1261 4378 in
1278 4304 1478 4395 intellectu3
1496 4333 1514 4374 n
1532 4307 1650 4406 primo
1666 4303 1832 4380 videlicet
1846 4330 1912 4405 per
1930 4310 2032 4380 ratio·

452 4447 537 4495 nem
552 4424 650 4523 apud
666 4451 704 4498 se
719 4449 782 4499 eos
798 4425 1052 4500 constituendo
1068 4451 1178 4525 quam
1194 4449 1304 4528 opere
1320 4427 1557 4527 complend03
1575 4429 1678 4528 quasi
1697 4429 1784 4502 bina
1803 4429 1850 4501 sit
1871 4431 2031 4503 omnium

450 4567 571 4616 rerum
587 4545 719 4617 creatio
741 4573 749 4617 ε
769 4569 842 4618 una
858 4544 1005 4644 quidem
1026 4547 1186 4645 primum
1205 4547 1243 4620 in
1266 4548 1344 4646 ipsa
1368 4548 1497 4622 divinae
1521 4547 1756 4648 providentiae
1780 4547 2029 4638 ordinatione,

451 4661 560 4734 altera
576 4663 613 4734 in
630 4688 753 4763 opere.
765 4663 972 4738 Secundum
988 4691 1077 4764 quas
1093 4666 1201 4739 etiam
1216 4664 1307 4740 duas
1322 4667 1521 4740 creationes
1536 4667 1629 4740 duos
1641 4691 1717 4740 esse
1730 4666 1904 4757 mundos,
1922 4691 2032 4740 uuum

449 4781 615 4855 videlicet
630 4781 904 4882 intelligibilem,
923 4783 1075 4859 alterum
1090 4783 1295 4859 sensibilem
1310 4783 1515 4860 adstruxero
1530 4785 1751 4886 philosophi.
1769 4785 1878 4874 Quod
1900 4811 1968 4860 nec
1987 4787 2031 4859 ab

450 4903 653 4998 evangelica
668 4904 817 4978 dissidet
832 4904 1038 5006 disciplina,
1055 4907 1086 4980 si
1101 4907 1285 4982 sententiae
1300 4907 1486 4982 veritatem
1502 4909 1614 5008 magis
1633 4931 1743 5009 quam
1767 4908 1963 4983 verborum
1978 4923 2033 4981 at·

485 5167 493 5192 ¹
511 5166 601 5222 Parim.
613 5183 653 5232 ιι,
666 5184 692 5221 r.
704 5172 728 5222 3.
740 5195 772 5210 -
782 5169 792 5198 ·
803 5170 893 5224 unu.
904 5185 989 5236 auu,
1002 5187 1027 5226 r.
1039 5173 1105 5226 9.-
1116 5171 1127 5204 ⁸
1138 5170 1226 5228 nun.
1240 5187 1332 5236 cxxxv,
1341 5188 1366 5226 r.
1376 5175 1402 5226 t.
