<?xml version="1.0" encoding="UTF-8"?>
<!DOCTYPE html PUBLIC "-//W3C//DTD XHTML 1.0 Transitional//EN"
    "http://www.w3.org/TR/xhtml1/DTD/xhtml1-transitional.dtd">
<html xmlns="http://www.w3.org/1999/xhtml" xml:lang="en" lang="en">
 <head>
  <title>
</title>
<meta http-equiv="Content-Type" content="text/html;charset=utf-8" />
  <meta name='ocr-system' content='tesseract 3.04.00' />
  <meta name='ocr-capabilities' content='ocr_page ocr_carea ocr_par ocr_line ocrx_word'/>
</head>
<body>
  <div class='ocr_page' id='page_1' title='image "./petriablardiope01despgoog_0166.png"; bbox 0 0 4522 6102; ppageno 0'>
   <div class='ocr_carea' id='block_1_1' title="bbox 914 606 1817 683">
    <p class='ocr_par' dir='ltr' id='par_1_1' title="bbox 914 606 1817 683">
     <span class='ocr_line' id='line_1_1' title="bbox 914 606 1817 683; baseline 0.004 -6"><span class='ocrx_word' id='word_1_1' title='bbox 914 606 1168 680; x_wconf 81' lang='lat' dir='ltr'><strong>El‘lSTOLAE..</strong></span> <span class='ocrx_word' id='word_1_2' title='bbox 1327 669 1330 679; x_wconf 92' lang='lat'><strong>.</strong></span> <span class='ocrx_word' id='word_1_3' title='bbox 1755 611 1817 683; x_wconf 74' lang='lat' dir='ltr'><strong>tst</strong></span> 
     </span>
    </p>
   </div>
   <div class='ocr_carea' id='block_1_2' title="bbox 217 739 1914 4936">
    <p class='ocr_par' dir='ltr' id='par_1_2' title="bbox 217 739 1914 4936">
     <span class='ocr_line' id='line_1_2' title="bbox 241 739 1826 845; baseline 0.006 -33"><span class='ocrx_word' id='word_1_4' title='bbox 241 753 358 812; x_wconf 87' lang='lat' dir='ltr'><strong>tantus</strong></span> <span class='ocrx_word' id='word_1_5' title='bbox 379 763 455 812; x_wconf 89' lang='lat' dir='ltr'><strong>esse</strong></span> <span class='ocrx_word' id='word_1_6' title='bbox 476 739 779 838; x_wconf 86' lang='lat' dir='ltr'><strong>deprehenditur,</strong></span> <span class='ocrx_word' id='word_1_7' title='bbox 801 760 841 816; x_wconf 92' lang='lat' dir='ltr'><strong>ut</strong></span> <span class='ocrx_word' id='word_1_8' title='bbox 858 745 895 817; x_wconf 90' lang='lat' dir='ltr'><strong>in</strong></span> <span class='ocrx_word' id='word_1_9' title='bbox 916 771 1039 820; x_wconf 84' lang='lat' dir='ltr'><strong>earum</strong></span> <span class='ocrx_word' id='word_1_10' title='bbox 1060 746 1227 820; x_wconf 90' lang='lat' dir='ltr'><strong>laudibus</strong></span> <span class='ocrx_word' id='word_1_11' title='bbox 1241 746 1463 845; x_wconf 87' lang='lat' dir='ltr'><strong>aliquatenus</strong></span> <span class='ocrx_word' id='word_1_12' title='bbox 1481 750 1635 822; x_wconf 82' lang='lat' dir='ltr'><strong>veritatis</strong></span> <span class='ocrx_word' id='word_1_13' title='bbox 1647 750 1826 824; x_wconf 77' lang='lat' dir='ltr'><strong>tramitem</strong></span> 
     </span>
     <span class='ocr_line' id='line_1_3' title="bbox 238 857 1821 966; baseline 0.008 -36"><span class='ocrx_word' id='word_1_14' title='bbox 238 857 409 930; x_wconf 79' lang='lat' dir='ltr'><strong>excedere</strong></span> <span class='ocrx_word' id='word_1_15' title='bbox 425 859 608 952; x_wconf 88' lang='lat' dir='ltr'><strong>videatur,</strong></span> <span class='ocrx_word' id='word_1_16' title='bbox 628 865 729 959; x_wconf 88' lang='lat' dir='ltr'><strong>quasi</strong></span> <span class='ocrx_word' id='word_1_17' title='bbox 742 864 779 936; x_wconf 93' lang='lat' dir='ltr'><strong>in</strong></span> <span class='ocrx_word' id='word_1_18' title='bbox 799 889 837 941; x_wconf 86' lang='lat' dir='ltr'><strong>se</strong></span> <span class='ocrx_word' id='word_1_19' title='bbox 847 865 926 963; x_wconf 90' lang='lat' dir='ltr'><strong>ipso</strong></span> <span class='ocrx_word' id='word_1_20' title='bbox 941 865 1029 938; x_wconf 92' lang='lat' dir='ltr'><strong>illud</strong></span> <span class='ocrx_word' id='word_1_21' title='bbox 1047 883 1236 965; x_wconf 86' lang='lat' dir='ltr'><strong>expertus,</strong></span> <span class='ocrx_word' id='word_1_22' title='bbox 1255 868 1355 966; x_wconf 94' lang='lat' dir='ltr'><strong>quod</strong></span> <span class='ocrx_word' id='word_1_23' title='bbox 1369 867 1498 940; x_wconf 86' lang='lat' dir='ltr'><strong>alicubi</strong></span> <span class='ocrx_word' id='word_1_24' title='bbox 1511 893 1821 943; x_wconf 88' lang='lat' dir='ltr'><strong>commemorans:</strong></span> 
     </span>
     <span class='ocr_line' id='line_1_4' title="bbox 241 979 1826 1088; baseline 0.009 -40"><span class='ocrx_word' id='word_1_25' title='bbox 241 1009 259 1048; x_wconf 90' lang='grc' dir='ltr'><strong>ιι</strong></span> <span class='ocrx_word' id='word_1_26' title='bbox 274 979 454 1071; x_wconf 85' lang='lat' dir='ltr'><strong>Charitas,</strong></span> <span class='ocrx_word' id='word_1_27' title='bbox 473 1007 492 1048; x_wconf 92' lang='grc' dir='ltr'><strong>ιι</strong></span> <span class='ocrx_word' id='word_1_28' title='bbox 512 982 628 1079; x_wconf 90' lang='lat' dir='ltr'><strong>inquit</strong></span> <span class='ocrx_word' id='word_1_29' title='bbox 637 987 660 1075; x_wconf 82' lang='lat'><strong>¹,</strong></span> <span class='ocrx_word' id='word_1_30' title='bbox 679 1011 698 1052; x_wconf 88' lang='grc' dir='ltr'><strong>ιι</strong></span> <span class='ocrx_word' id='word_1_31' title='bbox 712 1009 918 1058; x_wconf 89' lang='lat' dir='ltr'><strong>mensnram</strong></span> <span class='ocrx_word' id='word_1_32' title='bbox 935 1011 1010 1058; x_wconf 91' lang='lat' dir='ltr'><strong>non</strong></span> <span class='ocrx_word' id='word_1_33' title='bbox 1028 984 1147 1059; x_wconf 86' lang='lat' dir='ltr'><strong>habet.</strong></span> <span class='ocrx_word' id='word_1_34' title='bbox 1167 1015 1185 1056; x_wconf 92' lang='grc' dir='ltr'><strong>ιι</strong></span> <span class='ocrx_word' id='word_1_35' title='bbox 1203 989 1275 1076; x_wconf 88' lang='lat' dir='ltr'><strong>Qui</strong></span> <span class='ocrx_word' id='word_1_36' title='bbox 1293 989 1329 1060; x_wconf 91' lang='lat' dir='ltr'><strong>in</strong></span> <span class='ocrx_word' id='word_1_37' title='bbox 1347 989 1425 1088; x_wconf 89' lang='lat' dir='ltr'><strong>ipso</strong></span> <span class='ocrx_word' id='word_1_38' title='bbox 1442 989 1561 1062; x_wconf 90' lang='lat' dir='ltr'><strong>statim</strong></span> <span class='ocrx_word' id='word_1_39' title='bbox 1579 989 1727 1062; x_wconf 88' lang='lat' dir='ltr'><strong>exordio</strong></span> <span class='ocrx_word' id='word_1_40' title='bbox 1748 990 1826 1062; x_wconf 75' lang='lat' dir='ltr'><strong>vitae</strong></span> 
     </span>
     <span class='ocr_line' id='line_1_5' title="bbox 240 1100 1825 1207; baseline 0.007 -37"><span class='ocrx_word' id='word_1_41' title='bbox 240 1113 369 1172; x_wconf 75' lang='lat' dir='ltr'><strong>sanetae</strong></span> <span class='ocrx_word' id='word_1_42' title='bbox 393 1100 528 1191; x_wconf 81' lang='lat' dir='ltr'><strong>Paulae,</strong></span> <span class='ocrx_word' id='word_1_43' title='bbox 558 1105 660 1200; x_wconf 84' lang='lat' dir='ltr'><strong>quasi</strong></span> <span class='ocrx_word' id='word_1_44' title='bbox 679 1118 854 1178; x_wconf 89' lang='lat' dir='ltr'><strong>attentum</strong></span> <span class='ocrx_word' id='word_1_45' title='bbox 873 1105 940 1178; x_wconf 90' lang='lat' dir='ltr'><strong>sibi</strong></span> <span class='ocrx_word' id='word_1_46' title='bbox 958 1105 1129 1180; x_wconf 90' lang='lat' dir='ltr'><strong>lectorem</strong></span> <span class='ocrx_word' id='word_1_47' title='bbox 1155 1133 1354 1207; x_wconf 72' lang='lat' dir='ltr'><strong>preparare</strong></span> <span class='ocrx_word' id='word_1_48' title='bbox 1373 1108 1603 1201; x_wconf 86' lang='lat' dir='ltr'><strong>desiderans,</strong></span> <span class='ocrx_word' id='word_1_49' title='bbox 1632 1111 1727 1182; x_wconf 83' lang='lat' dir='ltr'><strong>ait&#39;:</strong></span> <span class='ocrx_word' id='word_1_50' title='bbox 1751 1141 1768 1178; x_wconf 88' lang='grc' dir='ltr'><strong>ιι</strong></span> <span class='ocrx_word' id='word_1_51' title='bbox 1789 1113 1825 1181; x_wconf 87' lang='lat' dir='ltr'><strong>Si</strong></span> 
     </span>
     <span class='ocr_line' id='line_1_6' title="bbox 239 1221 1827 1326; baseline 0.009 -36"><span class='ocrx_word' id='word_1_52' title='bbox 239 1235 368 1292; x_wconf 87' lang='lat' dir='ltr'><strong>cuncta</strong></span> <span class='ocrx_word' id='word_1_53' title='bbox 392 1221 555 1319; x_wconf 87' lang='lat' dir='ltr'><strong>eorporis</strong></span> <span class='ocrx_word' id='word_1_54' title='bbox 586 1224 657 1296; x_wconf 90' lang='lat' dir='ltr'><strong>mei</strong></span> <span class='ocrx_word' id='word_1_55' title='bbox 683 1223 845 1298; x_wconf 90' lang='lat' dir='ltr'><strong>membra</strong></span> <span class='ocrx_word' id='word_1_56' title='bbox 867 1241 1091 1300; x_wconf 88' lang='lat' dir='ltr'><strong>verterentur</strong></span> <span class='ocrx_word' id='word_1_57' title='bbox 1114 1229 1150 1300; x_wconf 89' lang='lat' dir='ltr'><strong>in</strong></span> <span class='ocrx_word' id='word_1_58' title='bbox 1174 1229 1334 1326; x_wconf 84' lang='lat' dir='ltr'>linguas,</span> <span class='ocrx_word' id='word_1_59' title='bbox 1356 1245 1392 1302; x_wconf 91' lang='lat' dir='ltr'><strong>et</strong></span> <span class='ocrx_word' id='word_1_60' title='bbox 1410 1255 1537 1302; x_wconf 91' lang='lat' dir='ltr'><strong>omnes</strong></span> <span class='ocrx_word' id='word_1_61' title='bbox 1554 1245 1651 1303; x_wconf 87' lang='lat' dir='ltr'><strong>artus</strong></span> <span class='ocrx_word' id='word_1_62' title='bbox 1668 1230 1827 1305; x_wconf 88' lang='lat' dir='ltr'><strong>humana</strong></span> 
     </span>
     <span class='ocr_line' id='line_1_7' title="bbox 241 1345 1824 1444; baseline 0.005 -33"><span class='ocrx_word' id='word_1_63' title='bbox 241 1364 328 1412; x_wconf 90' lang='lat' dir='ltr'><strong>voce</strong></span> <span class='ocrx_word' id='word_1_64' title='bbox 346 1359 576 1433; x_wconf 78' lang='lat' dir='ltr'><strong>resonarent,</strong></span> <span class='ocrx_word' id='word_1_65' title='bbox 596 1345 685 1418; x_wconf 83' lang='lat' dir='ltr'><strong>nihil</strong></span> <span class='ocrx_word' id='word_1_66' title='bbox 703 1345 852 1444; x_wconf 83' lang='lat' dir='ltr'><strong>dignum</strong></span> <span class='ocrx_word' id='word_1_67' title='bbox 864 1363 992 1420; x_wconf 86' lang='lat' dir='ltr'><strong>sanetae</strong></span> <span class='ocrx_word' id='word_1_68' title='bbox 1005 1373 1046 1420; x_wconf 87' lang='lat' dir='ltr'><strong>ae</strong></span> <span class='ocrx_word' id='word_1_69' title='bbox 1058 1349 1271 1423; x_wconf 90' lang='lat' dir='ltr'><strong>venerahilis</strong></span> <span class='ocrx_word' id='word_1_70' title='bbox 1285 1349 1400 1422; x_wconf 80' lang='lat' dir='ltr'><strong>Paulae</strong></span> <span class='ocrx_word' id='word_1_71' title='bbox 1419 1348 1605 1422; x_wconf 89' lang='lat' dir='ltr'><strong>virtutibus</strong></span> <span class='ocrx_word' id='word_1_72' title='bbox 1624 1350 1792 1424; x_wconf 78' lang='lat' dir='ltr'><strong>dicerem.</strong></span> <span class='ocrx_word' id='word_1_73' title='bbox 1806 1381 1824 1420; x_wconf 84' lang='grc' dir='ltr'><strong>ιι</strong></span> 
     </span>
     <span class='ocr_line' id='line_1_8' title="bbox 238 1461 1826 1568; baseline 0.008 -36"><span class='ocrx_word' id='word_1_74' title='bbox 238 1461 433 1558; x_wconf 83' lang='lat' dir='ltr'><strong>Descripsit</strong></span> <span class='ocrx_word' id='word_1_75' title='bbox 459 1476 495 1534; x_wconf 89' lang='lat' dir='ltr'><strong>et</strong></span> <span class='ocrx_word' id='word_1_76' title='bbox 521 1464 712 1538; x_wconf 87' lang='lat' dir='ltr'><strong>nonnullas</strong></span> <span class='ocrx_word' id='word_1_77' title='bbox 739 1481 948 1538; x_wconf 87' lang='lat' dir='ltr'><strong>sanctorum</strong></span> <span class='ocrx_word' id='word_1_78' title='bbox 971 1482 1114 1566; x_wconf 87' lang='lat' dir='ltr'><strong>patrum</strong></span> <span class='ocrx_word' id='word_1_79' title='bbox 1134 1469 1354 1542; x_wconf 88' lang='lat' dir='ltr'><strong>venerabiles</strong></span> <span class='ocrx_word' id='word_1_80' title='bbox 1381 1471 1491 1560; x_wconf 87' lang='lat' dir='ltr'><strong>vitas,</strong></span> <span class='ocrx_word' id='word_1_81' title='bbox 1518 1485 1623 1568; x_wconf 86' lang='lat' dir='ltr'><strong>atque</strong></span> <span class='ocrx_word' id='word_1_82' title='bbox 1648 1471 1826 1544; x_wconf 78' lang='lat' dir='ltr'><strong>miraculis</strong></span> 
     </span>
     <span class='ocr_line' id='line_1_9' title="bbox 238 1582 1826 1685; baseline 0.008 -36"><span class='ocrx_word' id='word_1_83' title='bbox 238 1603 404 1654; x_wconf 89' lang='lat' dir='ltr'><strong>coruscas</strong></span> <span class='ocrx_word' id='word_1_84' title='bbox 416 1633 425 1671; x_wconf 94' lang='lat'><strong>,</strong></span> <span class='ocrx_word' id='word_1_85' title='bbox 444 1583 480 1654; x_wconf 92' lang='lat' dir='ltr'><strong>in</strong></span> <span class='ocrx_word' id='word_1_86' title='bbox 497 1582 627 1679; x_wconf 88' lang='lat' dir='ltr'><strong>quihus</strong></span> <span class='ocrx_word' id='word_1_87' title='bbox 646 1584 753 1682; x_wconf 81' lang='lat' dir='ltr'><strong>longe</strong></span> <span class='ocrx_word' id='word_1_88' title='bbox 764 1585 981 1658; x_wconf 88' lang='lat' dir='ltr'><strong>mirabiliora</strong></span> <span class='ocrx_word' id='word_1_89' title='bbox 995 1601 1079 1662; x_wconf 88' lang='lat' dir='ltr'><strong>sunt</strong></span> <span class='ocrx_word' id='word_1_90' title='bbox 1091 1613 1170 1685; x_wconf 87' lang='lat' dir='ltr'><strong>quae</strong></span> <span class='ocrx_word' id='word_1_91' title='bbox 1184 1589 1396 1662; x_wconf 79' lang='lat' dir='ltr'><strong>reseruntur.</strong></span> <span class='ocrx_word' id='word_1_92' title='bbox 1413 1589 1556 1661; x_wconf 90' lang='lat' dir='ltr'><strong>Nullum</strong></span> <span class='ocrx_word' id='word_1_93' title='bbox 1568 1602 1688 1662; x_wconf 84' lang='lat' dir='ltr'><strong>tamen</strong></span> <span class='ocrx_word' id='word_1_94' title='bbox 1700 1614 1826 1662; x_wconf 90' lang='lat' dir='ltr'><strong>eorum</strong></span> 
     </span>
     <span class='ocr_line' id='line_1_10' title="bbox 239 1698 1827 1803; baseline 0.008 -35"><span class='ocrx_word' id='word_1_95' title='bbox 239 1713 337 1772; x_wconf 88' lang='lat' dir='ltr'><strong>tanta</strong></span> <span class='ocrx_word' id='word_1_96' title='bbox 354 1698 460 1773; x_wconf 88' lang='lat' dir='ltr'><strong>laude</strong></span> <span class='ocrx_word' id='word_1_97' title='bbox 478 1701 672 1776; x_wconf 90' lang='lat' dir='ltr'><strong>verborum</strong></span> <span class='ocrx_word' id='word_1_98' title='bbox 687 1704 852 1782; x_wconf 83' lang='lat' dir='ltr'><strong>extulisse</strong></span> <span class='ocrx_word' id='word_1_99' title='bbox 865 1704 1028 1796; x_wconf 90' lang='lat' dir='ltr'><strong>videtur,</strong></span> <span class='ocrx_word' id='word_1_100' title='bbox 1049 1722 1182 1803; x_wconf 88' lang='lat' dir='ltr'><strong>quanta</strong></span> <span class='ocrx_word' id='word_1_101' title='bbox 1194 1706 1289 1780; x_wconf 88' lang='lat' dir='ltr'><strong>bane</strong></span> <span class='ocrx_word' id='word_1_102' title='bbox 1300 1706 1447 1780; x_wconf 87' lang='lat' dir='ltr'><strong>viduam</strong></span> <span class='ocrx_word' id='word_1_103' title='bbox 1460 1707 1737 1780; x_wconf 88' lang='lat' dir='ltr'><strong>commendavit.</strong></span> <span class='ocrx_word' id='word_1_104' title='bbox 1755 1711 1827 1796; x_wconf 86' lang='lat' dir='ltr'><strong>Qui</strong></span> 
     </span>
     <span class='ocr_line' id='line_1_11' title="bbox 238 1818 1826 1928; baseline 0.008 -38"><span class='ocrx_word' id='word_1_105' title='bbox 238 1818 347 1890; x_wconf 90' lang='lat' dir='ltr'><strong>etiam</strong></span> <span class='ocrx_word' id='word_1_106' title='bbox 365 1819 412 1892; x_wconf 90' lang='lat' dir='ltr'><strong>ad</strong></span> <span class='ocrx_word' id='word_1_107' title='bbox 429 1823 695 1896; x_wconf 86' lang='lat' dir='ltr'><strong>Demetriadem</strong></span> <span class='ocrx_word' id='word_1_108' title='bbox 713 1826 888 1923; x_wconf 84' lang='lat' dir='ltr'><strong>virginem</strong></span> <span class='ocrx_word' id='word_1_109' title='bbox 904 1825 1082 1916; x_wconf 85' lang='lat' dir='ltr'><strong>scribens,</strong></span> <span class='ocrx_word' id='word_1_110' title='bbox 1104 1842 1200 1900; x_wconf 89' lang='lat' dir='ltr'><strong>tanta</strong></span> <span class='ocrx_word' id='word_1_111' title='bbox 1220 1827 1296 1924; x_wconf 90' lang='lat' dir='ltr'><strong>ejus</strong></span> <span class='ocrx_word' id='word_1_112' title='bbox 1315 1827 1421 1900; x_wconf 89' lang='lat' dir='ltr'><strong>laude</strong></span> <span class='ocrx_word' id='word_1_113' title='bbox 1440 1829 1594 1902; x_wconf 86' lang='lat' dir='ltr'><strong>frontem</strong></span> <span class='ocrx_word' id='word_1_114' title='bbox 1615 1831 1725 1928; x_wconf 86' lang='lat' dir='ltr'><strong>ipsius</strong></span> <span class='ocrx_word' id='word_1_115' title='bbox 1740 1831 1826 1902; x_wconf 84' lang='lat' dir='ltr'><strong>iusi-</strong></span> 
     </span>
     <span class='ocr_line' id='line_1_12' title="bbox 238 1939 1914 2040; baseline 0.011 -32"><span class='ocrx_word' id='word_1_116' title='bbox 238 1939 349 2034; x_wconf 83' lang='lat' dir='ltr'><strong>gnivit</strong></span> <span class='ocrx_word' id='word_1_117' title='bbox 367 1941 543 2038; x_wconf 78' lang='lat' dir='ltr'><strong>epistolae,</strong></span> <span class='ocrx_word' id='word_1_118' title='bbox 568 1959 607 2016; x_wconf 92' lang='lat' dir='ltr'><strong>ut</strong></span> <span class='ocrx_word' id='word_1_119' title='bbox 625 1969 699 2016; x_wconf 89' lang='lat' dir='ltr'><strong>non</strong></span> <span class='ocrx_word' id='word_1_120' title='bbox 718 1945 757 2017; x_wconf 92' lang='lat' dir='ltr'><strong>in</strong></span> <span class='ocrx_word' id='word_1_121' title='bbox 776 1945 955 2020; x_wconf 86' lang='lat' dir='ltr'><strong>modicam</strong></span> <span class='ocrx_word' id='word_1_122' title='bbox 971 1945 1043 2019; x_wconf 88' lang='lat' dir='ltr'><strong>labi</strong></span> <span class='ocrx_word' id='word_1_123' title='bbox 1055 1947 1219 2020; x_wconf 90' lang='lat' dir='ltr'><strong>videatur</strong></span> <span class='ocrx_word' id='word_1_124' title='bbox 1236 1947 1491 2022; x_wconf 86' lang='lat' dir='ltr'><strong>adulationem.</strong></span> <span class='ocrx_word' id='word_1_125' title='bbox 1511 1956 1640 2023; x_wconf 75' lang='lat' dir='ltr'><strong>«luter</strong></span> <span class='ocrx_word' id='word_1_126' title='bbox 1653 1975 1793 2040; x_wconf 91' lang='lat' dir='ltr'><strong>omnes,</strong></span> <span class='ocrx_word' id='word_1_127' title='bbox 1807 1982 1825 2018; x_wconf 87' lang='grc' dir='ltr'><strong>ιι</strong></span> <span class='ocrx_word' id='word_1_128' title='bbox 1912 2019 1914 2026; x_wconf 82' lang='grc'>,</span> 
     </span>
     <span class='ocr_line' id='line_1_13' title="bbox 238 2061 1828 2167; baseline 0.006 -33"><span class='ocrx_word' id='word_1_129' title='bbox 238 2061 354 2158; x_wconf 87' lang='lat' dir='ltr'><strong>inquit</strong></span> <span class='ocrx_word' id='word_1_130' title='bbox 365 2065 396 2153; x_wconf 83' lang='lat'><strong>⁸,</strong></span> <span class='ocrx_word' id='word_1_131' title='bbox 421 2093 438 2132; x_wconf 93' lang='grc' dir='ltr'><strong>ιι</strong></span> <span class='ocrx_word' id='word_1_132' title='bbox 456 2066 643 2156; x_wconf 87' lang='lat' dir='ltr'><strong>materias,</strong></span> <span class='ocrx_word' id='word_1_133' title='bbox 664 2091 753 2164; x_wconf 88' lang='lat' dir='ltr'><strong>quas</strong></span> <span class='ocrx_word' id='word_1_134' title='bbox 768 2067 814 2139; x_wconf 90' lang='lat' dir='ltr'><strong>ab</strong></span> <span class='ocrx_word' id='word_1_135' title='bbox 829 2068 977 2140; x_wconf 78' lang='lat' dir='ltr'><strong>infantia</strong></span> <span class='ocrx_word' id='word_1_136' title='bbox 995 2094 1108 2167; x_wconf 90' lang='lat' dir='ltr'><strong>usque</strong></span> <span class='ocrx_word' id='word_1_137' title='bbox 1126 2069 1173 2141; x_wconf 86' lang='lat' dir='ltr'><strong>ad</strong></span> <span class='ocrx_word' id='word_1_138' title='bbox 1186 2070 1279 2142; x_wconf 85' lang='lat' dir='ltr'><strong>hanc</strong></span> <span class='ocrx_word' id='word_1_139' title='bbox 1294 2086 1433 2144; x_wconf 85' lang='lat' dir='ltr'><strong>aetatem</strong></span> <span class='ocrx_word' id='word_1_140' title='bbox 1451 2072 1507 2144; x_wconf 92' lang='lat' dir='ltr'><strong>vel</strong></span> <span class='ocrx_word' id='word_1_141' title='bbox 1526 2097 1626 2162; x_wconf 88' lang='lat' dir='ltr'><strong>mea,</strong></span> <span class='ocrx_word' id='word_1_142' title='bbox 1648 2071 1704 2145; x_wconf 91' lang='lat' dir='ltr'><strong>vel</strong></span> <span class='ocrx_word' id='word_1_143' title='bbox 1728 2087 1828 2144; x_wconf 88' lang='lat' dir='ltr'><strong>nota-</strong></span> 
     </span>
     <span class='ocr_line' id='line_1_14' title="bbox 238 2182 1827 2291; baseline 0.009 -40"><span class='ocrx_word' id='word_1_144' title='bbox 238 2182 374 2254; x_wconf 90' lang='lat' dir='ltr'><strong>riorum</strong></span> <span class='ocrx_word' id='word_1_145' title='bbox 384 2185 508 2284; x_wconf 90' lang='lat' dir='ltr'><strong>scripsi</strong></span> <span class='ocrx_word' id='word_1_146' title='bbox 526 2211 659 2277; x_wconf 90' lang='lat' dir='ltr'><strong>mauu,</strong></span> <span class='ocrx_word' id='word_1_147' title='bbox 680 2187 768 2259; x_wconf 91' lang='lat' dir='ltr'><strong>nihil</strong></span> <span class='ocrx_word' id='word_1_148' title='bbox 784 2189 950 2288; x_wconf 85' lang='lat' dir='ltr'><strong>praesenti</strong></span> <span class='ocrx_word' id='word_1_149' title='bbox 968 2213 1077 2288; x_wconf 91' lang='lat' dir='ltr'><strong>opere</strong></span> <span class='ocrx_word' id='word_1_150' title='bbox 1095 2189 1285 2263; x_wconf 85' lang='lat' dir='ltr'><strong>difficilius.</strong></span> <span class='ocrx_word' id='word_1_151' title='bbox 1303 2193 1506 2291; x_wconf 83' lang='lat' dir='ltr'><strong>Scripturas</strong></span> <span class='ocrx_word' id='word_1_152' title='bbox 1524 2193 1620 2264; x_wconf 89' lang='lat' dir='ltr'><strong>enim</strong></span> <span class='ocrx_word' id='word_1_153' title='bbox 1638 2192 1685 2265; x_wconf 89' lang='lat' dir='ltr'><strong>ad</strong></span> <span class='ocrx_word' id='word_1_154' title='bbox 1697 2196 1827 2265; x_wconf 88' lang='lat' dir='ltr'><strong>Deme·</strong></span> 
     </span>
     <span class='ocr_line' id='line_1_15' title="bbox 238 2301 1825 2411; baseline 0.01 -41"><span class='ocrx_word' id='word_1_155' title='bbox 238 2301 387 2376; x_wconf 85' lang='lat' dir='ltr'><strong>triadem</strong></span> <span class='ocrx_word' id='word_1_156' title='bbox 407 2305 580 2402; x_wconf 78' lang='lat' dir='ltr'><strong>virginem</strong></span> <span class='ocrx_word' id='word_1_157' title='bbox 597 2307 748 2398; x_wconf 88' lang='lat' dir='ltr'><strong>Christi,</strong></span> <span class='ocrx_word' id='word_1_158' title='bbox 767 2333 847 2406; x_wconf 78' lang='lat' dir='ltr'><strong>quae</strong></span> <span class='ocrx_word' id='word_1_159' title='bbox 864 2325 900 2382; x_wconf 87' lang='lat' dir='ltr'><strong>et</strong></span> <span class='ocrx_word' id='word_1_160' title='bbox 917 2309 1101 2382; x_wconf 85' lang='lat' dir='ltr'><strong>nobilitate</strong></span> <span class='ocrx_word' id='word_1_161' title='bbox 1119 2325 1154 2383; x_wconf 87' lang='lat' dir='ltr'><strong>et</strong></span> <span class='ocrx_word' id='word_1_162' title='bbox 1170 2309 1302 2387; x_wconf 88' lang='lat' dir='ltr'><strong>divitiis</strong></span> <span class='ocrx_word' id='word_1_163' title='bbox 1318 2313 1434 2411; x_wconf 88' lang='lat' dir='ltr'><strong>prima</strong></span> <span class='ocrx_word' id='word_1_164' title='bbox 1445 2327 1498 2386; x_wconf 87' lang='lat' dir='ltr'><strong>est</strong></span> <span class='ocrx_word' id='word_1_165' title='bbox 1510 2314 1546 2384; x_wconf 91' lang='lat' dir='ltr'><strong>in</strong></span> <span class='ocrx_word' id='word_1_166' title='bbox 1561 2313 1650 2386; x_wconf 89' lang='lat' dir='ltr'><strong>urhe</strong></span> <span class='ocrx_word' id='word_1_167' title='bbox 1662 2338 1825 2406; x_wconf 71' lang='lat' dir='ltr'><strong>romaum</strong></span> 
     </span>
     <span class='ocr_line' id='line_1_16' title="bbox 238 2423 1828 2534; baseline 0.006 -38"><span class='ocrx_word' id='word_1_168' title='bbox 238 2423 267 2496; x_wconf 91' lang='lat' dir='ltr'><strong>si</strong></span> <span class='ocrx_word' id='word_1_169' title='bbox 284 2438 413 2496; x_wconf 87' lang='lat' dir='ltr'><strong>cuncta</strong></span> <span class='ocrx_word' id='word_1_170' title='bbox 427 2423 502 2521; x_wconf 90' lang='lat' dir='ltr'><strong>ejus</strong></span> <span class='ocrx_word' id='word_1_171' title='bbox 519 2425 708 2500; x_wconf 87' lang='lat' dir='ltr'><strong>virtutibus</strong></span> <span class='ocrx_word' id='word_1_172' title='bbox 718 2453 877 2526; x_wconf 86' lang='lat' dir='ltr'><strong>congrua</strong></span> <span class='ocrx_word' id='word_1_173' title='bbox 891 2430 1039 2522; x_wconf 90' lang='lat' dir='ltr'><strong>dixere,</strong></span> <span class='ocrx_word' id='word_1_174' title='bbox 1058 2430 1195 2504; x_wconf 87' lang='lat' dir='ltr'><strong>adulari</strong></span> <span class='ocrx_word' id='word_1_175' title='bbox 1207 2431 1373 2530; x_wconf 89' lang='lat' dir='ltr'><strong>putabor.</strong></span> <span class='ocrx_word' id='word_1_176' title='bbox 1392 2459 1410 2500; x_wconf 86' lang='grc' dir='ltr'><strong>ιι</strong></span> <span class='ocrx_word' id='word_1_177' title='bbox 1427 2432 1678 2505; x_wconf 89' lang='lat' dir='ltr'><strong>Dulcissimum</strong></span> <span class='ocrx_word' id='word_1_178' title='bbox 1695 2434 1828 2534; x_wconf 90' lang='lat' dir='ltr'><strong>quippe</strong></span> 
     </span>
     <span class='ocr_line' id='line_1_17' title="bbox 237 2545 1828 2650; baseline 0.008 -36"><span class='ocrx_word' id='word_1_179' title='bbox 237 2545 314 2616; x_wconf 90' lang='lat' dir='ltr'><strong>viro</strong></span> <span class='ocrx_word' id='word_1_180' title='bbox 333 2546 589 2630; x_wconf 82' lang='lat' dir='ltr'><strong>sanctoluerat</strong></span> <span class='ocrx_word' id='word_1_181' title='bbox 606 2573 821 2646; x_wconf 89' lang='lat' dir='ltr'><strong>quacunque</strong></span> <span class='ocrx_word' id='word_1_182' title='bbox 838 2564 913 2622; x_wconf 87' lang='lat' dir='ltr'><strong>arte</strong></span> <span class='ocrx_word' id='word_1_183' title='bbox 929 2549 1123 2624; x_wconf 83' lang='lat' dir='ltr'><strong>verborum</strong></span> <span class='ocrx_word' id='word_1_184' title='bbox 1140 2551 1298 2650; x_wconf 79' lang='lat' dir='ltr'><strong>fragilem</strong></span> <span class='ocrx_word' id='word_1_185' title='bbox 1316 2568 1480 2626; x_wconf 88' lang='lat' dir='ltr'><strong>naturam</strong></span> <span class='ocrx_word' id='word_1_186' title='bbox 1497 2553 1543 2626; x_wconf 90' lang='lat' dir='ltr'><strong>ad</strong></span> <span class='ocrx_word' id='word_1_187' title='bbox 1557 2554 1668 2626; x_wconf 89' lang='lat' dir='ltr'><strong>ardua</strong></span> <span class='ocrx_word' id='word_1_188' title='bbox 1690 2555 1828 2627; x_wconf 87' lang='lat' dir='ltr'><strong>virtutis</strong></span> 
     </span>
     <span class='ocr_line' id='line_1_18' title="bbox 238 2665 1829 2775; baseline 0.007 -38"><span class='ocrx_word' id='word_1_189' title='bbox 238 2665 354 2738; x_wconf 91' lang='lat' dir='ltr'><strong>studia</strong></span> <span class='ocrx_word' id='word_1_190' title='bbox 372 2692 598 2766; x_wconf 89' lang='lat' dir='ltr'><strong>promovere.</strong></span> <span class='ocrx_word' id='word_1_191' title='bbox 620 2675 666 2742; x_wconf 91' lang='lat' dir='ltr'><strong>Ut</strong></span> <span class='ocrx_word' id='word_1_192' title='bbox 682 2685 802 2742; x_wconf 72' lang='lat' dir='ltr'><strong>atatem</strong></span> <span class='ocrx_word' id='word_1_193' title='bbox 823 2694 931 2770; x_wconf 89' lang='lat' dir='ltr'><strong>opera</strong></span> <span class='ocrx_word' id='word_1_194' title='bbox 955 2670 1060 2743; x_wconf 90' lang='lat' dir='ltr'><strong>nobis</strong></span> <span class='ocrx_word' id='word_1_195' title='bbox 1080 2697 1188 2769; x_wconf 88' lang='lat' dir='ltr'><strong>quam</strong></span> <span class='ocrx_word' id='word_1_196' title='bbox 1209 2673 1317 2746; x_wconf 89' lang='lat' dir='ltr'><strong>verba</strong></span> <span class='ocrx_word' id='word_1_197' title='bbox 1332 2674 1369 2745; x_wconf 91' lang='lat' dir='ltr'><strong>in</strong></span> <span class='ocrx_word' id='word_1_198' title='bbox 1387 2673 1459 2746; x_wconf 91' lang='lat' dir='ltr'><strong>hoc</strong></span> <span class='ocrx_word' id='word_1_199' title='bbox 1476 2674 1627 2746; x_wconf 90' lang='lat' dir='ltr'><strong>certiora</strong></span> <span class='ocrx_word' id='word_1_200' title='bbox 1649 2674 1829 2775; x_wconf 79' lang='lat' dir='ltr'><strong>praebeant</strong></span> 
     </span>
     <span class='ocr_line' id='line_1_19' title="bbox 238 2789 1829 2890; baseline 0.005 -32"><span class='ocrx_word' id='word_1_201' title='bbox 238 2801 469 2884; x_wconf 83' lang='lat' dir='ltr'><strong>argumenta,</strong></span> <span class='ocrx_word' id='word_1_202' title='bbox 493 2803 589 2861; x_wconf 90' lang='lat' dir='ltr'><strong>tanta</strong></span> <span class='ocrx_word' id='word_1_203' title='bbox 614 2789 822 2885; x_wconf 89' lang='lat' dir='ltr'><strong>hujusmodi</strong></span> <span class='ocrx_word' id='word_1_204' title='bbox 842 2791 991 2863; x_wconf 88' lang='lat' dir='ltr'><strong>seminas</strong></span> <span class='ocrx_word' id='word_1_205' title='bbox 1011 2790 1166 2863; x_wconf 86' lang='lat' dir='ltr'><strong>excoluit</strong></span> <span class='ocrx_word' id='word_1_206' title='bbox 1189 2793 1381 2884; x_wconf 85' lang='lat' dir='ltr'><strong>charitate,</strong></span> <span class='ocrx_word' id='word_1_207' title='bbox 1402 2810 1442 2865; x_wconf 91' lang='lat' dir='ltr'><strong>ut</strong></span> <span class='ocrx_word' id='word_1_208' title='bbox 1460 2796 1635 2866; x_wconf 88' lang='lat' dir='ltr'><strong>immensa</strong></span> <span class='ocrx_word' id='word_1_209' title='bbox 1653 2795 1729 2890; x_wconf 87' lang='lat' dir='ltr'><strong>ejus</strong></span> <span class='ocrx_word' id='word_1_210' title='bbox 1748 2819 1829 2866; x_wconf 88' lang='lat' dir='ltr'><strong>san·</strong></span> 
     </span>
     <span class='ocr_line' id='line_1_20' title="bbox 238 2907 1827 3014; baseline 0.006 -35"><span class='ocrx_word' id='word_1_211' title='bbox 238 2907 339 2980; x_wconf 77' lang='lat' dir='ltr'><strong>critas</strong></span> <span class='ocrx_word' id='word_1_212' title='bbox 353 2933 493 2996; x_wconf 87' lang='lat' dir='ltr'><strong>naevum</strong></span> <span class='ocrx_word' id='word_1_213' title='bbox 508 2909 576 2982; x_wconf 92' lang='lat' dir='ltr'><strong>sibi</strong></span> <span class='ocrx_word' id='word_1_214' title='bbox 592 2911 747 3010; x_wconf 73' lang='lat' dir='ltr'><strong>propriae</strong></span> <span class='ocrx_word' id='word_1_215' title='bbox 757 2912 978 3009; x_wconf 88' lang='lat' dir='ltr'><strong>imprimeret</strong></span> <span class='ocrx_word' id='word_1_216' title='bbox 987 2913 1100 2984; x_wconf 84' lang='lat' dir='ltr'><strong>lamae.</strong></span> <span class='ocrx_word' id='word_1_217' title='bbox 1118 2914 1226 3001; x_wconf 92' lang='lat' dir='ltr'><strong>Quod</strong></span> <span class='ocrx_word' id='word_1_218' title='bbox 1241 2914 1365 3014; x_wconf 90' lang='lat' dir='ltr'><strong>etipse</strong></span> <span class='ocrx_word' id='word_1_219' title='bbox 1378 2915 1526 3013; x_wconf 90' lang='lat' dir='ltr'><strong>quidem</strong></span> <span class='ocrx_word' id='word_1_220' title='bbox 1539 2916 1586 2987; x_wconf 90' lang='lat' dir='ltr'><strong>ad</strong></span> <span class='ocrx_word' id='word_1_221' title='bbox 1601 2914 1768 3006; x_wconf 75' lang='lat' dir='ltr'><strong>Asellam,</strong></span> <span class='ocrx_word' id='word_1_222' title='bbox 1782 2918 1827 2988; x_wconf 91' lang='lat' dir='ltr'><strong>de</strong></span> 
     </span>
     <span class='ocr_line' id='line_1_21' title="bbox 238 3028 1828 3129; baseline 0.006 -31"><span class='ocrx_word' id='word_1_223' title='bbox 238 3028 329 3102; x_wconf 87' lang='lat' dir='ltr'><strong>fietis</strong></span> <span class='ocrx_word' id='word_1_224' title='bbox 346 3030 468 3102; x_wconf 82' lang='lat' dir='ltr'><strong>etnicis</strong></span> <span class='ocrx_word' id='word_1_225' title='bbox 488 3045 595 3128; x_wconf 87' lang='lat' dir='ltr'><strong>atque</strong></span> <span class='ocrx_word' id='word_1_226' title='bbox 614 3031 680 3104; x_wconf 90' lang='lat' dir='ltr'><strong>sibi</strong></span> <span class='ocrx_word' id='word_1_227' title='bbox 706 3032 978 3106; x_wconf 90' lang='lat' dir='ltr'><strong>detrabentibus</strong></span> <span class='ocrx_word' id='word_1_228' title='bbox 1001 3033 1181 3126; x_wconf 86' lang='lat' dir='ltr'><strong>scribens,</strong></span> <span class='ocrx_word' id='word_1_229' title='bbox 1211 3036 1303 3108; x_wconf 90' lang='lat' dir='ltr'><strong>inter</strong></span> <span class='ocrx_word' id='word_1_230' title='bbox 1321 3050 1446 3108; x_wconf 77' lang='lat' dir='ltr'><strong>cetera</strong></span> <span class='ocrx_word' id='word_1_231' title='bbox 1464 3053 1745 3129; x_wconf 87' lang='lat' dir='ltr'><strong>commemorat,</strong></span> <span class='ocrx_word' id='word_1_232' title='bbox 1776 3039 1828 3119; x_wconf 89' lang='lat' dir='ltr'><strong>di·</strong></span> 
     </span>
     <span class='ocr_line' id='line_1_22' title="bbox 237 3150 1824 3254; baseline 0.004 -32"><span class='ocrx_word' id='word_1_233' title='bbox 237 3174 322 3222; x_wconf 90' lang='lat' dir='ltr'><strong>cens</strong></span> <span class='ocrx_word' id='word_1_234' title='bbox 334 3153 367 3221; x_wconf 79' lang='lat'><strong>⁸:</strong></span> <span class='ocrx_word' id='word_1_235' title='bbox 388 3179 406 3220; x_wconf 94' lang='grc' dir='ltr'><strong>ιι</strong></span> <span class='ocrx_word' id='word_1_236' title='bbox 421 3155 466 3223; x_wconf 88' lang='lat' dir='ltr'><strong>Et</strong></span> <span class='ocrx_word' id='word_1_237' title='bbox 482 3150 564 3224; x_wconf 89' lang='lat' dir='ltr'><strong>licet</strong></span> <span class='ocrx_word' id='word_1_238' title='bbox 577 3175 635 3224; x_wconf 90' lang='lat' dir='ltr'><strong>me</strong></span> <span class='ocrx_word' id='word_1_239' title='bbox 649 3152 860 3224; x_wconf 89' lang='lat' dir='ltr'><strong>sceleratum</strong></span> <span class='ocrx_word' id='word_1_240' title='bbox 881 3153 1028 3251; x_wconf 88' lang='lat' dir='ltr'><strong>quidam</strong></span> <span class='ocrx_word' id='word_1_241' title='bbox 1056 3170 1203 3253; x_wconf 88' lang='lat' dir='ltr'><strong>putent,</strong></span> <span class='ocrx_word' id='word_1_242' title='bbox 1231 3170 1264 3226; x_wconf 93' lang='lat' dir='ltr'><strong>et</strong></span> <span class='ocrx_word' id='word_1_243' title='bbox 1286 3155 1456 3228; x_wconf 91' lang='lat' dir='ltr'><strong>omnibus</strong></span> <span class='ocrx_word' id='word_1_244' title='bbox 1474 3156 1613 3254; x_wconf 73' lang='lat' dir='ltr'><strong>flagitiis</strong></span> <span class='ocrx_word' id='word_1_245' title='bbox 1632 3155 1824 3247; x_wconf 82' lang='lat' dir='ltr'><strong>obrutum3</strong></span> 
     </span>
     <span class='ocr_line' id='line_1_23' title="bbox 236 3271 1829 3376; baseline 0.006 -35"><span class='ocrx_word' id='word_1_246' title='bbox 236 3286 274 3341; x_wconf 90' lang='lat' dir='ltr'><strong>tu</strong></span> <span class='ocrx_word' id='word_1_247' title='bbox 299 3286 419 3344; x_wconf 91' lang='lat' dir='ltr'><strong>tamen</strong></span> <span class='ocrx_word' id='word_1_248' title='bbox 435 3271 653 3366; x_wconf 78' lang='lat' dir='ltr'><strong>benefacis,</strong></span> <span class='ocrx_word' id='word_1_249' title='bbox 683 3273 784 3371; x_wconf 91' lang='lat' dir='ltr'><strong>quod</strong></span> <span class='ocrx_word' id='word_1_250' title='bbox 805 3298 849 3345; x_wconf 88' lang='lat' dir='ltr'><strong>ex</strong></span> <span class='ocrx_word' id='word_1_251' title='bbox 873 3289 932 3346; x_wconf 89' lang='lat' dir='ltr'><strong>tua</strong></span> <span class='ocrx_word' id='word_1_252' title='bbox 961 3290 1080 3348; x_wconf 90' lang='lat' dir='ltr'><strong>mente</strong></span> <span class='ocrx_word' id='word_1_253' title='bbox 1101 3277 1209 3350; x_wconf 88' lang='lat' dir='ltr'><strong>etiam</strong></span> <span class='ocrx_word' id='word_1_254' title='bbox 1232 3276 1345 3348; x_wconf 86' lang='lat' dir='ltr'><strong>malos</strong></span> <span class='ocrx_word' id='word_1_255' title='bbox 1365 3275 1483 3349; x_wconf 91' lang='lat' dir='ltr'><strong>honos</strong></span> <span class='ocrx_word' id='word_1_256' title='bbox 1507 3293 1623 3376; x_wconf 90' lang='lat' dir='ltr'><strong>putas.</strong></span> <span class='ocrx_word' id='word_1_257' title='bbox 1651 3278 1829 3351; x_wconf 89' lang='lat' dir='ltr'><strong>Periculo-</strong></span> 
     </span>
     <span class='ocr_line' id='line_1_24' title="bbox 235 3392 1829 3497; baseline 0.007 -37"><span class='ocrx_word' id='word_1_258' title='bbox 235 3414 317 3462; x_wconf 90' lang='lat' dir='ltr'><strong>sum</strong></span> <span class='ocrx_word' id='word_1_259' title='bbox 334 3393 467 3490; x_wconf 90' lang='lat' dir='ltr'><strong>quippe</strong></span> <span class='ocrx_word' id='word_1_260' title='bbox 487 3408 540 3465; x_wconf 89' lang='lat' dir='ltr'><strong>est</strong></span> <span class='ocrx_word' id='word_1_261' title='bbox 560 3392 728 3466; x_wconf 87' lang='lat' dir='ltr'><strong>deservo</strong></span> <span class='ocrx_word' id='word_1_262' title='bbox 747 3392 890 3466; x_wconf 87' lang='lat' dir='ltr'><strong>alterius</strong></span> <span class='ocrx_word' id='word_1_263' title='bbox 905 3393 1088 3492; x_wconf 80' lang='lat' dir='ltr'><strong>judicare,</strong></span> <span class='ocrx_word' id='word_1_264' title='bbox 1110 3410 1146 3468; x_wconf 90' lang='lat' dir='ltr'><strong>et</strong></span> <span class='ocrx_word' id='word_1_265' title='bbox 1164 3421 1239 3468; x_wconf 91' lang='lat' dir='ltr'><strong>non</strong></span> <span class='ocrx_word' id='word_1_266' title='bbox 1260 3395 1370 3468; x_wconf 82' lang='lat' dir='ltr'><strong>facilis</strong></span> <span class='ocrx_word' id='word_1_267' title='bbox 1391 3398 1495 3470; x_wconf 89' lang='lat' dir='ltr'><strong>venia</strong></span> <span class='ocrx_word' id='word_1_268' title='bbox 1513 3421 1624 3497; x_wconf 84' lang='lat' dir='ltr'><strong>prava</strong></span> <span class='ocrx_word' id='word_1_269' title='bbox 1639 3396 1768 3471; x_wconf 87' lang='lat' dir='ltr'><strong>dixisse</strong></span> <span class='ocrx_word' id='word_1_270' title='bbox 1782 3397 1829 3471; x_wconf 86' lang='lat' dir='ltr'><strong>de</strong></span> 
     </span>
     <span class='ocr_line' id='line_1_25' title="bbox 236 3510 1830 3614; baseline 0.006 -33"><span class='ocrx_word' id='word_1_271' title='bbox 236 3511 355 3582; x_wconf 89' lang='lat' dir='ltr'><strong>rectis.</strong></span> <span class='ocrx_word' id='word_1_272' title='bbox 378 3510 640 3585; x_wconf 84' lang='lat' dir='ltr'><strong>Oseulabantur</strong></span> <span class='ocrx_word' id='word_1_273' title='bbox 658 3512 806 3611; x_wconf 87' lang='lat' dir='ltr'><strong>quidam</strong></span> <span class='ocrx_word' id='word_1_274' title='bbox 822 3513 911 3586; x_wconf 84' lang='lat' dir='ltr'><strong>milri</strong></span> <span class='ocrx_word' id='word_1_275' title='bbox 927 3539 1079 3608; x_wconf 87' lang='lat' dir='ltr'><strong>manus,</strong></span> <span class='ocrx_word' id='word_1_276' title='bbox 1099 3531 1135 3588; x_wconf 91' lang='lat' dir='ltr'><strong>et</strong></span> <span class='ocrx_word' id='word_1_277' title='bbox 1146 3540 1209 3589; x_wconf 89' lang='lat' dir='ltr'><strong>ore</strong></span> <span class='ocrx_word' id='word_1_278' title='bbox 1223 3517 1368 3614; x_wconf 90' lang='lat' dir='ltr'><strong>vipereo</strong></span> <span class='ocrx_word' id='word_1_279' title='bbox 1386 3515 1633 3590; x_wconf 86' lang='lat' dir='ltr'><strong>detrahebant.</strong></span> <span class='ocrx_word' id='word_1_280' title='bbox 1651 3517 1830 3591; x_wconf 88' lang='lat' dir='ltr'><strong>Dolebant</strong></span> 
     </span>
     <span class='ocr_line' id='line_1_26' title="bbox 236 3629 1827 3735; baseline 0.006 -35"><span class='ocrx_word' id='word_1_281' title='bbox 236 3629 363 3722; x_wconf 87' lang='lat' dir='ltr'><strong>labiis,</strong></span> <span class='ocrx_word' id='word_1_282' title='bbox 390 3632 500 3704; x_wconf 90' lang='lat' dir='ltr'><strong>corde</strong></span> <span class='ocrx_word' id='word_1_283' title='bbox 526 3631 740 3728; x_wconf 86' lang='lat' dir='ltr'><strong>gaudebant.</strong></span> <span class='ocrx_word' id='word_1_284' title='bbox 760 3633 890 3706; x_wconf 86' lang='lat' dir='ltr'><strong>Dicant</strong></span> <span class='ocrx_word' id='word_1_285' title='bbox 914 3634 1003 3732; x_wconf 91' lang='lat' dir='ltr'><strong>quid</strong></span> <span class='ocrx_word' id='word_1_286' title='bbox 1026 3661 1186 3734; x_wconf 81' lang='lat' dir='ltr'><strong>uuquam</strong></span> <span class='ocrx_word' id='word_1_287' title='bbox 1205 3638 1241 3708; x_wconf 92' lang='lat' dir='ltr'><strong>in</strong></span> <span class='ocrx_word' id='word_1_288' title='bbox 1262 3662 1321 3708; x_wconf 93' lang='lat' dir='ltr'><strong>me</strong></span> <span class='ocrx_word' id='word_1_289' title='bbox 1339 3636 1440 3710; x_wconf 90' lang='lat' dir='ltr'><strong>aliter</strong></span> <span class='ocrx_word' id='word_1_290' title='bbox 1459 3641 1691 3729; x_wconf 86' lang='lat' dir='ltr'><strong>senserunt&#39;,</strong></span> <span class='ocrx_word' id='word_1_291' title='bbox 1717 3661 1827 3735; x_wconf 88' lang='lat' dir='ltr'><strong>quam</strong></span> 
     </span>
     <span class='ocr_line' id='line_1_27' title="bbox 234 3749 1828 3850; baseline 0.004 -28"><span class='ocrx_word' id='word_1_292' title='bbox 234 3749 337 3846; x_wconf 90' lang='lat' dir='ltr'><strong>quod</strong></span> <span class='ocrx_word' id='word_1_293' title='bbox 355 3750 586 3823; x_wconf 88' lang='lat' dir='ltr'><strong>christianum</strong></span> <span class='ocrx_word' id='word_1_294' title='bbox 606 3751 782 3824; x_wconf 81' lang='lat' dir='ltr'><strong>decebat?</strong></span> <span class='ocrx_word' id='word_1_295' title='bbox 803 3753 896 3825; x_wconf 90' lang='lat' dir='ltr'><strong>Nihil</strong></span> <span class='ocrx_word' id='word_1_296' title='bbox 915 3753 1004 3826; x_wconf 90' lang='lat' dir='ltr'><strong>mihi</strong></span> <span class='ocrx_word' id='word_1_297' title='bbox 1027 3753 1214 3850; x_wconf 88' lang='lat' dir='ltr'><strong>objicitur,</strong></span> <span class='ocrx_word' id='word_1_298' title='bbox 1242 3757 1310 3828; x_wconf 86' lang='lat' dir='ltr'><strong>nisi</strong></span> <span class='ocrx_word' id='word_1_299' title='bbox 1329 3781 1434 3828; x_wconf 90' lang='lat' dir='ltr'><strong>sexus</strong></span> <span class='ocrx_word' id='word_1_300' title='bbox 1451 3782 1564 3830; x_wconf 77' lang='lat' dir='ltr'><strong>meua.</strong></span> <span class='ocrx_word' id='word_1_301' title='bbox 1585 3762 1629 3829; x_wconf 88' lang='lat' dir='ltr'><strong>Et</strong></span> <span class='ocrx_word' id='word_1_302' title='bbox 1647 3758 1717 3830; x_wconf 90' lang='lat' dir='ltr'><strong>hoc</strong></span> <span class='ocrx_word' id='word_1_303' title='bbox 1734 3782 1828 3829; x_wconf 85' lang='grc' dir='ltr'>ιιιιιι-</span> 
     </span>
     <span class='ocr_line' id='line_1_28' title="bbox 234 3869 1829 3975; baseline 0.006 -33"><span class='ocrx_word' id='word_1_304' title='bbox 234 3895 347 3967; x_wconf 89' lang='lat' dir='ltr'><strong>quam</strong></span> <span class='ocrx_word' id='word_1_305' title='bbox 361 3869 595 3967; x_wconf 89' lang='lat' dir='ltr'><strong>objiceretur,</strong></span> <span class='ocrx_word' id='word_1_306' title='bbox 610 3872 679 3944; x_wconf 84' lang='lat' dir='ltr'><strong>nisi</strong></span> <span class='ocrx_word' id='word_1_307' title='bbox 691 3898 805 3970; x_wconf 91' lang='lat' dir='ltr'><strong>quum</strong></span> <span class='ocrx_word' id='word_1_308' title='bbox 818 3873 1102 3970; x_wconf 87' lang='lat' dir='ltr'><strong>Hierosolymam</strong></span> <span class='ocrx_word' id='word_1_309' title='bbox 1115 3874 1223 3946; x_wconf 89' lang='lat' dir='ltr'><strong>Paula</strong></span> <span class='ocrx_word' id='word_1_310' title='bbox 1234 3874 1486 3975; x_wconf 84' lang='lat' dir='ltr'><strong>proficiscitur.</strong></span> <span class='ocrx_word' id='word_1_311' title='bbox 1503 3906 1521 3945; x_wconf 91' lang='grc' dir='ltr'><strong>ιι</strong></span> <span class='ocrx_word' id='word_1_312' title='bbox 1538 3881 1650 3950; x_wconf 77' lang='lat' dir='ltr'><strong>ltem⁸</strong></span> <span class='ocrx_word' id='word_1_313' title='bbox 1665 3905 1673 3949; x_wconf 78' lang='grc' dir='ltr'><strong>ι</strong></span> <span class='ocrx_word' id='word_1_314' title='bbox 1694 3909 1710 3948; x_wconf 92' lang='grc' dir='ltr'><strong>ιι</strong></span> <span class='ocrx_word' id='word_1_315' title='bbox 1725 3883 1829 3950; x_wconf 81' lang='lat' dir='ltr'><strong>Ante·</strong></span> 
     </span>
     <span class='ocr_line' id='line_1_29' title="bbox 233 3991 1824 4089; baseline 0.004 -27"><span class='ocrx_word' id='word_1_316' title='bbox 233 4016 348 4089; x_wconf 89' lang='lat' dir='ltr'><strong>quam</strong></span> <span class='ocrx_word' id='word_1_317' title='bbox 368 3992 518 4064; x_wconf 87' lang='lat' dir='ltr'><strong>dommn</strong></span> <span class='ocrx_word' id='word_1_318' title='bbox 534 4007 664 4066; x_wconf 79' lang='lat' dir='ltr'><strong>sanetae</strong></span> <span class='ocrx_word' id='word_1_319' title='bbox 682 3991 798 4066; x_wconf 74' lang='lat' dir='ltr'><strong>Paulae</strong></span> <span class='ocrx_word' id='word_1_320' title='bbox 816 4017 1026 4086; x_wconf 85' lang='lat' dir='ltr'><strong>noscerem,</strong></span> <span class='ocrx_word' id='word_1_321' title='bbox 1048 3993 1158 4066; x_wconf 85' lang='lat' dir='ltr'><strong>totins</strong></span> <span class='ocrx_word' id='word_1_322' title='bbox 1176 3995 1213 4065; x_wconf 91' lang='lat' dir='ltr'><strong>in</strong></span> <span class='ocrx_word' id='word_1_323' title='bbox 1233 4020 1292 4067; x_wconf 92' lang='lat' dir='ltr'><strong>me</strong></span> <span class='ocrx_word' id='word_1_324' title='bbox 1309 3995 1406 4068; x_wconf 90' lang='lat' dir='ltr'><strong>urbis</strong></span> <span class='ocrx_word' id='word_1_325' title='bbox 1427 3998 1543 4070; x_wconf 89' lang='lat' dir='ltr'><strong>studia</strong></span> <span class='ocrx_word' id='word_1_326' title='bbox 1564 3999 1824 4089; x_wconf 87' lang='lat' dir='ltr'><strong>consonabant.</strong></span> 
     </span>
     <span class='ocr_line' id='line_1_30' title="bbox 232 4114 1827 4217; baseline 0.004 -33"><span class='ocrx_word' id='word_1_327' title='bbox 232 4114 412 4184; x_wconf 88' lang='lat' dir='ltr'><strong>Omnium</strong></span> <span class='ocrx_word' id='word_1_328' title='bbox 439 4138 531 4211; x_wconf 85' lang='lat' dir='ltr'><strong>pene</strong></span> <span class='ocrx_word' id='word_1_329' title='bbox 558 4114 694 4210; x_wconf 90' lang='lat' dir='ltr'><strong>judicio</strong></span> <span class='ocrx_word' id='word_1_330' title='bbox 722 4114 851 4212; x_wconf 84' lang='lat' dir='ltr'><strong>dignus</strong></span> <span class='ocrx_word' id='word_1_331' title='bbox 877 4139 1020 4188; x_wconf 89' lang='lat' dir='ltr'><strong>summo</strong></span> <span class='ocrx_word' id='word_1_332' title='bbox 1049 4115 1249 4188; x_wconf 86' lang='lat' dir='ltr'><strong>sacerdotio</strong></span> <span class='ocrx_word' id='word_1_333' title='bbox 1278 4116 1509 4189; x_wconf 90' lang='lat' dir='ltr'><strong>decernebar.</strong></span> <span class='ocrx_word' id='word_1_334' title='bbox 1540 4117 1610 4190; x_wconf 88' lang='lat' dir='ltr'><strong>Sed</strong></span> <span class='ocrx_word' id='word_1_335' title='bbox 1637 4134 1827 4217; x_wconf 88' lang='lat' dir='ltr'><strong>postquam</strong></span> 
     </span>
     <span class='ocr_line' id='line_1_31' title="bbox 229 4235 1828 4337; baseline 0.004 -33"><span class='ocrx_word' id='word_1_336' title='bbox 229 4258 318 4305; x_wconf 87' lang='lat' dir='ltr'><strong>eam</strong></span> <span class='ocrx_word' id='word_1_337' title='bbox 340 4258 407 4332; x_wconf 87' lang='lat' dir='ltr'><strong>pro</strong></span> <span class='ocrx_word' id='word_1_338' title='bbox 429 4258 495 4305; x_wconf 89' lang='lat' dir='ltr'><strong>suo</strong></span> <span class='ocrx_word' id='word_1_339' title='bbox 514 4235 642 4307; x_wconf 89' lang='lat' dir='ltr'><strong>merito</strong></span> <span class='ocrx_word' id='word_1_340' title='bbox 665 4235 856 4309; x_wconf 86' lang='lat' dir='ltr'><strong>sanctitatis</strong></span> <span class='ocrx_word' id='word_1_341' title='bbox 875 4235 1059 4326; x_wconf 88' lang='lat' dir='ltr'><strong>venerari,</strong></span> <span class='ocrx_word' id='word_1_342' title='bbox 1082 4237 1222 4327; x_wconf 87' lang='lat' dir='ltr'><strong>colere,</strong></span> <span class='ocrx_word' id='word_1_343' title='bbox 1239 4237 1452 4335; x_wconf 69' lang='grc' dir='ltr'><strong>ξειιεοίιιιιιιιτ</strong></span> <span class='ocrx_word' id='word_1_344' title='bbox 1476 4238 1590 4337; x_wconf 90' lang='lat' dir='ltr'><strong>coepi,</strong></span> <span class='ocrx_word' id='word_1_345' title='bbox 1621 4262 1747 4310; x_wconf 90' lang='lat' dir='ltr'><strong>omnes</strong></span> <span class='ocrx_word' id='word_1_346' title='bbox 1770 4263 1828 4310; x_wconf 91' lang='lat' dir='ltr'><strong>me</strong></span> 
     </span>
     <span class='ocr_line' id='line_1_32' title="bbox 227 4353 1828 4455; baseline 0.002 -29"><span class='ocrx_word' id='word_1_347' title='bbox 227 4353 333 4426; x_wconf 90' lang='lat' dir='ltr'><strong>illico</strong></span> <span class='ocrx_word' id='word_1_348' title='bbox 346 4355 534 4427; x_wconf 89' lang='lat' dir='ltr'><strong>deseruere</strong></span> <span class='ocrx_word' id='word_1_349' title='bbox 551 4356 708 4428; x_wconf 90' lang='lat' dir='ltr'><strong>virtutes.</strong></span> <span class='ocrx_word' id='word_1_350' title='bbox 728 4384 745 4422; x_wconf 96' lang='grc' dir='ltr'><strong>ιι</strong></span> <span class='ocrx_word' id='word_1_351' title='bbox 767 4360 811 4427; x_wconf 83' lang='grc' dir='ltr'><strong>Εῑ</strong></span> <span class='ocrx_word' id='word_1_352' title='bbox 825 4370 909 4453; x_wconf 92' lang='lat' dir='ltr'><strong>post</strong></span> <span class='ocrx_word' id='word_1_353' title='bbox 927 4354 1065 4452; x_wconf 88' lang='lat' dir='ltr'><strong>aliqua:</strong></span> <span class='ocrx_word' id='word_1_354' title='bbox 1086 4386 1104 4426; x_wconf 89' lang='grc' dir='ltr'><strong>ιι</strong></span> <span class='ocrx_word' id='word_1_355' title='bbox 1121 4356 1253 4446; x_wconf 90' lang='lat' dir='ltr'><strong>Saluta,</strong></span> <span class='ocrx_word' id='word_1_356' title='bbox 1270 4386 1289 4426; x_wconf 91' lang='grc' dir='ltr'><strong>ιι</strong></span> <span class='ocrx_word' id='word_1_357' title='bbox 1310 4358 1443 4455; x_wconf 90' lang='lat' dir='ltr'><strong>inquit,</strong></span> <span class='ocrx_word' id='word_1_358' title='bbox 1462 4388 1479 4427; x_wconf 87' lang='grc' dir='ltr'><strong>ιι</strong></span> <span class='ocrx_word' id='word_1_359' title='bbox 1496 4358 1641 4431; x_wconf 88' lang='lat' dir='ltr'><strong>Paulam</strong></span> <span class='ocrx_word' id='word_1_360' title='bbox 1654 4372 1690 4429; x_wconf 91' lang='lat' dir='ltr'><strong>et</strong></span> <span class='ocrx_word' id='word_1_361' title='bbox 1704 4363 1828 4430; x_wconf 89' lang='lat' dir='ltr'><strong>Eusto-</strong></span> 
     </span>
     <span class='ocr_line' id='line_1_33' title="bbox 226 4474 1827 4577; baseline 0.002 -31"><span class='ocrx_word' id='word_1_362' title='bbox 226 4475 382 4565; x_wconf 88' lang='lat' dir='ltr'><strong>chium,</strong></span> <span class='ocrx_word' id='word_1_363' title='bbox 405 4475 530 4565; x_wconf 90' lang='lat' dir='ltr'><strong>velint,</strong></span> <span class='ocrx_word' id='word_1_364' title='bbox 555 4474 692 4565; x_wconf 92' lang='lat' dir='ltr'><strong>nolint,</strong></span> <span class='ocrx_word' id='word_1_365' title='bbox 713 4475 750 4545; x_wconf 91' lang='lat' dir='ltr'><strong>in</strong></span> <span class='ocrx_word' id='word_1_366' title='bbox 770 4475 911 4548; x_wconf 90' lang='lat' dir='ltr'><strong>Christo</strong></span> <span class='ocrx_word' id='word_1_367' title='bbox 929 4500 1038 4548; x_wconf 89' lang='lat' dir='ltr'><strong>meas.</strong></span> <span class='ocrx_word' id='word_1_368' title='bbox 1059 4505 1076 4543; x_wconf 93' lang='grc' dir='ltr'><strong>ιι</strong></span> <span class='ocrx_word' id='word_1_369' title='bbox 1095 4477 1273 4575; x_wconf 81' lang='lat' dir='ltr'><strong>Legimus⁸</strong></span> <span class='ocrx_word' id='word_1_370' title='bbox 1291 4493 1326 4550; x_wconf 92' lang='lat' dir='ltr'><strong>et</strong></span> <span class='ocrx_word' id='word_1_371' title='bbox 1341 4480 1539 4550; x_wconf 88' lang='lat' dir='ltr'><strong>Dominum</strong></span> <span class='ocrx_word' id='word_1_372' title='bbox 1557 4479 1674 4577; x_wconf 89' lang='lat' dir='ltr'><strong>ipsum</strong></span> <span class='ocrx_word' id='word_1_373' title='bbox 1693 4492 1827 4550; x_wconf 91' lang='lat' dir='ltr'><strong>tantam</strong></span> 
     </span>
     <span class='ocr_line' id='line_1_34' title="bbox 222 4594 1828 4702; baseline 0.001 -35"><span class='ocrx_word' id='word_1_374' title='bbox 222 4595 350 4667; x_wconf 85' lang='lat' dir='ltr'><strong>beatae</strong></span> <span class='ocrx_word' id='word_1_375' title='bbox 368 4596 542 4666; x_wconf 86' lang='lat' dir='ltr'><strong>meretrici</strong></span> <span class='ocrx_word' id='word_1_376' title='bbox 565 4595 835 4667; x_wconf 77' lang='lat' dir='ltr'><strong>familiaritatem</strong></span> <span class='ocrx_word' id='word_1_377' title='bbox 855 4594 1074 4687; x_wconf 86' lang='lat' dir='ltr'><strong>exhibuisse,</strong></span> <span class='ocrx_word' id='word_1_378' title='bbox 1096 4612 1133 4667; x_wconf 91' lang='lat' dir='ltr'><strong>ut</strong></span> <span class='ocrx_word' id='word_1_379' title='bbox 1144 4598 1206 4695; x_wconf 93' lang='lat' dir='ltr'><strong>qui</strong></span> <span class='ocrx_word' id='word_1_380' title='bbox 1220 4621 1303 4669; x_wconf 91' lang='lat' dir='ltr'><strong>eum</strong></span> <span class='ocrx_word' id='word_1_381' title='bbox 1321 4597 1530 4668; x_wconf 84' lang='lat' dir='ltr'><strong>invitaverat</strong></span> <span class='ocrx_word' id='word_1_382' title='bbox 1547 4595 1757 4702; x_wconf 78' lang='lat' dir='ltr'><strong>pharisaeus,</strong></span> <span class='ocrx_word' id='word_1_383' title='bbox 1779 4596 1828 4668; x_wconf 94' lang='lat' dir='ltr'><strong>ob</strong></span> 
     </span>
     <span class='ocr_line' id='line_1_35' title="bbox 219 4714 1825 4815; baseline 0.002 -29"><span class='ocrx_word' id='word_1_384' title='bbox 219 4717 309 4787; x_wconf 91' lang='lat' dir='ltr'><strong>hoe</strong></span> <span class='ocrx_word' id='word_1_385' title='bbox 326 4715 399 4811; x_wconf 89' lang='lat' dir='ltr'><strong>jam</strong></span> <span class='ocrx_word' id='word_1_386' title='bbox 425 4716 566 4814; x_wconf 91' lang='lat' dir='ltr'><strong>penitus</strong></span> <span class='ocrx_word' id='word_1_387' title='bbox 588 4715 633 4788; x_wconf 90' lang='lat' dir='ltr'><strong>de</strong></span> <span class='ocrx_word' id='word_1_388' title='bbox 651 4716 729 4814; x_wconf 91' lang='lat' dir='ltr'><strong>ipso</strong></span> <span class='ocrx_word' id='word_1_389' title='bbox 748 4714 947 4807; x_wconf 84' lang='lat' dir='ltr'><strong>diffideret,</strong></span> <span class='ocrx_word' id='word_1_390' title='bbox 977 4717 1073 4814; x_wconf 87' lang='lat' dir='ltr'><strong>apud</strong></span> <span class='ocrx_word' id='word_1_391' title='bbox 1101 4742 1138 4788; x_wconf 91' lang='lat' dir='ltr'><strong>se</strong></span> <span class='ocrx_word' id='word_1_392' title='bbox 1166 4717 1288 4789; x_wconf 90' lang='lat' dir='ltr'><strong>dicens</strong></span> <span class='ocrx_word' id='word_1_393' title='bbox 1309 4746 1318 4788; x_wconf 79' lang='grc' dir='ltr'><strong>ι</strong></span> <span class='ocrx_word' id='word_1_394' title='bbox 1348 4748 1366 4786; x_wconf 90' lang='grc' dir='ltr'><strong>ιι</strong></span> <span class='ocrx_word' id='word_1_395' title='bbox 1391 4717 1456 4788; x_wconf 88' lang='lat' dir='ltr'><strong>llic</strong></span> <span class='ocrx_word' id='word_1_396' title='bbox 1472 4716 1502 4788; x_wconf 94' lang='lat' dir='ltr'><strong>si</strong></span> <span class='ocrx_word' id='word_1_397' title='bbox 1517 4731 1609 4789; x_wconf 91' lang='lat' dir='ltr'><strong>esset</strong></span> <span class='ocrx_word' id='word_1_398' title='bbox 1625 4716 1825 4815; x_wconf 87' lang='lat' dir='ltr'><strong>propheta,</strong></span> 
     </span>
     <span class='ocr_line' id='line_1_36' title="bbox 217 4835 1829 4936; baseline 0.001 -27"><span class='ocrx_word' id='word_1_399' title='bbox 217 4837 344 4909; x_wconf 89' lang='lat' dir='ltr'><strong>sciret</strong></span> <span class='ocrx_word' id='word_1_400' title='bbox 361 4837 483 4934; x_wconf 91' lang='lat' dir='ltr'><strong>utique</strong></span> <span class='ocrx_word' id='word_1_401' title='bbox 501 4861 580 4933; x_wconf 72' lang='lat' dir='ltr'><strong>quae</strong></span> <span class='ocrx_word' id='word_1_402' title='bbox 598 4850 634 4907; x_wconf 88' lang='lat' dir='ltr'><strong>et</strong></span> <span class='ocrx_word' id='word_1_403' title='bbox 648 4835 766 4933; x_wconf 89' lang='lat' dir='ltr'><strong>qualis</strong></span> <span class='ocrx_word' id='word_1_404' title='bbox 784 4852 837 4909; x_wconf 89' lang='lat' dir='ltr'><strong>est</strong></span> <span class='ocrx_word' id='word_1_405' title='bbox 851 4861 931 4935; x_wconf 86' lang='lat' dir='ltr'><strong>quae</strong></span> <span class='ocrx_word' id='word_1_406' title='bbox 950 4838 1060 4935; x_wconf 86' lang='lat' dir='ltr'><strong>tangit</strong></span> <span class='ocrx_word' id='word_1_407' title='bbox 1080 4863 1176 4910; x_wconf 91' lang='lat' dir='ltr'><strong>eum.</strong></span> <span class='ocrx_word' id='word_1_408' title='bbox 1195 4867 1214 4908; x_wconf 92' lang='grc' dir='ltr'><strong>ιι</strong></span> <span class='ocrx_word' id='word_1_409' title='bbox 1237 4837 1332 4925; x_wconf 86' lang='lat' dir='ltr'><strong>Quid</strong></span> <span class='ocrx_word' id='word_1_410' title='bbox 1351 4862 1436 4936; x_wconf 84' lang='lat' dir='ltr'><strong>ergo</strong></span> <span class='ocrx_word' id='word_1_411' title='bbox 1455 4837 1609 4922; x_wconf 88' lang='lat' dir='ltr'><strong>mirum,</strong></span> <span class='ocrx_word' id='word_1_412' title='bbox 1633 4839 1662 4910; x_wconf 93' lang='lat' dir='ltr'><strong>si</strong></span> <span class='ocrx_word' id='word_1_413' title='bbox 1681 4864 1747 4936; x_wconf 92' lang='lat' dir='ltr'><strong>pro</strong></span> <span class='ocrx_word' id='word_1_414' title='bbox 1770 4838 1829 4910; x_wconf 89' lang='lat' dir='ltr'><strong>lu-</strong></span> 
     </span>
    </p>
   </div>
   <div class='ocr_carea' id='block_1_3' title="bbox 212 5065 1828 5303">
    <p class='ocr_par' dir='ltr' id='par_1_3' title="bbox 212 5065 1828 5303">
     <span class='ocr_line' id='line_1_37' title="bbox 265 5065 1828 5133; baseline 0.001 -17"><span class='ocrx_word' id='word_1_415' title='bbox 265 5069 275 5094; x_wconf 79' lang='lat'><strong>·</strong></span> <span class='ocrx_word' id='word_1_416' title='bbox 301 5067 380 5130; x_wconf 81' lang='lat' dir='ltr'><strong>Epist.</strong></span> <span class='ocrx_word' id='word_1_417' title='bbox 392 5082 458 5128; x_wconf 86' lang='lat' dir='ltr'><strong>xuv,</strong></span> <span class='ocrx_word' id='word_1_418' title='bbox 471 5068 531 5131; x_wconf 78' lang='lat' dir='ltr'><strong>opp.</strong></span> <span class='ocrx_word' id='word_1_419' title='bbox 545 5076 564 5118; x_wconf 89' lang='lat' dir='ltr'><strong>t.</strong></span> <span class='ocrx_word' id='word_1_420' title='bbox 576 5066 618 5122; x_wconf 78' lang='grc' dir='ltr'><strong>Ν,</strong></span> <span class='ocrx_word' id='word_1_421' title='bbox 632 5067 680 5118; x_wconf 88' lang='lat' dir='ltr'><strong>col.</strong></span> <span class='ocrx_word' id='word_1_422' title='bbox 697 5067 755 5116; x_wconf 69' lang='lat' dir='ltr'><strong>ila.</strong></span> <span class='ocrx_word' id='word_1_423' title='bbox 766 5065 810 5106; x_wconf 88' lang='lat'><strong>-&#39;</strong></span> <span class='ocrx_word' id='word_1_424' title='bbox 820 5066 900 5131; x_wconf 81' lang='lat' dir='ltr'><strong>Epist.</strong></span> <span class='ocrx_word' id='word_1_425' title='bbox 916 5082 1020 5132; x_wconf 77' lang='lat' dir='ltr'><strong>cxxxvi,</strong></span> <span class='ocrx_word' id='word_1_426' title='bbox 1052 5067 1237 5119; x_wconf 78' lang='lat' dir='ltr'><strong>-⁸Searen&#39;nt</strong></span> <span class='ocrx_word' id='word_1_427' title='bbox 1252 5067 1342 5119; x_wconf 86' lang='lat' dir='ltr'><strong>n.-·</strong></span> <span class='ocrx_word' id='word_1_428' title='bbox 1358 5067 1433 5128; x_wconf 83' lang='lat' dir='ltr'><strong>lbid..</strong></span> <span class='ocrx_word' id='word_1_429' title='bbox 1448 5067 1755 5133; x_wconf 60' lang='lat' dir='ltr'><strong>colem-&#39;Stupicerr</strong></span> <span class='ocrx_word' id='word_1_430' title='bbox 1777 5069 1828 5120; x_wconf 86' lang='lat' dir='ltr'><strong>llS.</strong></span> 
     </span>
     <span class='ocr_line' id='line_1_38' title="bbox 212 5149 1500 5218; baseline 0.003 -18"><span class='ocrx_word' id='word_1_431' title='bbox 212 5158 265 5206; x_wconf 73' lang='lat' dir='ltr'><strong>aa</strong></span> <span class='ocrx_word' id='word_1_432' title='bbox 297 5152 473 5210; x_wconf 76' lang='lat' dir='ltr'><strong>Eustochium,</strong></span> <span class='ocrx_word' id='word_1_433' title='bbox 489 5152 550 5215; x_wconf 75' lang='lat' dir='ltr'><strong>opp.</strong></span> <span class='ocrx_word' id='word_1_434' title='bbox 564 5162 581 5203; x_wconf 92' lang='lat' dir='ltr'><strong>t.</strong></span> <span class='ocrx_word' id='word_1_435' title='bbox 595 5151 638 5214; x_wconf 84' lang='lat' dir='ltr'><strong>tv,</strong></span> <span class='ocrx_word' id='word_1_436' title='bbox 650 5151 699 5202; x_wconf 90' lang='lat' dir='ltr'><strong>eol.</strong></span> <span class='ocrx_word' id='word_1_437' title='bbox 712 5154 770 5202; x_wconf 85' lang='grc'><strong>669.</strong></span> <span class='ocrx_word' id='word_1_438' title='bbox 781 5177 815 5192; x_wconf 87' lang='grc'><strong>-</strong></span> <span class='ocrx_word' id='word_1_439' title='bbox 827 5149 837 5178; x_wconf 85' lang='lat'>⁸</span> <span class='ocrx_word' id='word_1_440' title='bbox 850 5151 928 5217; x_wconf 82' lang='lat' dir='ltr'><strong>Epist.</strong></span> <span class='ocrx_word' id='word_1_441' title='bbox 940 5167 1021 5214; x_wconf 83' lang='lat' dir='ltr'><strong>xcvu,</strong></span> <span class='ocrx_word' id='word_1_442' title='bbox 1054 5149 1128 5203; x_wconf 67' lang='lat' dir='ltr'><strong>amb.</strong></span> <span class='ocrx_word' id='word_1_443' title='bbox 1142 5178 1175 5190; x_wconf 90' lang='lat'><em>—</em></span> <span class='ocrx_word' id='word_1_444' title='bbox 1188 5150 1198 5179; x_wconf 82' lang='lat'>⁸</span> <span class='ocrx_word' id='word_1_445' title='bbox 1210 5152 1282 5216; x_wconf 75' lang='lat' dir='ltr'><strong>lue,</strong></span> <span class='ocrx_word' id='word_1_446' title='bbox 1294 5166 1350 5218; x_wconf 88' lang='lat' dir='ltr'><strong>cap.</strong></span> <span class='ocrx_word' id='word_1_447' title='bbox 1361 5169 1409 5213; x_wconf 87' lang='lat' dir='ltr'><strong>vn,</strong></span> <span class='ocrx_word' id='word_1_448' title='bbox 1423 5168 1446 5204; x_wconf 81' lang='lat' dir='ltr'><strong>t.</strong></span> <span class='ocrx_word' id='word_1_449' title='bbox 1460 5153 1500 5204; x_wconf 78' lang='grc'><strong>39.</strong></span> 
     </span>
     <span class='ocr_line' id='line_1_39' title="bbox 215 5235 1019 5303; baseline 0.001 -17"><span class='ocrx_word' id='word_1_450' title='bbox 215 5243 305 5303; x_wconf 82' lang='lat' dir='ltr'><strong>opp.</strong></span> <span class='ocrx_word' id='word_1_451' title='bbox 317 5246 337 5286; x_wconf 94' lang='lat' dir='ltr'><strong>t.</strong></span> <span class='ocrx_word' id='word_1_452' title='bbox 348 5235 390 5296; x_wconf 77' lang='lat' dir='ltr'><strong>tt,</strong></span> <span class='ocrx_word' id='word_1_453' title='bbox 402 5236 450 5286; x_wconf 90' lang='lat' dir='ltr'><strong>eol.</strong></span> <span class='ocrx_word' id='word_1_454' title='bbox 462 5237 553 5286; x_wconf 64' lang='lat' dir='ltr'><strong>idt-</strong></span> <span class='ocrx_word' id='word_1_455' title='bbox 565 5235 660 5302; x_wconf 76' lang='lat' dir='ltr'><strong>‘Epist</strong></span> <span class='ocrx_word' id='word_1_456' title='bbox 671 5237 824 5299; x_wconf 66' lang='lat' dir='ltr'><strong>uruaopp.</strong></span> <span class='ocrx_word' id='word_1_457' title='bbox 836 5248 854 5286; x_wconf 92' lang='lat' dir='ltr'><strong>t.</strong></span> <span class='ocrx_word' id='word_1_458' title='bbox 865 5235 907 5296; x_wconf 76' lang='lat' dir='ltr'><strong>lv,</strong></span> <span class='ocrx_word' id='word_1_459' title='bbox 919 5237 966 5288; x_wconf 86' lang='lat' dir='ltr'><strong>col.</strong></span> <span class='ocrx_word' id='word_1_460' title='bbox 979 5237 1019 5287; x_wconf 76' lang='grc'><strong>65.</strong></span> 
     </span>
    </p>
   </div>
   <div class='ocr_carea' id='block_1_4' title="bbox 0 0 2266 6102">
    <p class='ocr_par' dir='ltr' id='par_1_4' title="bbox 0 0 2266 6102">
     <span class='ocr_line' id='line_1_40' title="bbox 0 0 2266 6102; baseline 0 0"><span class='ocrx_word' id='word_1_461' title='bbox 0 0 2266 6102; x_wconf 95' lang='lat' dir='ltr'><strong> </strong></span> 
     </span>
    </p>
   </div>
  </div>
 </body>
</html>
