4522 6102
905 795 1141 868 EPlSTOLAE.
1752 797 1815 868 444

238 942 381 1014 vineam
400 939 497 1012 illam
521 937 661 1036 Jephte²
683 935 791 1008 liliam
810 937 942 1008 assumi
960 960 1036 1008 non
1056 936 1219 1008 censeat?
1241 940 1350 1027 Quae,
1371 959 1418 1008 ne
1439 936 1514 1008 voti
1532 935 1613 1010 licet
1629 937 1822 1036 improvidi

238 1087 320 1136 reus
339 1075 440 1162 pater
458 1059 662 1147 haberetur,
685 1073 721 1128 et
738 1057 866 1129 dirinae
887 1058 1004 1154 gratie
1023 1055 1238 1128 beneficium
1255 1057 1431 1154 promissa
1448 1056 1670 1130 fraudaretur
1683 1059 1819 1150 hostia,

238 1185 411 1256 victorem
435 1196 571 1280 patrem
595 1181 632 1251 in
651 1179 815 1276 jugulum
841 1179 1028 1278 proprium
1052 1179 1233 1250 animavit.
1255 1179 1351 1266 Quid
1373 1177 1466 1269 haec,
1491 1204 1628 1277 quaes0,
1652 1181 1687 1252 in
1708 1207 1821 1280 agone

237 1321 433 1403 martyrum
452 1304 584 1375 lactura
597 1315 703 1390 esset,
725 1302 754 1372 si
770 1301 860 1373 forte
887 1300 933 1372 ab
953 1298 1155 1372 infidelibus
1174 1300 1339 1398 negando
1363 1305 1479 1372 Deum
1497 1317 1696 1399 apostatare
1715 1327 1820 1402 coge·

237 1427 358 1500 retur?
374 1423 544 1521 Nunquid
555 1425 769 1519 interrogata
778 1422 824 1498 de
831 1422 971 1493 Christo
979 1445 1063 1492 cum
1074 1420 1217 1516 illojam
1229 1422 1475 1519 apostolorum
1483 1423 1645 1521 principe
1654 1424 1817 1499 diceret¹z

235 1578 256 1614 a
272 1551 351 1618 Non
367 1547 452 1616 novi
465 1543 590 1615 illum?
607 1571 624 1610 >r
645 1543 797 1614 Dimissa
810 1567 874 1640 per
888 1541 980 1612 duos
998 1565 1174 1613 mensesa
1191 1557 1292 1640 patre
1309 1541 1437 1632 libera,
1453 1541 1510 1612 his
1528 1543 1714 1642 completis
1729 1548 1822 1620 redit

234 1665 282 1738 ad
294 1680 432 1764 patrem
445 1661 654 1736 occidenda.
670 1665 805 1760 Sponte
816 1663 924 1732 morti
938 1685 976 1732 sc
987 1662 1130 1758 ingerit,
1148 1675 1183 1732 et
1196 1685 1276 1733 eam
1289 1662 1400 1759 magis
1411 1679 1583 1760 provocat
1596 1688 1705 1760 quarn
1723 1691 1822 1740 vere-

232 1800 305 1857 tur.
332 1783 487 1856 Stultum
511 1783 621 1883 patris
641 1781 806 1880 plectitur
827 1795 971 1870 votum,
998 1795 1034 1852 et
1055 1794 1243 1879 paternum
1271 1781 1415 1852 redimit
1442 1782 1650 1854 mandatum
1674 1789 1822 1858 amatrix

233 1904 388 1976 maxima
405 1893 573 1973 veritatis.
600 1904 784 1988 Quantum
806 1899 904 1972 hunc
925 1901 962 1971 in
981 1924 1020 1973 se
1038 1899 1178 2000 lapsum
1200 1899 1426 1991 abhorreret,
1447 1925 1555 1998 quern
1573 1901 1610 1974 in
1628 1919 1729 2001 patre
1747 1929 1821 1980 non

231 2020 401 2095 sustinet!
432 2025 596 2109 Quantus
618 2020 677 2091 hic
703 2034 757 2092 est
780 2019 923 2116 virginis
948 2018 1065 2092 servor
1085 2036 1158 2093 tam
1183 2022 1220 2092 in
1246 2019 1425 2092 carnalem
1449 2045 1558 2118 quam
1581 2023 1617 2092 in
1643 2022 1821 2097 coelestem

232 2141 393 2242 patrem!
416 2146 502 2229 Quae
523 2141 628 2213 simul
645 2155 760 2212 morte
781 2165 847 2212 sua
868 2155 904 2212 et
923 2141 1021 2213 hunc
1038 2166 1058 2212 a
1077 2140 1265 2213 mendacio
1284 2141 1450 2230 liberare,
1476 2157 1511 2212 et
1533 2140 1583 2212 illi
1605 2145 1821 2241 promissum

231 2261 393 2334 decrevit
405 2283 629 2332 conservare.
644 2257 748 2330 Unde
762 2259 890 2331 merito
905 2273 1002 2330 tanta
1014 2258 1090 2331 haec
1105 2258 1271 2358 puellaris
1283 2260 1393 2330 animi
1406 2259 1578 2332 fortitudo
1593 2265 1821 2361 praerogativa

226 2381 388 2479 quadam
397 2378 434 2451 id
445 2379 577 2451 meruit
587 2377 768 2468 obtinere,
780 2393 820 2450 ut
831 2403 896 2477 per
906 2402 1020 2450 annos
1029 2378 1188 2482 singulos
1198 2377 1277 2452 filiae
1284 2378 1391 2451 lsrael
1401 2379 1439 2450 in
1447 2404 1558 2451 unum
1569 2386 1822 2457 convenientes

224 2499 336 2596 quasi
356 2497 572 2596 quibusdam
592 2496 813 2568 solemnibus
832 2496 976 2593 hymnis
995 2496 1135 2568 festivas
1147 2497 1291 2594 virginis
1309 2513 1414 2594 agant
1431 2500 1612 2597 exequias,
1629 2515 1665 2572 et
1681 2501 1727 2574 de
1744 2528 1823 2601 pas·

223 2621 335 2691 sione
350 2617 494 2714 virginis
514 2631 738 2713 compunctae
755 2617 823 2713 piis
840 2615 1042 2714 planctibus
1059 2618 1335 2716 compatiantur.
1361 2622 1407 2690 Ut
1422 2633 1542 2690 autem
1559 2635 1685 2692 caetera
1701 2623 1823 2697 omnia

222 2737 559 2837 praetermittamus,
584 2735 670 2832 quid
701 2751 773 2808 tam
799 2738 1039 2808 necessarium
1068 2751 1199 2808 nostrae
1222 2736 1480 2835 redemptioni,
1500 2754 1545 2833 et
1566 2741 1673 2812 totius
1694 2743 1821 2816 mundi

219 2856 335 2928 saluti
349 2856 470 2945 fuerit,
494 2880 603 2952 quam
623 2879 727 2926 sexus
745 2855 937 2944 semineus,
958 2856 1021 2952 qui
1038 2855 1143 2927 nobis
1158 2857 1276 2955 ipsum
1292 2859 1430 2955 peperit
1450 2857 1692 2932 Salvatoreml
1713 2865 1822 2958 Cujus
1857 2873 1859 2880 ’

217 2976 378 3074 quidem
401 2975 550 3047 honoris
575 2974 855 3072 singularitatem
877 2975 1005 3046 mulier
1026 2975 1105 3066 illa,
1130 2999 1209 3072 quae
1229 2976 1344 3072 prima
1370 2976 1568 3074 irrumpere
1590 3003 1674 3050 ausa
1697 2996 1750 3052 est
1773 2985 1820 3056 ad

215 3096 375 3167 beatum
393 3093 640 3185 Hilariomm',
672 3091 719 3163 illi
743 3091 933 3164 admiranti
957 3093 1186 3192 opponebat,
1211 3092 1355 3165 dicens:
1372 3123 1391 3162 u
1405 3095 1500 3182 Quid
1523 3099 1651 3167 avertis
1673 3100 1819 3173 oculos?

212 3214 325 3303 Quid
337 3228 525 3310 rogantem
540 3212 652 3310 iugis?
667 3211 746 3284 Noli
761 3237 819 3283 me
833 3211 1019 3284 mulierem
1034 3214 1210 3313 aspicere,
1225 3211 1288 3284 sed
1304 3213 1480 3284 miseram.
1498 3215 1563 3285 Hic
1579 3239 1683 3288 sexus
1696 3223 1818 3316 genuit

212 3334 463 3406 salvatorem.
475 3362 493 3400 u
511 3337 598 3419 Quae
609 3331 721 3429 gloria
731 3331 816 3402 huic
829 3334 961 3429 poterit
979 3333 1196 3430 comparari,
1215 3357 1324 3430 quam
1336 3333 1374 3404 in
1384 3333 1530 3405 Domini
1544 3349 1655 3407 matre
1667 3336 1818 3438 adeptus

207 3471 269 3526 est
283 3477 400 3524 sexus
418 3451 503 3523 iste?
523 3456 646 3522 Posset
659 3452 782 3547 utique
796 3451 825 3521 si
840 3450 945 3522 vellet
959 3451 1177 3548 Redemptor
1189 3467 1311 3524 noster
1323 3451 1369 3524 de
1386 3453 1461 3524 viro
1476 3477 1607 3552 corpus
1618 3479 1814 3550 assumere,

203 3575 313 3646 sicut
334 3573 490 3669 primam
509 3570 676 3642 feminam
690 3569 736 3641 de
750 3593 903 3667 corpore
922 3569 987 3640 viri
1001 3569 1114 3642 voluit
1126 3569 1306 3641 sormarel.
1328 3570 1399 3642 Sed
1412 3570 1506 3642 hanc
1523 3597 1594 3644 suae
1610 3574 1817 3650 humilitatis

202 3691 441 3790 singularem
460 3691 607 3788 gratiam
630 3689 676 3761 ad
695 3687 900 3761 infirmioris
918 3714 1021 3761 sexus
1040 3690 1219 3762 transtulit
1235 3689 1425 3761 honorem.
1449 3695 1572 3763 Posset
1585 3708 1619 3764 et
1632 3693 1700 3766 alia
1717 3713 1819 3793 parte

201 3810 413 3883 muliebris
422 3814 433 3848 ⁸
443 3809 604 3909 corporis
616 3809 778 3906 digniore
792 3810 890 3880 nasci
904 3833 1011 3905 quam
1024 3808 1140 3880 caeteri
1151 3807 1336 3900 homines,
1349 3808 1473 3882 eadem
1486 3834 1558 3907 qua
1568 3813 1819 3912 concipiuntur

199 3930 395 4004 vilissima
405 3931 571 4029 portione
582 3943 778 4001 nascentes.
792 3927 862 3999 Sed
874 3926 920 3999 ad
930 3926 1247 4025 incomparabilem
1259 3925 1464 4000 infirmioris
1473 3933 1633 4029 corporis
1643 3933 1819 4006 honorem

195 4053 324 4150 longe
351 4049 506 4148 amplius
526 4065 608 4120 ortu
626 4072 692 4120 suo
713 4047 933 4120 consecravit
955 4047 1031 4142 ejus
1050 4045 1201 4142 genitale
1220 4071 1329 4142 quam
1348 4048 1414 4118 viri
1433 4047 1562 4120 fecerat
1577 4075 1619 4121 ex
1633 4053 1819 4126 circumci-

187 4175 329 4244 sione.
368 4175 481 4265 atque
506 4185 542 4239 ut
567 4167 664 4238 hunc
689 4165 903 4262 singularem
926 4165 1104 4262 virginum
1132 4187 1230 4234 nuuc
1257 4165 1420 4235 omittam
1440 4165 1638 4259 honorem,
1662 4172 1748 4244 libet
1774 4174 1821 4247 ad

188 4307 369 4364 caeteras
388 4291 549 4386 qnoque⁸
572 4287 721 4358 feminas
738 4288 828 4358 sicut
847 4284 1103 4384 proposuimus
1130 4281 1249 4354 stilum
1275 4299 1496 4357 convertere.
1523 4289 1674 4362 Attende
1699 4293 1819 4391 itaque

184 4427 399 4508 quantam
414 4409 531 4480 statim
545 4408 693 4503 gratiam
706 4406 880 4477 adventus
893 4404 1022 4477 Christi
1040 4403 1220 4476 Elisabeth
1237 4403 1452 4502 conjugatae,
1474 4423 1645 4504 quantam
1660 4413 1819 4487 exhibuit

180 4537 315 4604 rinnae
334 4527 476 4601 viduae.
491 4529 617 4599 Virum
631 4525 808 4598 Elisabeth
824 4525 1045 4598 Zachariam⁷
1059 4549 1228 4622 magnum
1243 4525 1390 4595 Domini
1404 4527 1640 4599 sacerdotem⁸
1656 4532 1819 4605 incredu-

176 4651 306 4724 litatis
339 4645 553 4721 dillidentia
570 4660 710 4716 mutum
729 4645 848 4717 adhuc
867 4641 1030 4734 tenebat,
1052 4642 1140 4715 dum
1161 4645 1199 4714 in
1222 4641 1377 4714 adventu
1397 4658 1433 4715 et
1451 4631 1662 4720 salutatione
1681 4653 1815 4742 Mariae,

174 4775 263 4872 ipsa
279 4794 399 4843 mox
413 4765 612 4856 Elisabeth,
632 4766 764 4866 Spiritu
779 4779 903 4836 sancto
920 4764 1075 4863 repleta,
1093 4779 1128 4836 et
1141 4763 1358 4836 exultantem
1373 4765 1411 4835 in
1429 4780 1531 4837 utero
1545 4789 1611 4838 suo
1629 4770 1818 4867 parvulum

169 4893 336 4980 sensit,
382 4902 423 4958 et
440 4885 667 4984 prophetiam
681 4885 756 4980 jam
775 4883 822 4955 de
840 4885 918 4982 ipso
937 4883 1117 4982 completo
1137 4882 1255 4954 Mariae
1276 4899 1453 4982 conceptu
1474 4884 1591 4982 prima
1614 4889 1815 4985 proferens,

168 5013 430 5112 plusquam
449 5004 625 5104 propheta
644 5005 768 5076 extitit.
792 5004 1156 5101 Praesentemquippe
1173 5001 1266 5073 illico
1286 5003 1430 5100 virginis
1445 5021 1662 5105 conceptum
1679 5013 1819 5084 nuntia-

200 5239 211 5266 '
225 5241 356 5296 lxdie„
376 5247 445 5298 ΜΡ·
458 5248 484 5281 ¹¹
495 5267 501 5290 ‚
512 5245 535 5280 t·
547 5231 587 5281 39.
598 5253 631 5268 ·-
641 5228 653 5255 ⁸
663 5228 734 5290 Luc,
747 5245 801 5296 cap.
814 5244 880 5292 xxu,
892 5245 917 5280 v.
929 5230 1004 5280 ile·
1042 5231 1139 5292 Quoque
1161 5226 1231 5279 deest
1249 5227 1275 5278 in
1292 5227 1356 5280 Edd.
1365 5227 1416 5270 -'
1427 5228 1498 5294 tue,
1515 5247 1570 5298 etp·
1588 5248 1610 5296 Ι.
1627 5249 1650 5286 t.
1668 5235 1684 5284 5
1699 5244 1771 5302 εἰη·
1783 5261 1815 5274 ··

164 5329 242 5378 'Vita
252 5321 491 5381 Hilarionitap.
498 5315 609 5376 Hieron„
618 5314 680 5377 opp.
689 5324 705 5364 t.
714 5313 755 5374 tv,
762 5314 809 5364 col.
820 5313 1007 5372 lile‘Genest,
1040 5311 1051 5340 ⁸
1062 5314 1194 5365 lectrum
1204 5313 1300 5366 Domini
1307 5315 1444 5376 portatum
1454 5313 1524 5367 Rus,

162 5425 226 5479 cup.
243 5423 278 5476 ι,
299 5425 332 5460 v.
362 5403 424 5453 22.
440 5398 545 5450 ·-¹Slc
562 5398 737 5448 balatten'a
758 5395 1008 5448 Edi-'stalt-
