4522 6104
756 484 987 559 EXPOSl'l'lO
1013 490 1057 562 ΙΝ
1082 486 1374 560 fltxtttattort
1781 482 1852 556 657

277 614 405 692 divinae
419 623 539 719 gratiae
551 638 688 722 spectat
703 640 875 723 tanquam
889 630 1076 728 proprium
1092 629 1273 703 tribuitur.
1290 631 1408 698 Homo
1425 626 1558 723 itaque,
1577 638 1617 695 ut
1631 624 1769 698 dictum
1785 641 1851 722 est,

276 740 473 812 secundum
498 743 625 814 animae
648 743 858 840 dignitatem
883 747 929 818 ad
954 748 1222 820 similitudinem
1249 745 1464 842 singularem
1487 728 1720 842 persoiiarum
1741 743 1854 814 sactus

276 871 348 946 est,
365 884 476 954 quum
487 885 552 957 per
567 863 765 959 potentiam
782 878 818 934 et
834 865 1044 961 sapientiam
1061 883 1096 938 et
1112 890 1273 937 amorem
1286 864 1419 936 caeteris
1434 863 1597 960 praelatus
1613 857 1855 933 animantibus

276 977 353 1046 Deo
369 977 517 1048 similior
534 979 646 1050 lactus
660 981 717 1051 sit.
737 985 789 1051 Eo
802 982 935 1079 quippe
951 985 1072 1056 anima
1087 983 1245 1056 humana
1257 1006 1321 1080 per
1336 982 1489 1079 propriae
1506 994 1639 1052 naturae
1655 980 1855 1076 potentiam
1967 1041 1976 1057 ‚

275 1095 408 1165 caeteris
420 1096 588 1168 omnibus
599 1097 750 1169 validior
761 1113 832 1188 est,
847 1099 948 1196 quod
961 1101 1038 1171 sola
1049 1101 1259 1172 immortalis
1272 1115 1307 1171 et
1319 1099 1478 1170 desectus
1495 1099 1617 1192 ignara
1629 1111 1681 1167 est
1692 1096 1851 1167 condita.

275 1211 358 1282 Sola
375 1238 519 1310 quoque
533 1237 644 1311 capax
660 1231 713 1286 est
724 1216 871 1288 rationis
885 1233 921 1288 et
935 1220 1117 1317 sapientiae
1130 1233 1165 1290 et
1177 1219 1288 1290 divini
1303 1219 1434 1290 amoris
1450 1217 1639 1313 particeps.
1657 1219 1743 1300 Quae
1757 1215 1854 1284 enim

275 1333 392 1400 Deum
407 1355 662 1426 recognoscere
677 1357 744 1430 pro
758 1335 897 1406 ratione
913 1351 1115 1433 nequeunt,
1134 1360 1363 1433 nequaquam
1375 1361 1458 1406 eum
1472 1335 1617 1430 diligere
1632 1347 1793 1430 possunt.
1811 1337 1855 1402 Et

276 1448 350 1520 haec
365 1449 513 1547 quidem
528 1451 595 1524 tria
611 1465 685 1522 tam
702 1453 780 1524 viro
797 1478 906 1551 quam
925 1456 1062 1527 leminae
1078 1456 1285 1527 communia
1301 1470 1401 1545 sunt,
1421 1455 1517 1526 unde
1534 1454 1674 1550 utrique
1690 1451 1737 1524 ad
1760 1453 1854 1522 simi-

274 1566 463 1639 litudinem
472 1569 537 1640 Dei
550 1568 632 1640 lacti
643 1571 888 1644 memorantur
900 1599 1012 1670 quum
1026 1576 1062 1646 in
1075 1574 1306 1672 sequentihus
1317 1573 1468 1645 dicitur:
1486 1601 1502 1640 α
1517 1577 1556 1642 ln
1570 1567 1627 1642 die
1640 1595 1710 1667 qua
1722 1572 1856 1641 creavit

275 1689 370 1758 Deus
383 1686 587 1778 hominem,
606 1688 653 1760 ad
670 1691 939 1764 similitudinem
954 1694 1019 1764 Dei
1037 1693 1120 1765 lecit
1135 1694 1253 1778 illum,
1272 1692 1471 1764 masculum
1487 1705 1523 1762 et
1540 1690 1709 1761 sentinam
1722 1689 1854 1758 creavit

276 1831 350 1892 eos.
365 1836 383 1874 n
403 1813 525 1896 Quum
547 1809 667 1906 itaque
692 1811 800 1882 ambo
821 1812 921 1908 juxta
946 1813 1115 1912 praedicta
1139 1814 1408 1885 similitudinem
1430 1835 1511 1882 cum
1538 1809 1667 1880 divinis
1692 1809 1854 1907 personis

274 1927 451 2016 habeant,
471 1929 525 2000 vir
541 1943 659 2000 tamen
678 1956 751 2027 quo
772 1933 946 2029 majorem
969 1958 1052 2005 cum
1074 1934 1122 2005 eis
1146 1932 1416 2004 similitudinem
1435 1945 1550 2019 tenet,
1569 1955 1644 2000 non
1666 1929 1783 2020 solum
1809 1926 1855 1999 ad

274 2044 559 2136 similitudinem,
578 2051 824 2122 verumetiam
840 2051 887 2123 ad
903 2053 1094 2149 imaginem
1111 2053 1223 2124 creari
1234 2052 1376 2123 dicitur.
1392 2056 1439 2122 Ut
1452 2051 1548 2121 enim
1559 2075 1600 2120 ex
1613 2055 1713 2120 Patre
1722 2062 1855 2119 caeterae

275 2189 436 2262 personae
451 2164 588 2236 habent
602 2191 695 2256 esse,
716 2169 766 2240 ita
785 2171 822 2240 in
845 2169 1002 2242 humana
1023 2171 1204 2241 creatione
1225 2169 1356 2240 semina
1378 2193 1418 2238 ex
1439 2170 1516 2238 viro
1538 2181 1655 2237 creata
1677 2191 1753 2237 esse
1770 2165 1855 2236 inde

274 2282 418 2372 habuit,
437 2308 512 2355 non
528 2285 584 2355 vir
599 2309 642 2355 ex
660 2285 805 2360 semina.
826 2292 893 2359 Per
908 2289 1118 2387 sapientiam
1135 2310 1280 2386 quoque
1300 2288 1374 2357 sive
1390 2287 1567 2357 rationem
1583 2287 1701 2355 virum
1717 2285 1856 2355 feminac

275 2403 538 2501 praeminuisse
561 2428 668 2502 supra
689 2404 899 2496 docuimus,
918 2421 954 2478 et
976 2409 1013 2479 in
1038 2405 1110 2479 hoc
1131 2431 1214 2478 eum
1236 2407 1491 2504 sapientiorem
1511 2420 1692 2492 constare,
1713 2403 1812 2501 quod
1836 2429 1857 2475 a

274 2537 439 2621 serpente
459 2523 582 2596 seduci
602 2547 677 2594 non
698 2526 828 2622 potuit.
855 2531 883 2596 Α
903 2551 976 2622 quo
997 2528 1105 2598 etiam
1130 2530 1246 2597 Deum
1269 2527 1381 2620 magis
1401 2525 1500 2620 diligi
1520 2548 1593 2593 non
1618 2523 1858 2593 dubitandum

275 2656 344 2730 est,
363 2642 427 2739 qui
442 2665 671 2739 nequaquam
686 2666 770 2713 eum
787 2642 855 2715 sibi
872 2643 1049 2730 invidere,
1068 2643 1125 2714 vel
1142 2643 1267 2714 dolose
1278 2642 1477 2740 quidquam
1492 2641 1622 2728 dicere,
1637 2641 1693 2710 vel
1707 2642 1743 2709 in
1758 2665 1857 2711 men·

275 2760 418 2833 dacium
438 2783 695 2858 prorumpere,
714 2759 861 2832 credere
881 2763 1016 2860 potuit,
1040 2763 1131 2833 sicut
1153 2762 1280 2832 mulier
1301 2761 1447 2833 seducta
1468 2759 1561 2829 lecit.
1586 2764 1636 2827 Ex
1657 2758 1712 2827 his
1736 2759 1856 2855 itaque

274 2876 386 2976 liquet
400 2880 519 2950 virum
534 2878 633 2950 illum
650 2880 768 2978 primo
780 2880 969 2952 conditum
985 2905 1060 2952 non
1074 2879 1192 2951 solum
1204 2879 1490 2965 similitudinem,
1507 2901 1632 2946 verum
1649 2877 1755 2946 etiam
1773 2877 1857 2948 ima·

275 2998 394 3094 ginem
417 2996 621 3068 divinarum
638 3023 875 3096 personarum
899 3023 940 3070 ex
961 3000 1119 3101 ipsarum
1136 2998 1390 3095 cooperatione
1413 2997 1450 3066 in
1471 3019 1536 3066 sua
1557 2997 1738 3066 creatione
1754 3019 1855 3067 acce-

274 3117 385 3214 pisse,
403 3115 503 3213 quod
517 3115 666 3186 similior
680 3115 747 3192 illis
764 3117 888 3195 inistis
904 3116 1071 3187 conditus
1087 3117 1145 3187 sit.
1163 3115 1267 3188 Unde
1283 3130 1379 3186 recte
1396 3114 1442 3184 de
1457 3116 1536 3184 viro
1552 3113 1688 3185 dictum
1705 3129 1758 3186 est
1772 3144 1790 3182 a
1809 3115 1855 3186 ad

274 3235 465 3331 imaginem
480 3249 659 3324 nostram,
675 3263 693 3301 n
708 3235 779 3309 hoc
794 3249 848 3306 est
863 3233 910 3309 ad
926 3236 1183 3333 expressiorem
1199 3232 1471 3306 similitudinem
1484 3261 1493 3320 ;
1512 3247 1547 3315 et
1564 3233 1609 3303 dc
1627 3233 1756 3304 semina
1773 3233 1856 3304 sub-

270 3354 435 3448 junctum
452 3368 505 3428 est
519 3367 677 3442 tantum,
694 3382 712 3422 u
727 3353 774 3424 ad
790 3351 1072 3428 similitudinem.
1090 3383 1108 3422 n

324 3501 342 3542 α
364 3478 407 3544 Et
432 3474 551 3569 praesit
573 3472 777 3571 piscibus.»
796 3476 875 3545 Non
903 3473 1050 3569 quidem
1074 3473 1262 3545 hominem
1285 3451 1426 3546 homini
1453 3473 1629 3571 praeponit
1653 3477 1764 3562 Deus,
1792 3473 1856 3544 sed

274 3589 537 3666 insensibilibus
553 3605 695 3666 tantum
711 3591 768 3662 vel
783 3591 1087 3663 irrationabilibus
1104 3593 1292 3681 creaturis,
1308 3607 1347 3662 ut
1364 3616 1423 3664 cas
1439 3592 1572 3663 scilicet
1588 3591 1624 3661 in
1643 3605 1855 3687 potestatem

275 3713 441 3809 accipiat,
461 3726 497 3782 et
512 3711 562 3780 ais
578 3711 784 3782 dominetur
800 3735 879 3806 quae
890 3713 1029 3782 ratione
1041 3726 1166 3782 carent
1178 3726 1214 3781 et
1224 3735 1349 3797 sensu,
1366 3713 1457 3781 sicut
1470 3710 1704 3806 postmodum
1720 3712 1767 3781 ait
1780 3711 1854 3785 ibi:

277 3858 295 3898 a
315 3835 359 3902 Et
374 3828 611 3901 dominamini
622 3828 778 3926 piscibus
790 3829 914 3916 maris,
929 3842 997 3904 etc.
1017 3855 1034 3894 r>
1048 3831 1205 3900 Potestas
1217 3843 1279 3899 aut
1290 3827 1539 3899 dominiumin
1557 3828 1613 3898 his
1629 3829 1712 3899 ideo
1726 3831 1855 3904 collata

274 3947 414 4019 homini
430 3947 617 4036 dicuntur,
645 3947 745 4044 quod
761 3947 862 4043 juxta
881 3946 956 4042 ejus
977 3944 1163 4016 arbitrium
1184 3945 1260 4016 haec
1282 3946 1404 4016 omnia
1420 3946 1717 4044 disponerentur,
1737 3963 1772 4018 et
1788 3973 1855 4043 pro

275 4066 458 4138 voluntate
474 4090 537 4138 sua
554 4067 605 4138 eis
622 4067 764 4164 penitus
781 4080 984 4154 uterentur,
1008 4063 1169 4162 quandiu
1190 4066 1264 4162 ipse
1286 4064 1463 4136 voluntati
1482 4065 1537 4134 sui
1553 4064 1750 4136 conditoris
1769 4067 1855 4138 sub·

270 4189 386 4282 jectus
402 4201 506 4258 esset.
526 4191 565 4258 ln
583 4212 675 4284 quos
692 4203 812 4259 tamen
829 4211 914 4258 usus
927 4185 1003 4257 lraec
1020 4185 1142 4257 omnia
1157 4200 1245 4256 tunc
1260 4183 1426 4274 haberet,
1444 4207 1518 4255 non
1536 4183 1637 4255 sacile
1654 4199 1706 4255 est
1724 4185 1770 4256 de
1781 4188 1854 4256 sin-

275 4305 365 4403 gulis
385 4305 577 4396 disserere,
596 4308 625 4378 si
641 4331 783 4406 semper
798 4308 835 4377 in
857 4304 1023 4405 paradiso
1040 4306 1262 4402 persisteret,
1288 4319 1459 4401 tanquam
1483 4304 1529 4374 ad
1551 4327 1697 4374 manum
1718 4302 1855 4376 habens

276 4427 399 4499 omnia
423 4426 638 4515 necessaria,
666 4441 702 4497 et
725 4424 961 4517 sufficientem
981 4424 1049 4496 sibi
1070 4424 1115 4495 de
1140 4423 1312 4495 fructibus
1335 4423 1506 4496 arborum
1533 4424 1590 4492 vel
1611 4421 1730 4494 herbis
1755 4448 1855 4495 esum

275 4567 485 4631 concessum
503 4570 510 4613 :
525 4543 720 4640 praesertim
731 4567 845 4641 quum
856 4567 924 4614 nec
937 4541 983 4615 ad
998 4567 1081 4614 eum
1093 4543 1294 4639 pertingere
1308 4542 1629 4639 possentuniversa
1644 4542 1852 4614 animantia.

276 4665 323 4734 Ut
346 4663 444 4740 enim
469 4661 515 4732 de
538 4661 660 4746 bestiis
686 4677 720 4748 et
746 4661 871 4746 avibus
892 4663 1223 4770 praetermittamus,
1246 4662 1325 4757 quis
1350 4676 1427 4732 cete
1452 4660 1600 4755 grandia
1621 4659 1675 4728 vel
1698 4661 1856 4731 marinos

276 4781 389 4879 pisces
405 4781 488 4853 illuc
503 4806 609 4880 posse
628 4782 837 4882 pervenire,
855 4781 912 4856 vel
934 4782 1043 4852 etiam
1058 4782 1179 4852 vivere
1199 4780 1413 4860 arbitretur?
1429 4779 1541 4866 Quale
1562 4779 1716 4875 denique
1733 4779 1857 4852 domi-

276 4901 377 4972 nium
403 4927 510 5000 super
530 4900 605 4974 haec
622 4927 785 4984 exercere
804 4915 926 5010 posset
950 4925 1029 4998 quae
1051 4925 1237 4999 nunquam
1254 4900 1409 4988 videret,
1436 4924 1503 4970 nec
1523 4899 1630 4970 etiarn
1654 4898 1714 4969 ubi
1739 4915 1857 4970 essent

274 5020 401 5110 sciret,
429 5045 498 5106 nec
525 5021 682 5104 fortassis
712 5022 741 5094 si
768 5035 885 5094 essent
912 5021 1168 5115 cognosceret?
1194 5019 1398 5108 Quomodo¹
1420 5021 1564 5116 insuper
1592 5019 1785 5106 universae,
1817 5033 1857 5089 ut

413 5156 426 5205 1
1687 5137 1725 5197 83
