4522 6104
738 539 970 612 exroett'to
996 535 1040 612 ἸΝ
1064 529 1358 612 fltxantuon.
1768 531 1839 608 653

263 714 281 754 u
300 691 356 760 Da
371 686 459 760 mihi
475 657 629 771 animas,
645 697 772 756 cetera
787 681 873 754 tolle
889 681 966 754 tibi.
990 708 1008 750 u
1026 682 1071 755 Et
1086 685 1279 754 rursum¹.
1271 709 1280 728 ·
1302 710 1321 748 «
1339 679 1534 752 Descendit
1550 679 1661 756 Jacob
1682 679 1719 752 in
1736 686 1840 778 AEgy·
1949 679 1953 688 '

260 821 362 902 ptum
378 807 414 877 in
433 801 619 877 animabus
635 802 869 899 septuaginta.
890 827 908 867 n

312 953 330 988 ιι
349 923 548 994 viventem.
567 947 584 987 n
596 917 773 992 Subaudis
788 943 831 990 ex
846 941 884 990 se
901 942 976 1008 non
990 943 1033 989 ex
1049 933 1162 1009 terra,
1175 919 1266 990 sicut
1277 918 1406 1016 plantae
1418 868 1529 990 affiiee
1541 916 1710 989 radicitus
1723 932 1836 990 terrae.

310 1048 462 1139 «Atque
485 1039 706 1114 motabilem.
727 1038 819 1110 »nd
843 1037 1082 1110 differentiam
1107 1039 1240 1111 scilicet
1264 1054 1473 1110 caeterorum
1502 1037 1731 1128 animalium,
1762 1063 1840 1136 quae

260 1175 353 1232 terra
370 1159 602 1258 postmodum
624 1155 810 1255 produxit,
827 1181 913 1254 ¹quae
937 1157 1077 1252 gravius
1097 1171 1150 1227 est
1172 1156 1389 1228 elementum
1411 1181 1521 1253 quam
1546 1179 1650 1252 aqua.
1680 1154 1784 1226 Unde
1806 1171 1840 1228 et

259 1281 325 1351 ista
345 1303 387 1350 ex
411 1279 512 1378 aquis
533 1275 709 1376 producta
733 1275 939 1347 naturaliter
964 1275 1154 1348 mobiliora
1174 1290 1211 1348 et
1233 1275 1380 1371 agiliora
1405 1291 1509 1364 sunt,
1529 1295 1641 1372 quum
1658 1299 1700 1346 ex
1716 1275 1840 1348 leviori

257 1398 391 1470 scilicet
406 1397 584 1472 elemento
600 1396 808 1474 consistant.
829 1400 885 1466 Et,
898 1394 1043 1466 attende
1059 1394 1147 1491 quid
1167 1395 1329 1493 superius
1356 1393 1484 1464 dixerit
1504 1393 1549 1464 de
1570 1393 1717 1491 plantis,
1740 1394 1840 1492 quod

258 1534 352 1593 terra
368 1543 427 1590 eas
438 1519 651 1613 germinavit
665 1541 708 1588 ac
724 1514 885 1614 protulit.
908 1519 962 1586 De
977 1514 1191 1588 animalibus
1206 1539 1293 1586 vero
1310 1513 1441 1586 dicitur
1454 1528 1613 1603 tantum,
1632 1514 1731 1611 quod
1748 1537 1840 1611 aqua

258 1639 314 1710 vel
330 1653 424 1710 terra
436 1663 477 1710 ea
493 1637 718 1735 produxerit,
737 1659 812 1708 uon
829 1635 929 1733 quod
945 1635 1213 1732 germinaverit3
1227 1650 1267 1706 ut
1282 1634 1447 1708 videlicet
1458 1636 1645 1725 innueret,
1664 1637 1747 1732 quia
1764 1621 1838 1707 non

257 1771 358 1830 terrae
374 1757 545 1830 radicitus
560 1756 664 1830 allisa
680 1737 942 1853 vegetationem
957 1755 1042 1848 iude
1057 1757 1238 1854 accipiunt
1253 1757 1344 1828 sicut
1359 1756 1501 1853 plantae.

308 1909 326 1948 ιι
345 1882 462 1964 Quam
478 1879 722 1976 produxerant
741 1901 842 1975 aquae
863 1878 900 1948 in
919 1878 1054 1975 species
1076 1895 1170 1950 suas.
1193 1907 1211 1945 u
1234 1871 1482 1949 Sic'construe
1506 1897 1514 1946 ε
1534 1876 1667 1947 creavit
1693 1897 1839 1948 omnem
1889 1869 1893 1876 ’

256 2000 412 2072 animam
419 2049 433 2088 ,1
445 1999 518 2072 hoc
528 2013 582 2072 est
594 2023 704 2074 omne
720 1999 919 2073 animatum
932 1997 1002 2070 tale
1014 1999 1051 2070 in
1065 1999 1223 2097 species:
1239 1993 1324 2072 acsi
1332 1998 1486 2086 diceret,
1501 2021 1661 2088 omnem,
1676 1998 1837 2095 inquam,

215 2169 221 2180 -
256 2117 455 2190 secundum
481 2119 655 2215 speciem,
684 2142 759 2189 non
784 2116 984 2190 secundum
1009 2140 1212 2192 numerum.
1246 2118 1388 2215 Quippe
1411 2139 1486 2188 non
1510 2118 1633 2189 omnia
1655 2115 1841 2187 individua

256 2235 384 2310 harum
406 2237 622 2336 specierum,
642 2236 706 2308 sed
729 2236 875 2334 singule
895 2237 1032 2336 species
1055 2251 1131 2308 tam
1156 2237 1276 2310 avium
1299 2227 1408 2333 quam
1433 2237 1585 2334 piscium
1606 2251 1692 2307 tunc
1715 2251 1840 2308 creatae

254 2371 351 2430 sunt.
372 2357 475 2430 Unde
491 2357 580 2428 etin
597 2355 830 2454 sequentibus
845 2379 928 2430 cum
946 2355 1035 2428 dicit
1056 2359 1172 2430 Deum
1189 2357 1405 2454 requievisse
1428 2354 1474 2427 ab
1499 2357 1600 2427 omni
1623 2379 1731 2454 opere
1752 2381 1837 2446 suc,

256 2499 329 2546 non
356 2475 402 2546 de
427 2474 633 2570 individuis¹
647 2476 847 2573 speciemm
873 2473 1153 2573 multiplicandis
1178 2490 1232 2546 est
1256 2473 1610 2573 accipiendum,-sed
1635 2473 1681 2546 de
1704 2474 1840 2545 naturis

253 2594 454 2690 specierum
474 2594 549 2689 jam
571 2595 775 2691 praeparatis
796 2593 842 2664 ad
864 2593 1031 2690 quelibet
1051 2592 1285 2690 postmodum
1311 2593 1396 2664 inde
1417 2593 1654 2689 procreanda.
1681 2613 1702 2660 ιι
1723 2596 1839 2678 Quam

254 2711 510 2807 produxerant.
532 2740 550 2780 a
570 2712 611 2784 ld
627 2728 681 2785 est
695 2711 868 2810 adquam
885 2711 1159 2811 producendam
1166 2713 1242 2809 jam
1256 2735 1357 2809 aquae
1374 2711 1515 2784 fuerant
1525 2725 1750 2810 preparatae3
1765 2714 1839 2782 sive

253 2833 395 2921 dulces,
414 2848 455 2904 ut
469 2831 638 2920 flumina3
657 2834 732 2906 sive
747 2831 1101 2922 salsae,·utmarinae2
1658 2821 1661 2828 ⁴

306 2979 324 3020 ιι
344 2958 389 3024 Et
404 2951 505 3026 vidit.
524 2981 544 3022 ιι
564 2956 657 3026 Nota
671 2953 710 3024 in
726 2951 901 3050 operibus
910 2952 1016 3049 hujus
1032 2953 1104 3024 diei
1122 2975 1350 3050 nequaquam
1366 2953 1406 3022 in
1421 2951 1633 3050 repetitione
1649 2953 1838 3022 creationis

253 3072 414 3168 ipsorum
434 3071 506 3144 dici
524 3098 532 3142 ε
555 3099 573 3140 ιι
593 3075 638 3144 Et
659 3071 794 3144 lactum
808 3087 862 3166 est
876 3072 947 3162 ita,
972 3101 989 3138 n
1011 3073 1112 3144 sicut
1121 3073 1284 3171 superius
1307 3065 1344 3142 in
1369 3071 1531 3142 secundo
1545 3069 1618 3141 die.
1638 3069 1704 3140 vet
1726 3094 1839 3167 quum

253 3190 499 3286 praemisisset:
521 3217 539 3258 ιι
560 3194 604 3261 tt
620 3190 703 3262 iecit
719 3190 999 3279 firmamentum,
1018 3205 1104 3281 etc,
1125 3220 1143 3258 n
1161 3189 1397 3288 postmodum
1408 3183 1569 3286 adjunxit
1584 3213 1593 3259 t
1611 3215 1629 3255 a
1644 3193 1690 3259 Et
1705 3188 1838 3260 iactum

252 3324 306 3382 est
330 3311 396 3398 ita,
417 3336 435 3378 n
454 3317 627 3408 tanquam
651 3335 717 3407 per
737 3310 809 3382 hoc
830 3312 990 3385 intumus
1012 3309 1110 3382 illam
1134 3331 1308 3408 aquarum
1340 3305 1566 3417 divisionem¹
1579 3309 1627 3379 ita
1654 3309 1691 3379 in
1716 3332 1839 3406 perpe·
1951 3355 1958 3364 ,

253 3442 355 3500 tuum
384 3453 669 3526 permansuram.
695 3430 757 3500 ·Sic'
782 3431 880 3502 etin
908 3432 1093 3504 creatione
1118 3429 1277 3502 hominis
1306 3442 1498 3528 postquam
1525 3428 1636 3518 dixit:
1661 3455 1678 3495 n
1699 3429 1840 3500 Creavit

251 3551 347 3620 Deus
367 3547 574 3638 hominem,
601 3564 686 3638 etot,
705 3577 724 3615 n
750 3548 959 3646 subjtmxit:
982 3579 1000 3618 ιι
1021 3555 1064 3621 Et
1082 3549 1286 3622 factumest
1309 3551 1372 3623 ita.
1387 3577 1405 3618 n
1424 3554 1546 3637 Quum
1567 3571 1666 3644 ergo,
1685 3547 1837 3618 ubicun·
1858 3563 1859 3568 ’

249 3692 322 3764 que
345 3668 475 3743 dicitur
496 3698 504 3740 :
525 3674 607 3768 “,El
634 3669 804 3742 iaciamus
830 3671 899 3758 ita,
922 3675 944 3738 a
960 3673 1224 3768 perseverantia
1240 3670 1404 3768 quaedarn
1425 3693 1578 3768 operum
1602 3667 1836 3766 significetur,

250 3801 292 3858 nt
316 3788 367 3860 sic
389 3789 522 3861 scilicet
542 3805 777 3885 permaneant
800 3790 892 3860 siout
916 3790 1127 3878 factasunt,
1147 3813 1376 3886 nequaquam
1399 3791 1435 3859 in
1459 3789 1645 3886 speciebus
1663 3790 1783 3860 avium
1800 3789 1837 3859 id

248 3922 348 3979 recte
379 3906 450 3979 dici
476 3932 584 4005 posse
604 3907 762 3997 videtur,
790 3916 902 4004 quum
931 3906 1097 3979 videlicet
1120 3893 1297 3982 nonnulla
1321 3909 1459 4006 species
1481 3910 1520 3978 in
1545 3910 1597 3980 eis
1617 3909 1837 4007 quandoque

246 4053 398 4130 prorsus
420 4027 582 4126 deperire
600 4026 754 4116 lrabeat,
774 4028 866 4134 sicut
881 4026 927 4098 de
943 4026 1110 4124 phoenice
1126 4028 1254 4124 legitur
1271 4051 1314 4100 ac
1334 4027 1482 4100 sortasse
1498 4029 1545 4099 de
1561 4027 1745 4098 nonnullis
1761 4029 1837 4100 aliis

246 4165 326 4220 tam
350 4148 471 4220 avium
496 4171 606 4245 quam
627 4147 1212 4246 piscium.·speciebuedoutingit,
1228 4173 1307 4248 quae
1327 4147 1374 4222 ad
1399 4172 1509 4245 opera
1532 4148 1714 4245 pertinent
1729 4146 1836 4243 hujus

244 4267 337 4338 diet
434 4318 451 4368 3

302 4413 320 4452 a
340 4385 607 4484 Benedititquet
630 4416 649 4454 n
666 4387 758 4460 Solis
774 4389 1016 4462 animantibus
1034 4391 1110 4463 istis
1127 4413 1168 4464 ex
1184 4405 1277 4489 aqua
1300 4389 1486 4490 productis
1502 4389 1594 4462 sicut
1615 4403 1651 4460 et
1670 4403 1835 4486 postmo-

241 4503 339 4577 dum
364 4505 571 4578 hominibus
593 4509 720 4580 creatis
742 4507 965 4582 benedixisse
984 4515 1080 4582 Deus
1100 4527 1338 4602 memoratur,
1362 4535 1463 4608 quasi
1454 4509 1641 4609 quadam
1664 4509 1835 4606 dignitate

241 4623 446 4695 animantia
462 4625 530 4696 ista
544 4625 685 4698 homini
705 4628 1010 4727 propinquarent,
1031 4654 1110 4742 quae
1133 4627 1179 4741 de
1202 4629 1263 4702 illo
1284 4644 1451 4727 generata
1471 4643 1555 4702 sunt
1573 4629 1769 4718 elemento,
1789 4626 1834 4698 de

238 4766 324 4840 quo
347 4758 383 4813 et
403 4742 568 4816 homines
589 4747 824 4841 regenerandi
849 4751 963 4822 erant
984 4747 1088 4820 Unde
1109 4763 1145 4820 et
1166 4737 1202 4821 in
1226 4773 1306 4822 arca
1328 4749 1527 4821 secundum
1547 4761 1629 4846 post
1648 4745 1834 4818 bominem

238 4862 372 4934 locum
397 4888 480 4938 aves
501 4867 657 4940 tenuisse
679 4891 757 4940 uon
779 4868 957 4940 immerito
982 4868 1169 4959 videntur,
1195 4870 1279 4967 quia
1303 4868 1468 4942 videlicet
1489 4868 1535 4940 de
1555 4867 1617 4939 illo
1638 4866 1730 4939 iacta
1751 4881 1836 4938 sunt

280 5129 293 5156 ¹
311 5127 407 5191 oeae,
417 5145 474 5199 cap.
487 5146 553 5185 ιιιιι
