4600 6098
930 725 1166 799 srrsronm.
1344 687 1346 691 ’
1771 729 1840 796 nr

267 883 450 968 operetur;
471 867 534 963 qui
547 867 687 964 operari
700 865 870 954 noluerit,
885 890 960 936 non
974 889 1011 938 se
1023 866 1155 938 habere
1169 867 1371 939 mentiatur.
1392 895 1409 932 u
1430 869 1482 936 Ex
1498 865 1554 938 his
1571 864 1706 962 liquide
1725 867 1842 938 verbis

266 987 440 1086 colligitur
465 986 557 1058 solas
583 985 679 1084 apud
698 989 814 1058 Deum
834 986 958 1057 meritc
983 987 1128 1058 virtutes
1154 985 1333 1077 obtinere,
1361 1000 1396 1058 et
1421 985 1628 1082 quicunque
1653 986 1841 1058 virtutibus

266 1133 368 1207 pares
393 1120 475 1178 sunt
500 1121 815 1203 quantumcunque
840 1105 970 1178 distent
1000 1105 1188 1203 operibus,
1215 1106 1394 1202 aequaliter
1411 1129 1432 1176 a
1449 1105 1610 1177 Christo¹
1628 1109 1844 1203 promereri.¹

269 1225 371 1301 Unde
392 1229 596 1324 quicunque
618 1242 700 1298 sunt
723 1251 805 1297 vere
828 1219 1025 1315 christiani,
1051 1226 1100 1297 sic
1123 1227 1188 1298 toti
1210 1226 1303 1296 circa
1322 1226 1529 1298 interiorem
1548 1224 1733 1298 hominem
1758 1233 1844 1314 sunt,

267 1346 448 1444 occupati,
474 1361 514 1416 ut
536 1369 616 1416 eum
636 1344 766 1416 scilicet
783 1344 972 1416 virtutibus
990 1359 1135 1433 ornent,
1165 1369 1205 1416 ac
1222 1343 1313 1414 vitiis
1329 1342 1505 1416 mundent
1526 1370 1533 1412 :
1558 1359 1597 1414 ut
1614 1343 1659 1414 de
1677 1348 1842 1418 exteriori

267 1464 400 1536 nullam
418 1465 474 1536 vel
492 1465 677 1537 minimam
691 1479 871 1536 assumunt
883 1489 1017 1535 curam.
1042 1463 1145 1535 Unde
1163 1480 1198 1535 et
1210 1465 1306 1563 ipsos
1324 1463 1472 1560 legimus
1486 1461 1725 1560 apostolcsita
1736 1468 1839 1536 rusti-

266 1609 351 1656 cane
364 1589 375 1624 ²
387 1599 423 1656 et
435 1583 533 1656 velut
544 1583 730 1655 inhoneste
744 1585 821 1682 ipso
836 1584 942 1654 etiam
955 1584 1100 1654 Domini
1118 1585 1290 1654 comitatu
1303 1608 1339 1654 se
1357 1582 1541 1670 babuisse,
1565 1595 1605 1652 ut
1615 1581 1711 1652 velut
1724 1586 1840 1654 omnis
1896 1671 1897 1675 Ἰ

265 1707 467 1777 reverentie
492 1721 598 1802 atque
618 1705 813 1776 honestatis
835 1704 951 1794 obliti,
977 1730 1089 1802 quum
1116 1729 1180 1802 per
1202 1681 1276 1776 sata
1303 1704 1492 1776 transirent
1501 1705 1526 1790 ⁸,
1553 1703 1666 1800 spicas
1687 1702 1836 1794 vellere,

267 1823 454 1914 fabricare,
483 1839 520 1895 et
541 1823 729 1918 comedere
754 1848 854 1894 more
876 1848 1070 1920 puerorum
1093 1847 1166 1894 non
1190 1823 1456 1912 erubescerent,
1487 1845 1552 1893 nec
1574 1821 1620 1893 de
1638 1822 1713 1920 ipsa
1735 1823 1839 1894 etiam

266 1968 437 2015 manuum
459 1942 659 2032 ablutione,
687 1968 797 2039 quum
822 1941 921 2014 cibos
941 1957 1058 2015 essent
1078 1945 1276 2040 accepturi,
1297 1942 1464 2015 sollicitos
1486 1967 1573 2014 esse.
1597 1943 1667 2027 Qui
1685 1967 1797 2038 quum
1820 1966 1840 2012 a

266 2061 447 2134 nonnullis
457 2063 557 2158 quusi
568 2033 853 2134 de⁸immunditiu
864 2077 1107 2159 arguerentur,
1123 2086 1185 2133 eos
1196 2063 1372 2133 Dominus
1386 2086 1574 2136 excusans:
1594 2091 1611 2128 α
1623 2065 1703 2132 Νοιι
1714 2059 1809 2150 lotis,
1820 2088 1837 2127 u
1895 2071 1901 2082 ‘

266 2181 381 2276 inquit
393 2185 419 2269 ⁶,
438 2209 455 2247 ε
473 2179 637 2251 manibus
660 2180 876 2252 manducare
895 2205 969 2252 non
988 2179 1197 2277 coinquinet
1216 2181 1415 2252 hominem.
1434 2209 1451 2247 u
1472 2181 1539 2250 Ubi
1553 2194 1588 2251 et
1601 2181 1719 2250 statim
1734 2205 1840 2276 gene-

267 2299 383 2370 raliter
395 2304 405 2336 ⁶
419 2300 564 2396 adjecit,
582 2324 625 2370 ex
642 2299 748 2372 nullis
761 2299 993 2372 exterioribus
1006 2302 1162 2372 dirimam
1181 2301 1377 2396 inquinari,
1396 2300 1459 2372 sed
1479 2325 1520 2372 ex
1533 2300 1590 2371 his
1607 2317 1746 2372 tantum
1764 2326 1842 2396 quae

266 2416 310 2488 de
332 2417 440 2488 corde
467 2419 667 2516 prodeunt,
694 2448 712 2486 α
728 2445 806 2515 quae
828 2435 927 2510 sunt,
946 2447 963 2485 u
986 2409 1141 2514 inq'uit⁸,
1168 2449 1184 2488 u
1202 2419 1450 2514 cogitationem
1480 2418 1671 2509 adulteria,
1692 2419 1842 2491 homici-

265 2536 338 2625 dia,
360 2553 427 2608 ete.
448 2565 466 2604 u
483 2538 555 2608 Nisi
569 2539 665 2608 enim
676 2541 774 2636 prius
787 2563 896 2636 prava
914 2537 1095 2610 voluntate
1113 2538 1253 2610 animus
1271 2554 1539 2636 corrumpatur,
1561 2554 1747 2636 peccatum
1769 2564 1843 2610 esse

265 2680 337 2727 non
351 2657 482 2754 poterit
493 2656 670 2754 quidquid
683 2658 834 2729 exterius
846 2671 970 2754 agetur
987 2658 1023 2726 in
1042 2681 1207 2754 corpore.
1225 2657 1328 2728 Unde
1346 2656 1485 2729 etbene
1496 2659 1728 2754 ipsa’quoque
1742 2657 1842 2729 adul-

265 2777 350 2848 teria
362 2778 435 2849 sive
454 2776 645 2848 homicidia
658 2802 700 2848 ex
714 2777 824 2849 corde
842 2776 1037 2875 procedere
1055 2776 1157 2865 dicit,
1175 2801 1254 2873 quae
1272 2791 1307 2848 et
1324 2777 1399 2848 sine
1418 2779 1534 2848 tactu⁷
1549 2799 1740 2873 corporum
1761 2801 1842 2874 per-

263 2910 463 2991 petrantur,
481 2898 580 2992 juxta
599 2896 709 2967 illud⁸
729 2925 737 2966 ε
767 2926 784 2963 u
801 2897 871 2982 Qui
888 2896 1015 2968 viderit
1033 2895 1218 2967 mulierem
1240 2895 1287 2966 ad
1308 2893 1633 2993 concupiscendam
1647 2917 1747 2983 eam,
1767 2895 1840 2990 jam

252 3007 461 3087 'moechatus
474 3017 574 3088 estin
587 3015 697 3088 corde
711 3041 788 3087 suo.
808 3044 825 3082 ε
838 3019 901 3086 Et*
914 3045 931 3082 n
949 3015 1075 3086 Omnis
1088 3016 1150 3112 qui
1163 3014 1239 3086 odit
1260 3014 1404 3086 fratrem
1417 3039 1534 3104 suum,
1552 3013 1733 3086 homicida
1746 3028 1808 3084 est.
1821 3043 1838 3079 u

265 3137 308 3202 Et
328 3135 428 3205 tactis
444 3134 499 3205 vel
517 3135 605 3206 laesis
622 3134 833 3233 corporibus
851 3136 997 3206 minime
1014 3151 1250 3233 peraguntur,
1271 3134 1417 3231 quando
1437 3134 1601 3207 videlicet
1618 3161 1682 3232 per
1700 3134 1838 3218 violen-

264 3254 349 3325 tiam
358 3255 572 3352 opprimitur
578 3256 708 3354 aliqua,
722 3256 778 3335 vel
785 3282 850 3354 per
854 3257 1026 3353 justitiam
1039 3239 1183 3330 coactus
1186 3257 1296 3354 judex
1308 3257 1507 3331 interficere
1518 3283 1631 3330 reum.
1648 3260 1805 3330 «Omnis
1821 3289 1838 3326 υ
1904 3237 1908 3246 ’

262 3374 394 3471 quippe
414 3403 432 3441 u
447 3374 644 3483 homicida,
661 3403 678 3442 u
699 3377 789 3448 sicut
808 3377 979 3474 scriptum
1000 3391 1053 3448 est
1061 3380 1092 3466 ¹⁰,
1113 3405 1129 3443 u
1142 3401 1217 3448 non
1233 3376 1342 3448 habet
1358 3392 1494 3476 partem
1514 3378 1551 3448 in
1570 3403 1680 3474 reguo
1700 3379 1767 3448 Dei
1778 3382 1806 3446 ¹¹.
1821 3405 1837 3443 u

263 3493 340 3562 Nou
366 3493 484 3589 itaque
506 3519 722 3593 magnopere
739 3519 817 3591 quae
840 3493 950 3586 fiunt,
978 3495 1040 3566 sed
1060 3520 1133 3592 quo
1153 3497 1273 3569 animo
1294 3495 1381 3568 fiant
1402 3496 1626 3595 pensandum
1644 3512 1715 3586 est,
1742 3499 1771 3568 si
1792 3497 1839 3568 illi

260 3609 399 3706 placere
412 3612 612 3705 studemus,
628 3615 690 3710 qui
701 3614 819 3702 cordis
832 3628 867 3686 et
878 3639 1006 3686 renum
1020 3614 1192 3713 probator
1204 3631 1273 3706 est,
1290 3617 1373 3688 etin
1388 3615 1598 3687 abscondito
1614 3616 1727 3702 videt,
1748 3645 1765 3683 n
1779 3619 1839 3712 qui

258 3727 431 3823 judicabit
441 3731 579 3804 occulta
592 3732 799 3824 hominum,
819 3761 837 3800 »
861 3733 989 3805 Paulus
1006 3735 1121 3830 inquit
1131 3735 1162 3824 ²¹,
1181 3763 1199 3802 (ι
1211 3734 1409 3806 secundum
1422 3735 1652 3830 Evangelium
1666 3759 1786 3807 meum
1795 3786 1804 3824 ,
1820 3763 1836 3798 >›

261 3845 331 3918 hoc
342 3863 395 3920 est
408 3851 605 3923 secundum
620 3875 707 3925 meae
720 3851 980 3952 predicationis
994 3851 1206 3925 doctrinam.
1224 3852 1327 3925 Unde
1341 3869 1376 3925 ct
1393 3853 1536 3926 modica
1548 3855 1662 3926 riduae
1681 3854 1814 3925 oblatio
1828 3913 1836 3944 ,

262 3988 340 4059 quae
356 3967 421 4039 fuit
435 3967 508 4041 duo'
528 3971 664 4042 minuta
676 3973 710 4062 ¹⁸,
728 3971 831 4043 idest
847 3971 1026 4067 quadrans
1037 3974 1074 4062 ¹⁸,
1092 3973 1254 4043 omnium
1268 3971 1419 4044 divitum
1435 3973 1675 4046 oblationibus
1687 3975 1840 4073 copiosis

261 4085 402 4181 prelata
412 4104 463 4160 est
474 4089 519 4161 ab
531 4089 592 4162 illo
601 4093 659 4162 cui
669 4092 836 4164 dicitur¹⁵2
851 4097 1055 4163 «Bonorum
1063 4117 1225 4165 meorum
1235 4116 1309 4164 non
1322 4119 1419 4189 eges3
1432 4123 1450 4162 u
1467 4095 1524 4166 cui
1533 4096 1643 4190 magis
1657 4093 1789 4166 oblatio
1798 4119 1839 4166 ex

262 4205 430 4280 offerente
437 4233 546 4306 quum
554 4211 706 4282 offerens
718 4212 833 4313 placet
844 4238 886 4284 ex
899 4212 1099 4303 oblatione,
1115 4214 1204 4285 sicut
1215 4215 1386 4312 scripturn
1400 4217 1477 4284 est¹⁸
1493 4242 1500 4284 :
1516 4215 1705 4312 «Respexit
1717 4218 1840 4285 Domi-

261 4349 328 4397 nus
338 4326 384 4397 ad
392 4327 491 4420 Abel,
501 4345 537 4402 et
549 4331 749 4403 admunera
764 4333 850 4428 ejus.
859 4360 877 4399 u
890 4333 1837 4432 Utvidelicetpriusdevotionemofferentisinspiceret,

260 4459 295 4515 et
307 4430 408 4518 sicex
422 4447 528 4546 ipso¹⁷
542 4449 680 4522 donum
698 4448 859 4523 oblatum
877 4465 1015 4549 gratum
1027 4452 1184 4525 haberet.
1201 4457 1288 4541 Quae
1301 4453 1447 4550 quidem
1464 4453 1572 4524 animi
1584 4452 1727 4524 devotio
1742 4467 1840 4522 tanto

260 4565 374 4660 major
384 4568 422 4638 in
435 4571 513 4641 Deo
524 4569 692 4660 habetur,
715 4586 850 4667 quanto
863 4573 900 4642 in
913 4571 1145 4644 exterioribus
1158 4598 1236 4669 quae
1248 4571 1335 4644 fiant
1355 4573 1473 4646 minus
1491 4571 1716 4644 confidimus.
1739 4569 1840 4640 Unde

167 4715 171 4722 ·
260 4697 295 4754 et
308 4687 498 4782 Apostolus
514 4704 597 4787 post
613 4714 844 4762 communem
857 4690 1020 4762 ciborum
1037 4691 1307 4789 indulgentiam,
1329 4690 1374 4764 de
1393 4716 1480 4785 qua,
1502 4683 1547 4759 ui
1559 4713 1664 4785 supra
1677 4690 1839 4760 memini-

260 4827 361 4894 muS,
376 4806 563 4880 Timotheo
577 4808 717 4897 scribit,
733 4807 779 4879 de
800 4811 965 4880 exercitio
980 4833 1124 4906 quoque
1135 4809 1331 4906 'corporalis
1339 4807 1471 4880 laboris
1477 4806 1651 4904 adjunxit,
1666 4808 1832 4880 dicens¹⁸:

292 5065 301 5092 ¹
312 5065 353 5117 Sic
364 5065 458 5117 G.-At
472 5071 523 5130 ipro
534 5066 648 5118 Edu-¹
659 5069 789 5120 nuruum
797 5067 902 5120 tttts.-
913 5067 923 5096 ³
934 5067 1033 5132 Maru,
1065 5067 1342 5128 -⁴⁰1bid..ibid.-¹¹
1354 5070 1441 5122 Christi
1452 5070 1631 5122 eructu—¹¹
1643 5071 1725 5138 Itum„
1739 5086 1794 5138 cap.
1807 5088 1838 5130 n,

259 5165 314 5214 cap.
328 5167 373 5214 ιιι,
382 5167 405 5201 v.
423 5155 445 5202 1.
454 5151 499 5188 -0
511 5151 607 5216 natu..
619 5167 675 5220 cap.
688 5169 728 5213 xv,
744 5169 767 5203 v.
781 5155 822 5202 20.
832 5153 885 5190 -⁸
898 5153 1034 5203 Generatim
1066 5170 1088 5205 r.
1102 5155 1181 5206 tu-
1191 5154 1212 5181 '⁸
1222 5155 1275 5205 Duo
1285 5166 1369 5206 naret
1380 5153 1452 5206 RUS.
1462 5183 1495 5193 -
1505 5156 1529 5184 ¹⁴
1538 5157 1624 5218 Uere,
1634 5173 1688 5224 cap.
1702 5173 1750 5218 xu,
1761 5173 1782 5208 r.
1795 5157 1837 5206 ⁴2.

259 5235 648 5306 RHS.-⁰Hctth.,cap.xv,r.
665 5239 752 5290 ¹9.-'
768 5241 884 5291 Contactu
896 5238 1032 5291 trsnmb.
1067 5265 1098 5276 -··
1115 5237 1138 5265 ¹¹
1157 5238 1242 5290 Psalm-
1258 5254 1334 5301 xm.
1354 5239 1567 5302 2.-¹⁶Genes.,
1590 5257 1644 5309 cap.
1660 5258 1694 5302 rr,
1715 5257 1739 5292 r.
1766 5241 1837 5290 4.-

259 5317 302 5357 —-⁸
314 5319 411 5384 Uattb„
426 5337 482 5388 cup.
493 5337 552 5386 ην.
564 5323 657 5374 2S.-'
668 5324 845 5388 Epidotium,
856 5339 911 5391 cap.
923 5341 996 5387 ru,r.
1008 5325 1031 5374 ⁵.
1069 5323 1090 5352 ¹¹
1101 5325 1157 5386 tpsa
1169 5323 1220 5374 MS.
1231 5323 1303 5376 tmh.
1315 5349 1345 5362 -
1357 5324 1380 5352 ¹⁸
1392 5326 1494 5378 Ttmctb.
1505 5327 1531 5385 Ι,
1543 5341 1599 5392 cap.
1613 5341 1646 5388 u,
1658 5340 1682 5375 r.
1693 5326 1717 5386 ἵ,
1729 5325 1754 5374 ⁸.
