4496 6102
551 577 558 590 '
640 613 685 686 ru
710 612 1065 690 auuuurrlrroua
1090 613 1282 684 vacuus
1306 610 1469 683 saeuo.
1509 633 1511 638 ·
1773 613 1844 684 355

261 763 379 826 autem
399 775 473 826 non
486 751 531 824 sit
541 755 575 824 ei
586 754 807 847 timendum,
824 756 895 830 hoc
909 770 962 829 est
972 755 1018 828 de
1032 755 1203 856 petitione
1217 777 1280 828 sua
1292 752 1550 844 differendum,
1566 753 1723 825 annectit
1734 777 1848 850 quum

261 876 332 946 ait:
361 903 380 944 u
396 874 564 946 Invenisti
589 877 742 973 gratiam'
759 877 857 976 apud
877 883 1005 951 Deum.
1022 905 1040 948 u
1064 882 1142 950 Hoc
1164 891 1236 967 est,
1263 900 1371 977 supra
1388 876 1512 948 omnia
1530 876 1657 948 merita
1679 874 1729 946 illi
1751 890 1849 974 grata

156 1069 165 1086 ,
262 995 350 1092 lacta
367 1019 421 1084 es,
439 1009 546 1092 atque
563 1012 720 1098 accepta.
742 998 938 1086 Quomodo
955 1013 1074 1072 autem
1099 1012 1173 1070 tam
1195 997 1282 1095 legis
1302 996 1531 1069 maledictum
1556 996 1679 1082 evitet}
1702 995 1731 1067 si
1750 995 1849 1092 virgo

262 1131 485 1214 permaneat,
507 1143 615 1214 quarn
645 1121 818 1220 propositi
844 1122 899 1192 sui
923 1137 1050 1194 votam
1069 1121 1276 1218 incorrupta
1298 1117 1493 1206 custodiat,
1519 1130 1683 1214 patenter
1705 1117 1851 1215 exponit

262 1235 385 1308 dicens
399 1260 478 1309 eam
493 1239 626 1337 pariter
640 1253 713 1312 tam
724 1265 799 1312 esse
810 1241 1005 1339 parituram
1019 1265 1128 1338 quam
1141 1240 1315 1337 virginem
1331 1259 1614 1338 permansuram.
1638 1237 1847 1326 Perituram,

263 1355 426 1452 inquam,
463 1381 538 1429 non
563 1358 680 1430 solum
708 1359 911 1451 hominem,
942 1361 1197 1434 verumetiam
1224 1359 1417 1432 bominum
1443 1356 1772 1447 Salvatorcm,hoc
1799 1372 1853 1428 est

264 1479 395 1548 lesum.
425 1477 534 1572 Cujus
550 1478 697 1582 quidem
716 1480 864 1577 virginei
882 1495 1004 1580 partus
1027 1493 1160 1577 quanta
1178 1479 1223 1552 sit
1242 1476 1465 1567 excellentia,
1486 1474 1673 1573 diligenter
1685 1473 1853 1547 describit

264 1595 412 1668 dicens:
440 1627 457 1666 u
471 1599 536 1670 llic
560 1599 627 1672 erit
648 1625 814 1698 magnus,
839 1617 875 1674 et
893 1600 986 1673 filius
1013 1600 1179 1674 attissimi
1197 1597 1396 1672 vocabitur.
1418 1626 1435 1664 a
1462 1603 1511 1668 Ac
1534 1596 1563 1668 si
1589 1609 1710 1695 aperte
1730 1593 1849 1666 dicat:

266 1715 416 1788 Attende
438 1717 475 1790 in
499 1717 570 1793 hoc
588 1719 666 1817 ipso
685 1721 1001 1820 incomparabilem
1027 1721 1195 1818 gratiam,
1217 1718 1431 1817 singularem
1452 1715 1602 1814 gloriam
1629 1730 1748 1806 tuam,
1771 1714 1854 1787 vide

266 1837 383 1936 ipsum
402 1838 464 1934 qui
482 1839 547 1912 Dei
567 1837 660 1912 lilius
677 1842 817 1914 dicatur
834 1859 870 1914 et
887 1857 980 1914 tuus.
1005 1870 1022 1910 u
1039 1845 1081 1912 Et
1099 1839 1199 1912 dabit
1217 1839 1267 1912 illi
1285 1839 1461 1914 Dominus
1483 1841 1580 1910 Deus
1599 1836 1722 1909 sedem
1739 1836 1855 1908 David

266 1957 375 2057 patris
388 1956 480 2052 ejus,
499 1985 517 2027 u
541 1959 612 2031 hoc
630 1976 698 2051 est,
721 1961 759 2034 id
776 1964 812 2035 in
831 1987 874 2036 ec
890 1960 1054 2062 perficiet
1063 1960 1164 2058 quqd
1178 1961 1215 2036 in
1231 1957 1535 2057 typoejns-David
1554 1955 1770 2056 promissum
1786 1969 1852 2044 est,

266 2077 356 2150 sicut
367 2090 404 2150 et
415 2079 564 2177 ipsemet
576 2061 926 2178 profitetur'dicens¹
942 2109 949 2152 :
974 2112 992 2150 u
1007 2082 1125 2154 Juravi
1140 2080 1256 2154 David
1269 2103 1373 2154 servo
1389 2103 1491 2169 mec,
1509 2078 1670 2175 usquein
1683 2091 1855 2149 aeternnm

267 2197 474 2296 praeparabo
493 2214 656 2272 sanctum
675 2215 788 2273 tuum.
815 2206 859 2272 Et
878 2199 1062 2282 aedificabo
1081 2201 1118 2272 in
1138 2201 1367 2298 generatione
1386 2213 1422 2272 et
1445 2199 1712 2296 generationem
1733 2195 1856 2268 sedem

267 2329 377 2386 tuam.
397 2346 415 2383 u
438 2321 575 2390 Domus
594 2319 721 2411 Jacob,
742 2323 779 2392 in
801 2346 872 2419 qua
895 2337 1105 2420 regnaturus
1128 2322 1166 2391 in
1185 2335 1358 2392 aeternum
1374 2318 1609 2418 promittitur,
1629 2315 1785 2388 Ecclesia
1805 2330 1857 2387 est

268 2439 444 2535 gentium,
473 2465 553 2537 quae
581 2456 743 2540 tempore
765 2445 1045 2542 praeteritorum,
1076 2458 1111 2516 et
1136 2443 1247 2541 gratia
1270 2443 1431 2540 priorum
1450 2463 1665 2557 synagogam
1687 2437 1857 2538 supplan·

268 2558 370 2648 tavit,
391 2572 427 2632 et
443 2558 732 2635 benedictionem
753 2564 785 2634 ei
807 2563 987 2662 surripuit.
1010 2563 1132 2636 Finem
1156 2562 1227 2633 hoc
1251 2585 1400 2659 regnum
1423 2584 1498 2633 non
1520 2559 1663 2659 accipit,
1689 2558 1772 2656 qnia
1790 2581 1858 2629 nec

268 2678 437 2750 cumvita
454 2682 618 2777 praesenti
636 2680 779 2756 deficit:
797 2683 897 2780 quod
921 2698 1020 2756 tanto
1043 2684 1081 2754 in
1102 2680 1303 2755 coelestibus
1326 2696 1380 2754 est
1402 2682 1537 2774 verius,
1556 2693 1692 2779 quanto
1709 2676 1855 2751 felicius.

214 2844 219 2854 -
272 2799 395 2870 «Dixit
408 2814 527 2874 autem
537 2802 664 2874 Maria:
679 2803 902 2890 «Quomodo
917 2803 979 2877 liet
994 2803 1111 2876 istud?
1123 2831 1141 2870 u
1154 2807 1337 2901 Tanquam
1351 2803 1382 2874 si
1393 2801 1527 2874 diceret
1542 2828 1550 2872 :
1567 2805 1694 2896 Magna
1712 2797 1859 2898 quidem

269 2923 478 3017 promissi0,
498 2939 534 2997 et
549 2924 876 3024 incomparabiliter
894 2951 969 2998 nnn
989 2925 1106 3000 solum
1124 2925 1263 3006 feminae
1280 2924 1466 3014 virtutem,
1488 2919 1552 2994 sed
1570 2946 1716 2994 omnem
1735 2921 1861 2991 huma·

271 3063 355 3116 nam
375 3045 628 3118 transcendens
644 3046 863 3144 dignitatem.
885 3052 976 3136 Quo·
988 3049 1107 3146 itaque
1129 3045 1240 3119 modo
1260 3069 1379 3143 quove
1398 3043 1525 3118 ordine
1547 3043 1665 3116 futura
1687 3056 1741 3116 est
1762 3065 1860 3113 com·

270 3158 381 3258 pletio
392 3164 444 3236 rei
456 3164 582 3238 mntae?
603 3193 621 3234 a
635 3167 759 3238 Virum
773 3169 887 3258 enim,
904 3196 923 3236 n
939 3168 1071 3266 inquit,
1090 3197 1109 3236 α
1124 3191 1199 3240 non
1213 3189 1437 3262 cognosco.»
1460 3167 1508 3236 lle
1522 3163 1552 3235 si
1566 3163 1700 3235 diceret
1715 3189 1724 3233 z
1739 3165 1861 3256 Longe

191 3329 196 3334 -
270 3283 342 3356 hoc
359 3310 380 3358 a
396 3311 479 3359 mco
493 3301 673 3360 remotam
687 3290 872 3388 proposito
891 3289 1048 3379 videtur,
1075 3305 1114 3362 ut
1133 3287 1298 3361 videlicet
1310 3301 1453 3386 partum
1471 3283 1643 3375 habeam,
1664 3307 1744 3382 quae
1760 3282 1861 3377 virgo

269 3405 457 3500 persistere
470 3405 625 3479 decrevi.
643 3411 686 3480 Et
696 3407 768 3481 hoc
784 3425 851 3501 est,
869 3425 909 3483 ut
921 3435 1029 3508 supra
1037 3410 1112 3506 jam
1125 3407 1372 3494 meminimus,
1397 3431 1478 3482 eam
1499 3406 1616 3480 virum
1633 3426 1862 3502 nequaquam
1936 3407 1940 3416 '

271 3549 510 3622 cognoscere,
531 3528 621 3600 nulli
639 3554 798 3627 unquam
819 3533 856 3602 in
883 3532 1137 3604 commixtione
1154 3528 1290 3602 carnali
1308 3553 1373 3628 per
1392 3549 1607 3602 consensum
1628 3524 1860 3623 acquievisse.

271 3646 585 3743 Legeratquidem
601 3647 749 3722 Abrahae
762 3649 891 3724 factam
905 3649 952 3724 de
968 3650 1109 3724 Christo
1123 3648 1420 3748 promissionem,
1444 3647 1537 3720 sicut
1557 3661 1593 3718 et
1612 3646 1688 3743 ipsa
1704 3658 1866 3744 postmo·
1993 3678 1998 3686 ·

272 3763 363 3837 dum
384 3764 588 3862 profitetur,
616 3769 824 3865 inquiens¹:
850 3799 868 3838 u
885 3769 1047 3869 Suscepit
1064 3768 1171 3842 lsrael
1186 3789 1341 3866 puerum
1361 3785 1485 3857 suum,
1504 3764 1711 3838 recordatus
1736 3763 1866 3835 miseri·
1928 3859 1932 3866 .

271 3883 405 3959 cordiae
422 3911 506 3959 suae.
532 3889 629 3961 Sicut
646 3888 786 3962 locutus
805 3905 858 3962 est
872 3888 920 3964 ad
939 3894 1058 3963 Patres
1080 3902 1241 3979 nostros,
1263 3885 1440 3960 Abraham
1454 3900 1490 3959 et
1505 3884 1635 3958 semini
1648 3885 1736 3981 ejus.
1763 3882 1867 3956 Unde

273 4027 502 4102 nequaquam
514 4006 567 4080 do
573 4007 642 4082 hac
656 4009 893 4109 promissione
905 4007 1028 4098 dubia,
1042 4006 1089 4079 de
1100 4005 1213 4086 modo
1226 4005 1429 4102 requirebat
1441 4029 1516 4102 quo
1530 4018 1621 4078 esset
1634 4001 1863 4100 complenda,

229 4225 241 4244 ⁸
274 4140 396 4200 utrum
421 4125 555 4198 scilicet
571 4153 637 4226 per
654 4128 911 4204 admixtionem
939 4128 1006 4202 riri
1035 4129 1110 4200 sine
1137 4125 1328 4202 dilectione
1353 4125 1507 4226 peccati,
1534 4125 1624 4196 sicut
1643 4124 1681 4194 in
1701 4119 1867 4218 paradiso
1986 4153 1992 4172 ·

275 4245 377 4320 lieret
392 4249 422 4320 si
438 4247 551 4320 homo
567 4272 641 4322 non
655 4267 852 4348 peccasset,
863 4275 913 4352 an
926 4250 1126 4347 integritate
1138 4247 1300 4346 corporis
1312 4246 1445 4344 pariter
1456 4256 1492 4316 et
1503 4242 1632 4316 mentis
1645 4255 1866 4331 conservata,

275 4367 368 4440 sicut
386 4368 424 4440 in
441 4369 518 4464 ejus
535 4371 722 4470 proposito
737 4372 861 4446 fuerat.
889 4377 983 4444 Bene
1004 4385 1124 4444 autern
1135 4367 1300 4466 angelus,
1322 4389 1436 4464 quum
1451 4365 1484 4436 ei
1496 4361 1610 4438 filium
1626 4363 1867 4461 promitteret,

276 4485 428 4562 modum
440 4491 687 4588 conceptionis
698 4492 857 4583 reticuit,
871 4491 1077 4591 donecipsa
1090 4489 1255 4564 videlicet
1272 4485 1498 4560 manifestato
1514 4483 1591 4556 voti
1602 4481 1658 4555 sui
1668 4483 1867 4585 proposito,

205 4697 217 4716 ι
276 4630 391 4703 quum
409 4606 456 4680 ab
474 4633 518 4681 eo
532 4611 750 4708 requireret:
772 4637 819 4686 ne
835 4611 999 4684 videlicet
1015 4612 1099 4710 quia
1117 4635 1197 4683 earn
1209 4607 1438 4710 audieramus
1455 4603 1729 4704 desponsatam,
1750 4601 1872 4676 crede

277 4739 378 4800 retur
398 4753 465 4827 per
482 4733 808 4831 concupiscentiam
823 4733 916 4805 hanc
933 4733 1040 4806 inisse
1054 4731 1233 4832 copulam.
1845 4731 1848 4740 ’

332 4875 350 4916 u
372 4849 522 4947 Spiritus
544 4869 687 4926 sanctus
704 4853 932 4951 superveniet
950 4855 1058 4945 inte,
1076 4881 1095 4922 u
1115 4853 1186 4926 hoc
1200 4863 1269 4944 est,
1291 4847 1465 4948 superiori
1483 4845 1583 4920 dono
1602 4845 1669 4948 Dei
1686 4825 1870 4935 ditaberis,

273 4980 320 5036 nt
334 4967 433 5063 virgo
452 4971 585 5066 pariter
599 4996 641 5045 ac
659 4986 773 5044 mater
789 4974 848 5044 sis.
867 4973 971 5047 Venit
988 4973 1138 5073 Spiritus
1158 4973 1195 5044 in
1214 4969 1344 5043 multas
1362 4965 1524 5044 fidelium
1542 4963 1697 5054 animas,
1721 4987 1786 5064 per
1808 4961 1875 5042 ali-

318 5233 328 5264 ·
347 5235 435 5288 Palm.
448 5253 571 5305 exuatur,
584 5257 609 5293 r.
623 5243 646 5292 l.
657 5267 690 5280 -
701 5239 796 5304 llua..
808 5239 882 5298 ibid..
892 5259 917 5297 v,
929 5241 971 5300 tl.
