4606 6106
916 705 920 712 ¹
960 625 1196 698 EPlSTOLAE.
1795 629 1867 702 227

283 762 451 862 orbisque
479 765 717 855 domitorem,
749 780 783 838 et
810 766 847 838 in
877 767 1058 860 moribus,
1085 783 1122 840 et
1143 769 1179 840 in
1202 767 1360 858 incessu,
1386 767 1573 840 Leonidis¹
1603 769 1785 868 paedagogi
1812 771 1868 842 sui

283 909 357 956 non
388 887 547 984 potuisse
580 910 703 958 carere
723 885 835 978 vitiis,
862 887 991 985 quibus
1017 888 1135 962 adbuc
1155 886 1323 986 parvulus
1345 887 1459 961 suerat
1482 888 1642 962 infectus.
1675 894 1720 961 Ut
1747 906 1866 964 autem

283 1007 612 1103 pronuntiationem
633 1007 815 1104 scripturae
833 1008 1063 1082 commendet
1078 1009 1277 1098 memoriae,
1295 1022 1430 1080 certam
1447 1009 1573 1108 etipse
1590 1009 1752 1082 lectionis
1768 1035 1867 1083 men·

283 1151 401 1200 suram
416 1127 561 1224 singulis
577 1127 704 1200 diebus
717 1126 794 1200 vult
810 1127 962 1228 prefigi3
978 1153 1086 1226 quarn
1105 1153 1218 1225 quum
1236 1129 1442 1201 memoriter
1455 1129 1652 1227 persolvat,
1669 1155 1735 1204 nec
1749 1130 1867 1204 solum

284 1246 421 1336 latinis,
443 1271 568 1320 verum
591 1249 698 1322 etiam
713 1250 834 1345 grecis
852 1247 976 1322 litteris
994 1273 1143 1346 operam
1161 1249 1238 1320 dari
1255 1249 1429 1348 praecipit,
1447 1274 1559 1346 quum
1574 1265 1730 1348 utraeque
1742 1251 1869 1348 linguae

284 1381 369 1438 tunc
388 1371 508 1440 Romae
527 1369 847 1466 frequentarentur,
869 1385 903 1443 et
923 1369 1077 1440 maxime
1095 1383 1242 1467 propter
1259 1369 1456 1466 Scripturas
1470 1367 1516 1440 de
1532 1393 1644 1465 graeco
1663 1371 1698 1441 in
1718 1369 1867 1442 latinum

282 1513 419 1579 versas,
441 1504 480 1560 ut
497 1514 556 1562 eas
578 1515 620 1562 ex
643 1491 780 1587 origine
798 1489 1003 1564 suamelius
1022 1504 1271 1587 ongrroscerct,
1299 1514 1340 1562 ac
1367 1491 1484 1562 verius
1510 1490 1705 1586 dijudicare
1732 1507 1863 1592 posset.

282 1609 450 1682 Nondum
472 1611 570 1682 enim
596 1609 770 1682 hebraicae
798 1611 952 1682 veritatis
977 1609 1206 1683 translatione
1229 1609 1380 1682 latinitas
1407 1608 1582 1682 utebatur.
1615 1611 1670 1682 nit
1697 1611 1864 1709 itaque²z

283 1757 301 1796 u
317 1728 456 1802 Reddat
473 1729 536 1801 tibi
555 1753 708 1829 pensum
728 1729 889 1827 quotidie
905 1729 951 1804 de
970 1731 1231 1830 Scripturarnm
1254 1727 1402 1802 floribus
1422 1744 1597 1826 carptum.
1620 1728 1761 1802 Ediscat
1779 1757 1868 1828 gne-

279 1873 405 1922 corum
420 1875 588 1922 versuum
597 1875 801 1924 numerum.
811 1853 987 1948 Sequatur
997 1852 1115 1922 statim
1128 1865 1163 1921 et
1177 1849 1286 1923 latina
1300 1849 1473 1940 eruditio;
1488 1873 1568 1946 qnae
1578 1850 1607 1921 si
1620 1874 1695 1921 non
1709 1849 1755 1922 ab
1766 1851 1868 1924 initio

282 1995 322 2042 os
339 1985 501 2044 tenerum
523 1973 784 2071 composuerit,
805 1973 842 2044 in
858 1971 1086 2072 peregrinum
1103 1995 1234 2044 sonum
1250 1970 1370 2069 lingua
1387 1971 1641 2069 corrumpitur,
1662 1988 1698 2044 et
1717 1973 1869 2044 externis

282 2091 372 2162 vitiis
389 2115 508 2164 sermo
526 2094 660 2191 patrius
676 2091 892 2165 sordidatur.
915 2098 984 2166 Pro
999 2093 1149 2191 gemmis
1166 2107 1202 2164 et
1218 2093 1353 2181 serico,
1374 2092 1516 2164 divinos
1535 2071 1677 2164 codices
1694 2109 1809 2185 amet,
1831 2095 1866 2164 in

282 2209 411 2307 quibus
428 2235 502 2284 non
524 2213 620 2301 auri,
637 2227 673 2285 et
686 2212 786 2312 pellis
799 2210 1019 2310 babylonicae
1042 2212 1271 2284 vermiculata
1286 2212 1443 2312 pictura,
1462 2211 1524 2284 sed
1542 2211 1589 2285 ad
1606 2211 1714 2284 fidem
1732 2211 1870 2312 placeat

282 2330 469 2404 emendata
487 2346 523 2404 et
541 2331 678 2406 erudita
695 2332 887 2405 distinctio.
909 2331 1028 2404 Discat
1049 2332 1168 2431 primo
1186 2331 1410 2418 Pmlterr'um,
1433 2331 1488 2403 his
1504 2357 1541 2404 se
1556 2332 1701 2404 canticis
1719 2348 1865 2422 avocet,

281 2467 317 2524 et
335 2453 372 2524 in
391 2450 589 2524 Proverbiis
611 2452 812 2526 Salomonis
829 2451 1013 2526 erudiatur
1030 2451 1077 2524 ad
1094 2453 1215 2524 vitam.
1246 2455 1284 2522 ln
1303 2451 1514 2524 Ecclesiaste
1538 2468 1765 2539 consuescat,
1790 2479 1869 2550 quae

283 2573 409 2646 mundi
428 2588 532 2663 sunt,
552 2571 698 2646 calcare.
720 2578 759 2644 ln
777 2572 862 2658 Job,
880 2573 1017 2646 virtutis
1036 2589 1072 2646 et
1087 2573 1263 2672 patientiae
1280 2571 1443 2672 exempla
1458 2588 1623 2646 sectetur.
1640 2574 1691 2646 td
1711 2578 1869 2671 Evange-

282 2693 326 2766 lia
340 2693 514 2784 transeat,
531 2719 717 2792 nunqnam
734 2718 777 2766 ea
791 2694 999 2793 depositura
1013 2693 1059 2766 de
1075 2691 1252 2766 manibus.
1271 2693 1522 2790 Apostolorum
1534 2701 1627 2766 Actu
1640 2708 1675 2766 et
1692 2695 1872 2792 Epistulas

283 2828 355 2887 tota
373 2813 492 2888 cordis
516 2813 667 2888 imbibat
695 2814 889 2887 voluntate.
907 2819 1070 2913 Cumque
1095 2814 1251 2915 pectoris
1268 2814 1324 2886 sui
1342 2813 1526 2886 cellerium
1543 2813 1599 2888 bis
1617 2813 1747 2914 opibus
1770 2815 1871 2888 locu-

283 2935 485 3034 pletaverit,
503 2935 648 3007 mandet
663 2937 845 3009 memorias
857 2935 1070 3035 prophetas,
1088 2934 1377 3032 Heptateuchum,
1397 2949 1433 3006 et
1449 2940 1602 3032 Regum,
1628 2948 1663 3006 et
1680 2935 1870 3032 Paralipo-

283 3083 410 3128 menon
435 3055 566 3146 libros,
586 3055 705 3128 Esdrae
723 3080 868 3152 quoqne
893 3070 929 3128 et
954 3056 1083 3128 Esther
1106 3054 1302 3126 volumina.
1327 3054 1379 3126 td
1399 3053 1581 3146 ultimum,
1606 3054 1682 3127 sine
1709 3056 1868 3153 periculo

283 3177 395 3250 ducat
421 3181 605 3248 Canticum
625 3179 878 3262 Conditorem·
896 3200 964 3266 ne,
991 3177 1021 3247 si
1037 3176 1074 3246 in
1093 3173 1241 3247 exordio
1266 3173 1406 3271 legerit,
1434 3173 1501 3245 sub
1525 3173 1725 3248 carnalibus
1752 3173 1869 3248 verbis

281 3299 513 3398 spiritualium
530 3298 737 3395 nuptiarum
755 3295 1023 3397 epithalamium
1040 3319 1114 3367 non
1134 3293 1354 3391 intelligens,
1371 3293 1588 3366 vulneretur.
1605 3298 1736 3367 Caveat
1748 3297 1868 3366 omnia

281 3418 505 3517 apocrypha,
531 3432 585 3507 et,
610 3416 809 3517 siquando
832 3439 969 3487 canon
994 3414 1040 3487 ad
1065 3415 1276 3512 dogmatum
1299 3411 1592 3502 veritatem,.sed
1618 3413 1662 3485 ad
1687 3413 1868 3510 signorum

281 3539 515 3612 reverentiam
541 3536 656 3636 legere
682 3534 849 3627 voluerit,
875 3535 962 3608 sciat
979 3559 1054 3607 uon
1073 3559 1199 3607 eorum
1218 3559 1295 3607 esse
1314 3557 1470 3632 quornm
1489 3531 1866 3630 titulis'praenotantnr,

283 3659 464 3757 multaque
476 3658 533 3731 his
544 3657 701 3730 admixta
714 3657 852 3748 vitiosa,
863 3671 897 3728 et
909 3655 1052 3754 grandis
1059 3654 1341 3755 esscprudentiae
1348 3677 1475 3726 aurum
1488 3655 1525 3726 in
1539 3651 1615 3726 luto
1623 3677 1793 3751 quaerere.
1805 3657 1870 3749 Cy-

283 3769 1869 3879 prianiopusculasemperinmanuteneatdthanasiiepistolas,etHilariilibrosinoffenso

281 3897 713 4000 decurratpede.lllorum
723 3895 940 3989 tractatibus,
950 3895 1094 3968 illorum
1104 3895 1300 3967 delectetur
1310 3896 1472 3991 ingeniis,
1482 3895 1681 3992 inquorum
1691 3893 1788 3966 libris
1799 3896 1871 3994 pie·
1961 3971 1967 3978 .

209 4031 214 4042 ’
282 4039 332 4094 tas
347 4046 422 4095 non
434 4019 583 4094 vacillet.
601 4025 755 4092 Caeteros
765 4021 816 4090 sic
824 4018 929 4116 legat,
946 4031 986 4089 ut
999 4017 1111 4113 magis
1116 4015 1265 4112 judicet,
1278 4037 1388 4112 quarn
1398 4029 1579 4112 sequatur.
1596 4013 1841 4112 Respondebis
1858 4047 1864 4084 :

280 4141 475 4231 Quomodo
497 4141 574 4214 haec
596 4141 718 4212 omnia
739 4137 867 4212 mulier
892 4135 1085 4228 saecularis,
1112 4138 1149 4208 iu
1176 4151 1273 4208 tanta
1289 4133 1486 4232 frequentia
1502 4133 1715 4226 hominum,
1749 4139 1869 4207 Romae

280 4261 458 4335 custodire
474 4259 627 4361 potero?
647 4258 727 4332 Noli
746 4283 830 4356 ergo
847 4255 966 4331 subire
983 4281 1098 4348 onus,
1119 4255 1220 4354 quod
1236 4255 1325 4328 ferre
1344 4278 1419 4326 non
1437 4269 1559 4352 potes3
1578 4252 1661 4344 sed,
1678 4269 1867 4354 postquam

280 4382 510 4456 ablactaveris
534 4405 613 4454 earn
635 4405 718 4452 cnm
743 4383 858 4470 leaeo,
881 4393 916 4451 et
933 4378 1091 4451 vestieris
1119 4402 1203 4448 cnm
1230 4375 1413 4461 Samuele,
1444 4373 1544 4446 mitte
1569 4375 1655 4446 aviae
1677 4389 1713 4446 et
1737 4376 1863 4447 amitae.

281 4501 402 4575 lledde
414 4501 704 4600 pretiosissimam
722 4523 902 4598 gemmam
919 4496 1086 4570 cubiculo
1099 4497 1234 4586 Mariae,
1251 4511 1287 4567 et
1304 4495 1405 4567 cunis
1423 4500 1503 4567 lesu
1521 4494 1692 4592 vagientis
1706 4495 1863 4594 impone.
1943 4593 1946 4598 Ι

279 4623 459 4695 Nutriatur
474 4623 511 4693 in
525 4620 763 4710 monasteri03
784 4621 834 4692 sic
847 4620 939 4690 inter
960 4618 1138 4715 virginum
1161 4615 1311 4708 choros,
1330 4615 1451 4712 jurare
1473 4637 1546 4685 non
1567 4614 1699 4707 discat3
1727 4618 1868 4687 mentiri

281 4743 501 4841 sacrilegium
532 4757 654 4841 putet;
680 4741 815 4812 nesciat
841 4738 1020 4831 seculum,
1049 4739 1145 4811 vivat
1173 4734 1349 4835 angelice3
1376 4737 1421 4809 sit
1445 4737 1482 4807 in
1506 4757 1613 4806 carne
1638 4735 1715 4807 sine
1738 4760 1865 4827 carne;
1939 4757 1944 4767 ·

282 4891 390 4940 omne
418 4867 608 4938 homiuum
634 4887 746 4964 genus
763 4863 818 4934 sui
835 4859 949 4934 simile
967 4875 1078 4960 putet.
1106 4863 1170 4950 Et,
1193 4874 1232 4931 ut
1250 4874 1373 4932 caetera
1392 4873 1548 4948 taceam,
1569 4871 1664 4929 certe
1688 4855 1869 4932 reliberet

279 4986 445 5060 servandi
462 4985 689 5076 difficultate,
708 4999 744 5057 et
759 4981 928 5055 custodiae
945 4979 1116 5081 periculo.
1134 4979 1258 5052 Melius
1280 4994 1332 5052 est
1351 4978 1414 5050 tibi
1437 4977 1640 5051 desiderare
1657 4976 1839 5050 absentem
1856 5033 1865 5068 ,

320 5255 327 5276 ‘
343 5261 384 5314 ste
397 5261 459 5314 coe.
471 5259 565 5315 Victor.
577 5287 595 5299 -
606 5261 710 5312 teum
721 5259 786 5310 Edit.
798 5257 869 5310 dmb.
884 5285 914 5298 -·
925 5255 935 5283 ¹
947 5255 1020 5320 thid..
1032 5273 1058 5323 p.
1072 5255 1117 5306 59⁴
1132 5265 1157 5306 et
1169 5270 1209 5320 sq.
