4510 6108
457 559 528 632 468
1051 560 1179 631 PETRI
1206 559 1441 631 ABAELARlll

455 714 558 796 pater
573 714 672 789 tuus,
692 701 753 797 qui
769 699 867 770 videt
883 701 919 770 in
937 699 1149 772 abscondito
1161 705 1182 790 ¹,
1202 699 1329 772 reddet
1344 699 1422 770 tibi.
1443 701 1595 770 Orantes
1612 712 1732 769 antem
1752 696 1863 769 nolite
1885 695 2034 770 multum

455 814 572 914 loqui,
595 819 685 888 sicut
708 817 853 888 ethnici.
873 823 1002 890 Putant
1024 819 1120 890 enim
1140 819 1240 916 quod
1261 820 1298 889 in
1320 817 1546 914 multiloquio
1568 843 1634 888 suo
1655 816 1902 888 exaudiantur.
1922 816 2034 888 Nolite

454 957 539 1030 ergo
556 933 741 1008 assimilari
757 937 807 1007 eis
825 964 832 1006 :
848 923 913 1007 scil
930 939 1026 1008 enim
1042 951 1143 1036 pater
1159 952 1275 1008 vester
1290 936 1378 1034 quid
1396 936 1500 1008 vobis
1516 961 1607 1034 opus
1624 936 1686 1024 sit,
1703 950 1894 1032 antequam
1909 939 2034 1034 petatis

454 1053 574 1126 abeo.
594 1057 651 1126 Sic
671 1071 791 1127 autem
810 1043 980 1129 orabitis:
999 1063 1135 1129 «Pater
1159 1073 1282 1129 noster
1301 1059 1363 1154 qui
1385 1082 1423 1128 cs
1443 1058 1480 1127 in
1506 1057 1620 1145 coelis,
1639 1055 1878 1128 sanctificetur
1901 1081 2032 1128 nomen

455 1201 472 1240 c
485 1190 612 1284 tuum.¹
622 1176 792 1249 adveniat
809 1202 959 1274 regnum
982 1193 1098 1249 tuum.
1118 1181 1195 1250 Fiat
1209 1171 1379 1249 voluntas
1392 1193 1453 1249 tua
1470 1179 1561 1248 sicut
1577 1178 1613 1247 in
1630 1176 1722 1248 coelo
1738 1191 1774 1247 et
1790 1177 1828 1246 in
1845 1190 1951 1248 terra.
1970 1182 2032 1248 Pa·

454 1325 472 1364 a
484 1323 568 1368 nem
581 1313 744 1371 nostrum
754 1299 1131 1398 supersubstantialem
1142 1300 1187 1371 da
1196 1299 1301 1371 nobis
1310 1298 1432 1371 hodie.
1443 1305 1487 1370 Et
1497 1299 1637 1370 dimitte
1649 1298 1755 1370 nobis
1766 1298 1887 1369 debita
1896 1313 2030 1384 nostra,

453 1449 469 1487 u
483 1421 574 1492 sicut
590 1435 625 1492 et
637 1447 704 1494 nos
722 1422 932 1494 dimittimus
949 1422 1172 1496 debitoribus
1189 1423 1332 1495 nostris.
1352 1427 1396 1492 Et
1412 1447 1458 1492 ne
1475 1446 1541 1493 nos
1559 1420 1707 1492 inducas
1723 1421 1760 1492 in
1778 1421 2029 1508 tentationcm;

453 1540 543 1611 «sed
556 1540 668 1615 libera
684 1569 751 1617 nos
767 1569 789 1614 a
805 1543 913 1615 malo.
929 1543 1153 1640 »Diligenter
1168 1568 1235 1615 nos
1252 1544 1427 1614 Dominus
1445 1542 1490 1612 de
1507 1543 1670 1613 oratione
1687 1541 1877 1629 instruens,
1890 1565 1964 1611 non
1976 1567 2032 1612 so·

447 1658 523 1730 lurn
539 1660 736 1733 verborum
753 1664 1086 1761 pronuntiationem
1103 1661 1229 1752 tradit,
1248 1687 1374 1733 verum
1391 1663 1498 1734 etiam
1516 1660 1562 1732 de
1578 1657 1777 1731 intentione
1802 1685 1870 1731 nos
1893 1659 2027 1746 erudit,

447 1793 487 1848 ut
503 1780 618 1850 oratio
635 1779 816 1852 fructuosa
832 1780 937 1852 nobis
954 1806 1030 1853 esse
1046 1783 1170 1879 possit.

499 1927 516 1964 u
532 1899 628 1970 Sicut
642 1899 854 1998 hypocritae,
870 1929 887 1968 »
902 1902 1035 1998 inquit,
1051 1901 1122 1972 hoc
1137 1915 1206 1989 est,
1221 1925 1296 1971 non
1314 1923 1354 1970 ea
1372 1899 1571 1970 intentione
1582 1923 1653 1995 qua
1666 1897 1745 1970 illos
1757 1913 1897 1969 constat
1913 1923 2025 1971 orare.

447 2021 610 2104 Quorum
627 2020 774 2117 quidem
789 2022 1027 2093 intentionem
1045 2021 1221 2119 aperiens,
1234 2021 1303 2090 ait:
1320 2034 1385 2091 «ut
1393 2018 1584 2090 videantur
1600 2018 1645 2090 ab
1662 2017 1871 2089 hominibus
1881 2047 1899 2085 u
1912 2019 2029 2116 potius

445 2162 556 2235 quam
572 2164 592 2211 a
610 2144 704 2229 Deo,
729 2140 817 2211 dum
840 2142 889 2212 eis
910 2140 1051 2239 placere
1072 2155 1264 2239 appetunt,
1284 2138 1450 2237 aquibus
1471 2141 1522 2210 sic
1542 2138 1665 2210 laudes
1689 2137 1746 2210 vel
1767 2154 1909 2210 terrena
1928 2164 2027 2211 corn·

445 2258 555 2331 moda
564 2260 762 2357 requirunt.
777 2261 847 2347 Qui
859 2275 899 2331 ut
912 2286 933 2332 a
944 2259 1107 2359 pluribus
1119 2261 1278 2358 conspici
1288 2261 1440 2358 possint,
1458 2273 1642 2348 «amantur
1659 2259 1831 2355 inquit,in
1840 2261 2028 2355 synagogis

444 2391 480 2448 et
497 2378 533 2448 in
551 2378 689 2474 angulis
698 2378 915 2477 platearum,
930 2407 948 2446 >r
967 2379 1038 2449 hoc
1055 2394 1120 2467 est,
1134 2379 1170 2449 in
1188 2377 1339 2476 publicis
1356 2378 1593 2480 cmrventibus
1604 2377 1808 2466 hominum,
1824 2377 1896 2449 hoc
1908 2403 2022 2474 agere.

445 2497 523 2564 Non
542 2494 629 2566 dicit
645 2496 850 2595 simpliciter
867 2521 928 2568 eos
944 2496 995 2568 ibi
1012 2521 1132 2586 orare,
1151 2497 1235 2595 quia
1252 2497 1303 2570 ibi
1319 2521 1339 2569 a
1356 2497 1517 2596 pluribus
1533 2496 1646 2567 videri
1667 2512 1830 2594 possunt.
1844 2501 1922 2567 -Nec
1942 2496 2028 2568 dicit

442 2615 479 2686 in
496 2616 641 2714 plateis,
658 2616 721 2688 sed
738 2617 774 2688 in
792 2617 929 2714 angulis
945 2605 1163 2716 platearum,
1178 2620 1280 2716 quasi
1293 2617 1529 2717 conspectum
1542 2617 1733 2688 hominum
1747 2619 1870 2714 sugere
1884 2619 2027 2690 videan-

442 2749 512 2825 tur,
532 2762 570 2807 se
594 2737 631 2808 iri
659 2738 796 2834 angulis
821 2738 1057 2828 occultando,
1085 2765 1195 2837 quern
1220 2739 1373 2810 maxime
1398 2752 1586 2837 appetunt.
1613 2741 1753 2810 Stantes
1778 2753 1883 2811 orant
1906 2741 2025 2837 potius

440 2881 551 2953 quarn
567 2856 731 2946 sedentes
746 2857 803 2929 vel
819 2858 1061 2957 procubantes
1078 2873 1138 2930 :ut
1155 2883 1198 2930 eo
1215 2859 1450 2955 religiosiores
1466 2872 1650 2956 putentur,
1664 2883 1738 2956 quo
1754 2882 1792 2928 se
1807 2858 1845 2928 in
1863 2860 2024 2930 oratione

441 2979 552 3074 magis
574 2979 730 3076 affligere
751 2978 960 3051 creduntur.
982 3008 1000 3048 u
1020 2985 1274 3078 Perceperunt,
1294 3007 1311 3047 n
1335 2981 1468 3078 inquit,
1490 2978 1767 3050 «mercedem»
1791 2978 1962 3050 orationis
1978 2981 2023 3052 ab

413 3175 421 3190 ,
439 3095 649 3171 hominibus
664 3101 701 3170 in
718 3102 900 3198 praesenti,
919 3125 994 3172 non
1012 3125 1092 3172 eam
1108 3099 1342 3199 postmodum
1359 3124 1380 3171 a
1395 3102 1472 3170 Deo
1489 3100 1703 3197 percepturi.
1722 3101 1857 3170 Merces
1876 3099 1951 3171 sive
1970 3125 2025 3204 re7

439 3218 641 3289 muneratio
663 3219 836 3290 orationis
852 3217 907 3290 his
923 3218 1101 3310 redditur,
1122 3245 1234 3317 quum
1250 3218 1373 3290 laudes
1389 3219 1565 3290 humanas
1582 3217 1639 3289 vel
1654 3233 1795 3290 terrena
1811 3218 2020 3308 commoda,

438 3360 517 3432 quae
530 3337 615 3408 inde
627 3339 832 3434 requirunt,
848 3338 1107 3437 adipiscuntur.
1127 3344 1207 3409 «Tu
1224 3352 1344 3410 autem
1361 3339 1566 3435 quicunque
1582 3362 1633 3428 es,
1648 3362 1760 3435 quum
1773 3337 1909 3424 orabis,
1926 3353 2021 3409 etc.»

438 3453 652 3527 Cubiculum
669 3471 851 3546 nostrum,
871 3457 907 3527 in
925 3481 999 3553 quo
1017 3457 1288 3554 requiescimus,
1308 3482 1409 3528 mens
1426 3471 1550 3528 nostra
1566 3470 1636 3545 est,
1656 3482 1677 3527 a
1693 3455 2022 3554 perturbationibus

438 3574 631 3646 mundanis
652 3590 806 3666 semota,
826 3591 866 3647 ut
882 3581 958 3648 Deo
975 3592 1143 3648 vacantes
1158 3579 1344 3675 puriorem
1358 3577 1556 3648 habeamus
1570 3578 1792 3666 orationem,
1812 3591 1888 3648 tota
1904 3579 2021 3650 inten-

437 3694 536 3765 tione
553 3710 675 3767 nostra
690 3697 727 3767 in
746 3721 828 3768 eum
846 3696 993 3769 directa.
1014 3699 1163 3794 Ingressi
1180 3697 1402 3786 cubiculum,
1423 3699 1555 3769 ostium
1576 3699 1651 3794 ejus
1672 3696 1888 3786 claudimus,
1908 3723 1953 3770 ne
1975 3700 2022 3772 ab

437 3813 530 3903 aliis,
550 3815 613 3886 sed
631 3839 652 3887 a
667 3816 746 3888 solo
762 3821 840 3888 Deo
860 3817 1060 3908 videamur,
1080 3843 1193 3915 quum
1216 3818 1334 3890 modis
1355 3817 1523 3889 omnibus
1544 3817 1792 3915 providemus,
1816 3844 1862 3890 ne
1881 3821 1932 3890 sic
1956 3845 2021 3917 per

436 3935 637 4006 orationem
655 3951 816 4008 nostram
832 3936 1040 4014 hominibus
1056 3937 1273 4036 placeamus,
1293 3953 1332 4008 ut
1348 3939 1425 4008 Deo
1443 3936 1630 4035 displicere
1647 3961 1860 4008 mereamur.
1881 3943 1920 4008 ln
1938 3937 2020 4010 abs·

434 4054 583 4126 condito
605 4056 716 4151 magis
737 4081 847 4153 quam
868 4057 904 4126 in
928 4057 1117 4128 manifesto
1135 4061 1230 4128 Deus
1247 4057 1369 4127 videre
1387 4057 1529 4145 dicitur,
1548 4056 1633 4152 quia
1653 4055 1825 4153 probator
1843 4055 1964 4127 cordis
1985 4072 2022 4128 et

434 4199 576 4264 renum,
596 4201 670 4245 uon
688 4190 762 4246 tam
779 4201 857 4274 quae
874 4176 981 4265 fiunt,
997 4201 1105 4273 quam
1120 4201 1193 4272 quo
1207 4177 1327 4247 animo
1340 4176 1428 4246 fiant
1440 4176 1607 4265 attendit,
1623 4191 1774 4246 nectam
1787 4199 2020 4273 operaquam

433 4295 671 4367 intentionem
696 4312 913 4368 remunerat.
935 4325 953 4364 u
969 4299 1121 4368 Orantes
1145 4310 1265 4368 autem
1291 4296 1419 4387 nolite,
1439 4312 1508 4367 etc.
1535 4324 1552 4363 2>
1581 4302 1657 4368 Hoc
1682 4311 1752 4384 est,
1772 4322 1818 4367 ne
1843 4301 2020 4395 appetatis

433 4416 672 4515 prolixitatem
696 4416 889 4488 verborum
918 4418 955 4487 in
979 4418 1159 4505 oratione,
1179 4441 1221 4488 ea
1236 4442 1308 4514 qua
1325 4417 1485 4488 infideles
1503 4417 1636 4488 faciunt
1652 4417 1865 4488 intentione.
1888 4423 2020 4490 Putant

433 4537 542 4624 enim,
559 4536 659 4633 quod
675 4551 811 4633 quanto
822 4535 993 4633 prolixior
1008 4537 1126 4608 verbis
1142 4538 1257 4609 oratio
1274 4561 1338 4608 sua
1356 4537 1477 4624 luerit,
1489 4552 1591 4607 tanto
1609 4537 1720 4632 magis
1732 4561 1752 4607 a
1765 4541 1843 4608 Deo
1858 4537 2019 4610 exaudiri

432 4670 564 4752 posset,
577 4680 685 4752 quem
697 4681 771 4726 non
785 4654 918 4753 ubique
927 4672 1137 4754 praesentem
1147 4657 1335 4744 aestimant,
1349 4671 1384 4726 et
1393 4655 1510 4727 verbis
1523 4656 1681 4751 indigere
1690 4671 1831 4753 putant,
1841 4656 1973 4753 quibus
1983 4661 2019 4729 ei

432 4775 532 4873 quod
545 4775 710 4848 volumus
727 4776 960 4847 insinuemus.
974 4775 1089 4847 Nolite
1106 4801 1190 4872 crgo
1207 4777 1244 4847 in
1256 4776 1325 4847 hac
1342 4775 1475 4847 scilicet
1490 4776 1690 4846 intentione
1707 4773 1838 4844 similes
1855 4775 1905 4846 eis
1922 4774 2014 4846 fieri.
2049 4809 2052 4814 ·

483 4899 621 4966 «Pater
643 4909 778 4966 noster.
800 4923 817 4962 »
841 4897 934 4966 Octo
957 4910 1077 4966 autem
1097 4894 1258 4993 partibus
1279 4894 1354 4966 baec
1374 4893 1574 4966 secundum
1594 4889 1798 4965 Matthaeum
1816 4895 1936 4965 oratio
1957 4894 2017 4964 di-

396 5201 400 5208 ·
464 5167 472 5194 ⁴
489 5168 530 5218 Sic
542 5167 602 5218 Cod.
617 5167 703 5216 Vict-
713 5167 834 5216 lirronso
843 5149 909 5216 Edit.
922 5165 992 5217 Amb.
