<?xml version="1.0" encoding="UTF-8"?>
<!DOCTYPE html PUBLIC "-//W3C//DTD XHTML 1.0 Transitional//EN"
    "http://www.w3.org/TR/xhtml1/DTD/xhtml1-transitional.dtd">
<html xmlns="http://www.w3.org/1999/xhtml" xml:lang="en" lang="en">
 <head>
  <title>
</title>
<meta http-equiv="Content-Type" content="text/html;charset=utf-8" />
  <meta name='ocr-system' content='tesseract 3.04.00' />
  <meta name='ocr-capabilities' content='ocr_page ocr_carea ocr_par ocr_line ocrx_word'/>
</head>
<body>
  <div class='ocr_page' id='page_1' title='image "./petriablardiope01despgoog_0254.png"; bbox 0 0 4520 6104; ppageno 0'>
   <div class='ocr_carea' id='block_1_1' title="bbox 210 645 1808 1126">
    <p class='ocr_par' dir='ltr' id='par_1_1' title="bbox 210 645 1808 1126">
     <span class='ocr_line' id='line_1_1' title="bbox 580 645 1807 730; baseline 0.011 -13"><span class='ocrx_word' id='word_1_1' title='bbox 580 645 670 718; x_wconf 85' lang='lat' dir='ltr'>CUM</span> <span class='ocrx_word' id='word_1_2' title='bbox 694 647 822 718; x_wconf 81' lang='lat' dir='ltr'><strong>PETRI</strong></span> <span class='ocrx_word' id='word_1_3' title='bbox 838 649 1085 723; x_wconf 72' lang='lat' dir='ltr'>-rttffltrtttut</span> <span class='ocrx_word' id='word_1_4' title='bbox 1102 651 1436 724; x_wconf 74' lang='lat' dir='ltr'>souuuorttssus.</span> <span class='ocrx_word' id='word_1_5' title='bbox 1734 658 1807 730; x_wconf 83' lang='lat'>239</span> 
     </span>
     <span class='ocr_line' id='line_1_2' title="bbox 210 785 1808 890; baseline 0.008 -33"><span class='ocrx_word' id='word_1_6' title='bbox 210 787 367 884; x_wconf 80' lang='lat' dir='ltr'>justitia,</span> <span class='ocrx_word' id='word_1_7' title='bbox 392 785 491 858; x_wconf 85' lang='lat' dir='ltr'>etde</span> <span class='ocrx_word' id='word_1_8' title='bbox 514 785 676 883; x_wconf 86' lang='lat' dir='ltr'>judicio:</span> <span class='ocrx_word' id='word_1_9' title='bbox 698 789 747 860; x_wconf 86' lang='lat' dir='ltr'>de</span> <span class='ocrx_word' id='word_1_10' title='bbox 766 805 915 888; x_wconf 85' lang='lat' dir='ltr'>peceato</span> <span class='ocrx_word' id='word_1_11' title='bbox 933 791 1098 888; x_wconf 85' lang='lat' dir='ltr'>quidem,</span> <span class='ocrx_word' id='word_1_12' title='bbox 1117 793 1203 890; x_wconf 87' lang='lat' dir='ltr'>qnia</span> <span class='ocrx_word' id='word_1_13' title='bbox 1228 817 1304 865; x_wconf 91' lang='lat' dir='ltr'>non</span> <span class='ocrx_word' id='word_1_14' title='bbox 1328 791 1558 864; x_wconf 86' lang='lat' dir='ltr'>crediderunt</span> <span class='ocrx_word' id='word_1_15' title='bbox 1585 788 1628 865; x_wconf 66' lang='lat' dir='ltr'>in&#39;</span> <span class='ocrx_word' id='word_1_16' title='bbox 1645 817 1729 886; x_wconf 78' lang='lat' dir='ltr'>rne3</span> <span class='ocrx_word' id='word_1_17' title='bbox 1759 799 1808 871; x_wconf 87' lang='lat' dir='ltr'>de</span> 
     </span>
     <span class='ocr_line' id='line_1_3' title="bbox 210 906 1805 1009; baseline 0.007 -31"><span class='ocrx_word' id='word_1_18' title='bbox 210 907 347 1002; x_wconf 87' lang='lat' dir='ltr'>justitia</span> <span class='ocrx_word' id='word_1_19' title='bbox 369 929 481 995; x_wconf 79' lang='lat' dir='ltr'>vero,</span> <span class='ocrx_word' id='word_1_20' title='bbox 505 907 589 1003; x_wconf 82' lang='lat' dir='ltr'>quia</span> <span class='ocrx_word' id='word_1_21' title='bbox 614 906 661 978; x_wconf 88' lang='lat' dir='ltr'>ad</span> <span class='ocrx_word' id='word_1_22' title='bbox 682 910 963 1007; x_wconf 77' lang='lat' dir='ltr'>patremvado,</span> <span class='ocrx_word' id='word_1_23' title='bbox 986 912 1116 1008; x_wconf 74' lang='lat' dir='ltr'>etjam</span> <span class='ocrx_word' id='word_1_24' title='bbox 1136 937 1212 984; x_wconf 91' lang='lat' dir='ltr'>uon</span> <span class='ocrx_word' id='word_1_25' title='bbox 1227 912 1397 989; x_wconf 73' lang='lat' dir='ltr'>uidebitis</span> <span class='ocrx_word' id='word_1_26' title='bbox 1413 936 1497 1002; x_wconf 79' lang='lat' dir='ltr'>me3</span> <span class='ocrx_word' id='word_1_27' title='bbox 1518 911 1566 984; x_wconf 88' lang='lat' dir='ltr'>de</span> <span class='ocrx_word' id='word_1_28' title='bbox 1579 913 1717 1009; x_wconf 84' lang='lat' dir='ltr'>judicio</span> <span class='ocrx_word' id='word_1_29' title='bbox 1740 943 1805 989; x_wconf 89' lang='lat' dir='ltr'>au·</span> 
     </span>
     <span class='ocr_line' id='line_1_4' title="bbox 214 1026 1149 1126; baseline 0.001 -30"><span class='ocrx_word' id='word_1_30' title='bbox 214 1041 311 1116; x_wconf 88' lang='lat' dir='ltr'>tem,</span> <span class='ocrx_word' id='word_1_31' title='bbox 331 1027 439 1123; x_wconf 86' lang='lat' dir='ltr'>quia,</span> <span class='ocrx_word' id='word_1_32' title='bbox 459 1026 905 1126; x_wconf 85' lang='lat' dir='ltr'>princeps-mnndi.hujus</span> <span class='ocrx_word' id='word_1_33' title='bbox 920 1029 1110 1126; x_wconf 85' lang='lat' dir='ltr'>judicatus.</span> <span class='ocrx_word' id='word_1_34' title='bbox 1132 1059 1149 1098; x_wconf 80' lang='lat' dir='ltr'>n</span> 
     </span>
    </p>
   </div>
   <div class='ocr_carea' id='block_1_2' title="bbox 795 1219 1183 1293">
    <p class='ocr_par' dir='ltr' id='par_1_2' title="bbox 795 1219 1183 1293">
     <span class='ocr_line' id='line_1_5' title="bbox 795 1219 1183 1293; baseline 0.008 -4"><span class='ocrx_word' id='word_1_35' title='bbox 795 1221 797 1224; x_wconf 68' lang='grc'>’</span> <span class='ocrx_word' id='word_1_36' title='bbox 829 1219 964 1292; x_wconf 79' lang='lat' dir='ltr'>Solatia</span> <span class='ocrx_word' id='word_1_37' title='bbox 989 1220 1183 1293; x_wconf 79' lang='lat' dir='ltr'>Aboelardi.</span> 
     </span>
    </p>
   </div>
   <div class='ocr_carea' id='block_1_3' title="bbox 210 1387 1802 2086">
    <p class='ocr_par' dir='ltr' id='par_1_3' title="bbox 210 1387 1802 2086">
     <span class='ocr_line' id='line_1_6' title="bbox 263 1387 1799 1488; baseline 0.006 -28"><span class='ocrx_word' id='word_1_38' title='bbox 263 1393 392 1485; x_wconf 81' lang='lat' dir='ltr'>Arguat</span> <span class='ocrx_word' id='word_1_39' title='bbox 410 1411 477 1487; x_wconf 86' lang='lat' dir='ltr'>per</span> <span class='ocrx_word' id='word_1_40' title='bbox 496 1387 700 1486; x_wconf 78' lang='lat' dir='ltr'>apostotos,</span> <span class='ocrx_word' id='word_1_41' title='bbox 722 1413 815 1486; x_wconf 89' lang='lat' dir='ltr'>quos</span> <span class='ocrx_word' id='word_1_42' title='bbox 835 1389 1008 1488; x_wconf 77' lang='lat' dir='ltr'>replebit,</span> <span class='ocrx_word' id='word_1_43' title='bbox 1030 1415 1105 1462; x_wconf 91' lang='lat' dir='ltr'>non</span> <span class='ocrx_word' id='word_1_44' title='bbox 1131 1391 1397 1488; x_wconf 72' lang='lat' dir='ltr'>unumpartem</span> <span class='ocrx_word' id='word_1_45' title='bbox 1415 1393 1562 1484; x_wconf 88' lang='lat' dir='ltr'>mundi,</span> <span class='ocrx_word' id='word_1_46' title='bbox 1582 1395 1645 1466; x_wconf 85' lang='lat' dir='ltr'>sed</span> <span class='ocrx_word' id='word_1_47' title='bbox 1663 1411 1799 1486; x_wconf 85' lang='lat' dir='ltr'>toturn,</span> 
     </span>
     <span class='ocr_line' id='line_1_7' title="bbox 212 1507 1801 1612; baseline 0.006 -34"><span class='ocrx_word' id='word_1_48' title='bbox 212 1508 419 1606; x_wconf 85' lang='lat' dir='ltr'>depeccato</span> <span class='ocrx_word' id='word_1_49' title='bbox 438 1507 570 1579; x_wconf 73' lang='lat' dir='ltr'>scitica</span> <span class='ocrx_word' id='word_1_50' title='bbox 583 1523 835 1607; x_wconf 75' lang='lat' dir='ltr'><strong>perseverante</strong></span> <span class='ocrx_word' id='word_1_51' title='bbox 849 1508 931 1579; x_wconf 50' lang='lat' dir='ltr'>‘vel‘</span> <span class='ocrx_word' id='word_1_52' title='bbox 953 1525 1093 1580; x_wconf 84' lang='lat' dir='ltr'>retento</span> <span class='ocrx_word' id='word_1_53' title='bbox 1113 1508 1159 1579; x_wconf 86' lang='lat' dir='ltr'>ab</span> <span class='ocrx_word' id='word_1_54' title='bbox 1185 1509 1413 1602; x_wconf 90' lang='lat' dir='ltr'>hominibus,</span> <span class='ocrx_word' id='word_1_55' title='bbox 1435 1526 1586 1610; x_wconf 83' lang='lat' dir='ltr'>propter</span> <span class='ocrx_word' id='word_1_56' title='bbox 1602 1513 1694 1604; x_wconf 93' lang='lat' dir='ltr'>hoc,</span> <span class='ocrx_word' id='word_1_57' title='bbox 1718 1517 1801 1612; x_wconf 85' lang='lat' dir='ltr'>quia</span> 
     </span>
     <span class='ocr_line' id='line_1_8' title="bbox 211 1625 1801 1729; baseline 0.005 -30"><span class='ocrx_word' id='word_1_58' title='bbox 211 1651 288 1700; x_wconf 88' lang='lat' dir='ltr'>nou</span> <span class='ocrx_word' id='word_1_59' title='bbox 310 1625 540 1700; x_wconf 86' lang='lat' dir='ltr'>crediderunt</span> <span class='ocrx_word' id='word_1_60' title='bbox 558 1627 598 1697; x_wconf 90' lang='lat' dir='ltr'>in</span> <span class='ocrx_word' id='word_1_61' title='bbox 617 1651 690 1698; x_wconf 87' lang='lat' dir='ltr'>me.</span> <span class='ocrx_word' id='word_1_62' title='bbox 715 1631 846 1723; x_wconf 79' lang='lat' dir='ltr'>Arguat</span> <span class='ocrx_word' id='word_1_63' title='bbox 867 1625 919 1698; x_wconf 89' lang='lat' dir='ltr'>de</span> <span class='ocrx_word' id='word_1_64' title='bbox 935 1627 1093 1723; x_wconf 87' lang='lat' dir='ltr'>justitia,</span> <span class='ocrx_word' id='word_1_65' title='bbox 1127 1626 1280 1698; x_wconf 84' lang='lat' dir='ltr'>scilicet¹</span> <span class='ocrx_word' id='word_1_66' title='bbox 1309 1650 1375 1725; x_wconf 88' lang='lat' dir='ltr'>per</span> <span class='ocrx_word' id='word_1_67' title='bbox 1396 1631 1572 1728; x_wconf 84' lang='lat' dir='ltr'>meipsum</span> <span class='ocrx_word' id='word_1_68' title='bbox 1590 1650 1801 1729; x_wconf 74' lang='lat' dir='ltr'>praesentem</span> 
     </span>
     <span class='ocr_line' id='line_1_9' title="bbox 214 1746 1801 1849; baseline 0.005 -31"><span class='ocrx_word' id='word_1_69' title='bbox 214 1746 358 1836; x_wconf 81' lang='lat' dir='ltr'>oblata,</span> <span class='ocrx_word' id='word_1_70' title='bbox 378 1761 415 1818; x_wconf 89' lang='lat' dir='ltr'>et</span> <span class='ocrx_word' id='word_1_71' title='bbox 432 1770 507 1818; x_wconf 87' lang='lat' dir='ltr'>nou</span> <span class='ocrx_word' id='word_1_72' title='bbox 527 1761 690 1846; x_wconf 88' lang='lat' dir='ltr'>suscepta</span> <span class='ocrx_word' id='word_1_73' title='bbox 706 1761 794 1818; x_wconf 89' lang='lat' dir='ltr'>tuno</span> <span class='ocrx_word' id='word_1_74' title='bbox 809 1771 923 1844; x_wconf 90' lang='lat' dir='ltr'>quum</span> <span class='ocrx_word' id='word_1_75' title='bbox 937 1771 1094 1845; x_wconf 63' lang='lat' dir='ltr'>presens</span> <span class='ocrx_word' id='word_1_76' title='bbox 1113 1771 1253 1836; x_wconf 88' lang='lat' dir='ltr'>essem,</span> <span class='ocrx_word' id='word_1_77' title='bbox 1275 1747 1474 1844; x_wconf 84' lang='lat' dir='ltr'>quomjam</span> <span class='ocrx_word' id='word_1_78' title='bbox 1495 1774 1706 1849; x_wconf 87' lang='lat' dir='ltr'>recuperare</span> <span class='ocrx_word' id='word_1_79' title='bbox 1727 1779 1801 1828; x_wconf 92' lang='lat' dir='ltr'>non</span> 
     </span>
     <span class='ocr_line' id='line_1_10' title="bbox 210 1865 1802 1966; baseline 0.004 -28"><span class='ocrx_word' id='word_1_80' title='bbox 210 1881 362 1966; x_wconf 70' lang='lat' dir='ltr'>poaeunt</span> <span class='ocrx_word' id='word_1_81' title='bbox 375 1881 523 1938; x_wconf 63' lang='lat' dir='ltr'>suumin</span> <span class='ocrx_word' id='word_1_82' title='bbox 543 1865 590 1937; x_wconf 91' lang='lat' dir='ltr'>ad</span> <span class='ocrx_word' id='word_1_83' title='bbox 617 1871 780 1957; x_wconf 86' lang='lat' dir='ltr'>Patrem,</span> <span class='ocrx_word' id='word_1_84' title='bbox 800 1866 924 1962; x_wconf 82' lang='lat' dir='ltr'>etjam</span> <span class='ocrx_word' id='word_1_85' title='bbox 944 1866 1036 1938; x_wconf 82' lang='lat' dir='ltr'>ultra</span> <span class='ocrx_word' id='word_1_86' title='bbox 1053 1865 1112 1937; x_wconf 91' lang='lat' dir='ltr'>hic</span> <span class='ocrx_word' id='word_1_87' title='bbox 1129 1866 1433 1943; x_wconf 79' lang='lat' dir='ltr'>nonvidendum</span> <span class='ocrx_word' id='word_1_88' title='bbox 1451 1873 1504 1939; x_wconf 90' lang='lat' dir='ltr'>Dc</span> <span class='ocrx_word' id='word_1_89' title='bbox 1517 1869 1654 1964; x_wconf 90' lang='lat' dir='ltr'>judicio</span> <span class='ocrx_word' id='word_1_90' title='bbox 1668 1873 1802 1945; x_wconf 83' lang='lat' dir='ltr'>scilicet</span> 
     </span>
     <span class='ocr_line' id='line_1_11' title="bbox 212 1985 1802 2086; baseline 0.003 -27"><span class='ocrx_word' id='word_1_91' title='bbox 212 1985 511 2086; x_wconf 78' lang='lat' dir='ltr'>praecedentium,</span> <span class='ocrx_word' id='word_1_92' title='bbox 533 1987 570 2056; x_wconf 92' lang='lat' dir='ltr'>in</span> <span class='ocrx_word' id='word_1_93' title='bbox 594 2011 668 2084; x_wconf 91' lang='lat' dir='ltr'>quo</span> <span class='ocrx_word' id='word_1_94' title='bbox 693 2001 816 2074; x_wconf 86' lang='lat' dir='ltr'>erant,</span> <span class='ocrx_word' id='word_1_95' title='bbox 839 1986 913 2057; x_wconf 89' lang='lat' dir='ltr'>hoc</span> <span class='ocrx_word' id='word_1_96' title='bbox 931 2001 983 2058; x_wconf 91' lang='lat' dir='ltr'>est</span> <span class='ocrx_word' id='word_1_97' title='bbox 1002 1987 1140 2085; x_wconf 87' lang='lat' dir='ltr'>peccati</span> <span class='ocrx_word' id='word_1_98' title='bbox 1167 1987 1241 2058; x_wconf 88' lang='lat' dir='ltr'>sive</span> <span class='ocrx_word' id='word_1_99' title='bbox 1266 1987 1408 2083; x_wconf 75' lang='lat' dir='ltr'>justitia</span> <span class='ocrx_word' id='word_1_100' title='bbox 1433 2016 1441 2058; x_wconf 73' lang='grc' dir='ltr'><strong>ε</strong></span> <span class='ocrx_word' id='word_1_101' title='bbox 1472 2012 1556 2060; x_wconf 87' lang='lat' dir='ltr'>curn</span> <span class='ocrx_word' id='word_1_102' title='bbox 1575 2013 1618 2062; x_wconf 88' lang='lat' dir='ltr'>ea</span> <span class='ocrx_word' id='word_1_103' title='bbox 1638 1991 1802 2064; x_wconf 87' lang='lat' dir='ltr'>videlicet</span> 
     </span>
    </p>
   </div>
   <div class='ocr_carea' id='block_1_4' title="bbox 213 2106 1912 2206">
    <p class='ocr_par' dir='ltr' id='par_1_4' title="bbox 213 2106 1912 2206">
     <span class='ocr_line' id='line_1_12' title="bbox 213 2106 1912 2206; baseline 0.003 -26"><span class='ocrx_word' id='word_1_104' title='bbox 213 2133 293 2206; x_wconf 85' lang='lat' dir='ltr'>quae</span> <span class='ocrx_word' id='word_1_105' title='bbox 313 2130 393 2178; x_wconf 89' lang='lat' dir='ltr'>rens</span> <span class='ocrx_word' id='word_1_106' title='bbox 409 2107 465 2178; x_wconf 84' lang='lat' dir='ltr'>vel</span> <span class='ocrx_word' id='word_1_107' title='bbox 481 2107 596 2203; x_wconf 90' lang='lat' dir='ltr'>justos</span> <span class='ocrx_word' id='word_1_108' title='bbox 617 2106 750 2178; x_wconf 83' lang='lat' dir='ltr'>faciunt</span> <span class='ocrx_word' id='word_1_109' title='bbox 770 2107 808 2177; x_wconf 92' lang='lat' dir='ltr'>in</span> <span class='ocrx_word' id='word_1_110' title='bbox 828 2106 997 2205; x_wconf 84' lang='lat' dir='ltr'>operibus</span> <span class='ocrx_word' id='word_1_111' title='bbox 1023 2108 1134 2204; x_wconf 85' lang='lat' dir='ltr'>magis</span> <span class='ocrx_word' id='word_1_112' title='bbox 1150 2131 1260 2203; x_wconf 86' lang='lat' dir='ltr'>quam</span> <span class='ocrx_word' id='word_1_113' title='bbox 1279 2108 1317 2177; x_wconf 92' lang='lat' dir='ltr'>in</span> <span class='ocrx_word' id='word_1_114' title='bbox 1340 2109 1538 2181; x_wconf 91' lang='lat' dir='ltr'>intentione</span> <span class='ocrx_word' id='word_1_115' title='bbox 1558 2113 1798 2204; x_wconf 82' lang='lat' dir='ltr'>constituant,</span> <span class='ocrx_word' id='word_1_116' title='bbox 1904 2107 1912 2124; x_wconf 74' lang='grc'><em>“</em></span> 
     </span>
    </p>
   </div>
   <div class='ocr_carea' id='block_1_5' title="bbox 206 2225 1800 3500">
    <p class='ocr_par' dir='ltr' id='par_1_5' title="bbox 206 2225 1800 3500">
     <span class='ocr_line' id='line_1_13' title="bbox 212 2225 1798 2327; baseline 0.004 -28"><span class='ocrx_word' id='word_1_117' title='bbox 212 2241 249 2299; x_wconf 85' lang='lat' dir='ltr'>et</span> <span class='ocrx_word' id='word_1_118' title='bbox 267 2228 392 2299; x_wconf 87' lang='lat' dir='ltr'>merita</span> <span class='ocrx_word' id='word_1_119' title='bbox 409 2251 484 2298; x_wconf 90' lang='lat' dir='ltr'>non</span> <span class='ocrx_word' id='word_1_120' title='bbox 496 2241 568 2298; x_wconf 89' lang='lat' dir='ltr'>tam</span> <span class='ocrx_word' id='word_1_121' title='bbox 582 2226 781 2298; x_wconf 89' lang='lat' dir='ltr'>secundum</span> <span class='ocrx_word' id='word_1_122' title='bbox 795 2227 955 2298; x_wconf 91' lang='lat' dir='ltr'>animum</span> <span class='ocrx_word' id='word_1_123' title='bbox 968 2280 977 2318; x_wconf 96' lang='lat'>,</span> <span class='ocrx_word' id='word_1_124' title='bbox 994 2251 1103 2322; x_wconf 91' lang='lat' dir='ltr'>quam</span> <span class='ocrx_word' id='word_1_125' title='bbox 1115 2225 1314 2298; x_wconf 91' lang='lat' dir='ltr'>secundum</span> <span class='ocrx_word' id='word_1_126' title='bbox 1327 2229 1575 2326; x_wconf 84' lang='lat' dir='ltr'>operationem</span> <span class='ocrx_word' id='word_1_127' title='bbox 1588 2229 1798 2327; x_wconf 87' lang='lat' dir='ltr'>dijudicent,</span> 
     </span>
     <span class='ocr_line' id='line_1_14' title="bbox 211 2345 1800 2446; baseline 0.005 -28"><span class='ocrx_word' id='word_1_128' title='bbox 211 2349 305 2420; x_wconf 85' lang='lat' dir='ltr'>sieut</span> <span class='ocrx_word' id='word_1_129' title='bbox 315 2347 468 2420; x_wconf 77' lang='lat' dir='ltr'>maxime</span> <span class='ocrx_word' id='word_1_130' title='bbox 487 2345 599 2420; x_wconf 85' lang='lat' dir='ltr'>tudaei</span> <span class='ocrx_word' id='word_1_131' title='bbox 616 2345 762 2438; x_wconf 85' lang='lat' dir='ltr'>faciunt,</span> <span class='ocrx_word' id='word_1_132' title='bbox 776 2347 959 2420; x_wconf 88' lang='lat' dir='ltr'>neminem</span> <span class='ocrx_word' id='word_1_133' title='bbox 974 2345 1184 2424; x_wconf 83' lang='lat' dir='ltr'>arbitrantes</span> <span class='ocrx_word' id='word_1_134' title='bbox 1193 2345 1372 2438; x_wconf 80' lang='lat' dir='ltr'>damnati,</span> <span class='ocrx_word' id='word_1_135' title='bbox 1388 2348 1567 2446; x_wconf 84' lang='lat' dir='ltr'>quidquid</span> <span class='ocrx_word' id='word_1_136' title='bbox 1578 2351 1676 2443; x_wconf 81' lang='lat' dir='ltr'>velit,</span> <span class='ocrx_word' id='word_1_137' title='bbox 1696 2354 1800 2426; x_wconf 92' lang='lat' dir='ltr'>dum·</span> 
     </span>
     <span class='ocr_line' id='line_1_15' title="bbox 211 2467 1796 2572; baseline 0.004 -30"><span class='ocrx_word' id='word_1_138' title='bbox 211 2469 325 2544; x_wconf 88' lang='lat' dir='ltr'>modo</span> <span class='ocrx_word' id='word_1_139' title='bbox 333 2467 424 2540; x_wconf 86' lang='lat' dir='ltr'>illud</span> <span class='ocrx_word' id='word_1_140' title='bbox 432 2493 541 2568; x_wconf 90' lang='lat' dir='ltr'>opere</span> <span class='ocrx_word' id='word_1_141' title='bbox 550 2492 625 2540; x_wconf 88' lang='lat' dir='ltr'>non</span> <span class='ocrx_word' id='word_1_142' title='bbox 635 2467 826 2567; x_wconf 82' lang='lat' dir='ltr'>compleat.</span> <span class='ocrx_word' id='word_1_143' title='bbox 839 2467 942 2543; x_wconf 88' lang='lat' dir='ltr'>Unde</span> <span class='ocrx_word' id='word_1_144' title='bbox 951 2482 989 2544; x_wconf 81' lang='lat' dir='ltr'>et</span> <span class='ocrx_word' id='word_1_145' title='bbox 1000 2467 1246 2567; x_wconf 75' lang='lat' dir='ltr'>Apostolnsod</span> <span class='ocrx_word' id='word_1_146' title='bbox 1256 2473 1469 2542; x_wconf 77' lang='lat' dir='ltr'>Romanos.³:</span> <span class='ocrx_word' id='word_1_147' title='bbox 1484 2499 1502 2540; x_wconf 85' lang='lat' dir='ltr'>u</span> <span class='ocrx_word' id='word_1_148' title='bbox 1511 2472 1796 2572; x_wconf 84' lang='lat' dir='ltr'>Israel,»inquit,</span> 
     </span>
     <span class='ocr_line' id='line_1_16' title="bbox 214 2565 1795 2688; baseline 0.006 -32"><span class='ocrx_word' id='word_1_149' title='bbox 214 2619 232 2656; x_wconf 87' lang='lat'><strong><em>«</em></strong></span> <span class='ocrx_word' id='word_1_150' title='bbox 242 2589 413 2664; x_wconf 66' lang='lat' dir='ltr'>metando</span> <span class='ocrx_word' id='word_1_151' title='bbox 420 2587 536 2686; x_wconf 85' lang='lat' dir='ltr'>legem</span> <span class='ocrx_word' id='word_1_152' title='bbox 542 2589 683 2684; x_wconf 67' lang='lat' dir='ltr'>justitiae</span> <span class='ocrx_word' id='word_1_153' title='bbox 692 2589 728 2660; x_wconf 90' lang='lat' dir='ltr'>in</span> <span class='ocrx_word' id='word_1_154' title='bbox 741 2587 856 2684; x_wconf 84' lang='lat' dir='ltr'>legem</span> <span class='ocrx_word' id='word_1_155' title='bbox 861 2587 1004 2684; x_wconf 75' lang='lat' dir='ltr'>justitie</span> <span class='ocrx_word' id='word_1_156' title='bbox 1013 2612 1087 2662; x_wconf 89' lang='lat' dir='ltr'>uon</span> <span class='ocrx_word' id='word_1_157' title='bbox 1097 2590 1270 2686; x_wconf 82' lang='lat' dir='ltr'>pervenit.</span> <span class='ocrx_word' id='word_1_158' title='bbox 1287 2618 1305 2658; x_wconf 88' lang='lat'><strong><em>»</em></strong></span> <span class='ocrx_word' id='word_1_159' title='bbox 1319 2589 1461 2677; x_wconf 79' lang='lat' dir='ltr'>Quare?</span> <span class='ocrx_word' id='word_1_160' title='bbox 1475 2565 1644 2688; x_wconf 75' lang='lat' dir='ltr'>quianon</span> <span class='ocrx_word' id='word_1_161' title='bbox 1656 2618 1700 2666; x_wconf 84' lang='lat' dir='ltr'>ex</span> <span class='ocrx_word' id='word_1_162' title='bbox 1710 2593 1795 2685; x_wconf 81' lang='lat' dir='ltr'>tide,</span> 
     </span>
     <span class='ocr_line' id='line_1_17' title="bbox 210 2707 1794 2808; baseline 0.001 -25"><span class='ocrx_word' id='word_1_163' title='bbox 210 2709 275 2783; x_wconf 84' lang='lat' dir='ltr'>sod</span> <span class='ocrx_word' id='word_1_164' title='bbox 297 2709 398 2808; x_wconf 81' lang='lat' dir='ltr'>quasi</span> <span class='ocrx_word' id='word_1_165' title='bbox 424 2733 466 2781; x_wconf 78' lang='lat' dir='ltr'>er</span> <span class='ocrx_word' id='word_1_166' title='bbox 488 2707 670 2808; x_wconf 83' lang='lat' dir='ltr'>operibus.</span> <span class='ocrx_word' id='word_1_167' title='bbox 697 2707 871 2796; x_wconf 85' lang='lat' dir='ltr'>Quamvis</span> <span class='ocrx_word' id='word_1_168' title='bbox 896 2733 981 2804; x_wconf 87' lang='lat' dir='ltr'>ergo</span> <span class='ocrx_word' id='word_1_169' title='bbox 999 2707 1056 2782; x_wconf 86' lang='lat' dir='ltr'>lea</span> <span class='ocrx_word' id='word_1_170' title='bbox 1078 2709 1405 2808; x_wconf 84' lang='lat' dir='ltr'>concupiscentiam</span> <span class='ocrx_word' id='word_1_171' title='bbox 1422 2734 1568 2808; x_wconf 83' lang='lat' dir='ltr'>quoque</span> <span class='ocrx_word' id='word_1_172' title='bbox 1585 2711 1794 2803; x_wconf 82' lang='lat' dir='ltr'>interdicat,</span> 
     </span>
     <span class='ocr_line' id='line_1_18' title="bbox 211 2827 1794 2926; baseline 0.004 -27"><span class='ocrx_word' id='word_1_173' title='bbox 211 2853 286 2901; x_wconf 91' lang='lat' dir='ltr'>non</span> <span class='ocrx_word' id='word_1_174' title='bbox 300 2842 419 2902; x_wconf 89' lang='lat' dir='ltr'>tamen</span> <span class='ocrx_word' id='word_1_175' title='bbox 436 2828 508 2900; x_wconf 90' lang='lat' dir='ltr'>hoc</span> <span class='ocrx_word' id='word_1_176' title='bbox 524 2843 714 2926; x_wconf 86' lang='lat' dir='ltr'>peccatum</span> <span class='ocrx_word' id='word_1_177' title='bbox 727 2841 960 2904; x_wconf 85' lang='lat' dir='ltr'>essetantum</span> <span class='ocrx_word' id='word_1_178' title='bbox 967 2827 1186 2904; x_wconf 81' lang='lat' dir='ltr'>arbitrantur</span> <span class='ocrx_word' id='word_1_179' title='bbox 1198 2883 1208 2918; x_wconf 89' lang='lat'>,</span> <span class='ocrx_word' id='word_1_180' title='bbox 1227 2843 1272 2902; x_wconf 91' lang='lat' dir='ltr'>ut.</span> <span class='ocrx_word' id='word_1_181' title='bbox 1285 2829 1332 2902; x_wconf 91' lang='lat' dir='ltr'>ad</span> <span class='ocrx_word' id='word_1_182' title='bbox 1346 2829 1617 2904; x_wconf 84' lang='lat' dir='ltr'>damnationem</span> <span class='ocrx_word' id='word_1_183' title='bbox 1631 2831 1794 2906; x_wconf 88' lang='lat' dir='ltr'>sufficiat.</span> 
     </span>
     <span class='ocr_line' id='line_1_19' title="bbox 210 2947 1797 3049; baseline -0.001 -26"><span class='ocrx_word' id='word_1_184' title='bbox 210 2952 329 3036; x_wconf 88' lang='lat' dir='ltr'>Quem</span> <span class='ocrx_word' id='word_1_185' title='bbox 346 2947 494 3046; x_wconf 90' lang='lat' dir='ltr'>quidem</span> <span class='ocrx_word' id='word_1_186' title='bbox 513 2971 671 3020; x_wconf 87' lang='lat' dir='ltr'>errorem</span> <span class='ocrx_word' id='word_1_187' title='bbox 693 2947 917 3044; x_wconf 79' lang='lat' dir='ltr'>arguendum</span> <span class='ocrx_word' id='word_1_188' title='bbox 938 2971 1014 3024; x_wconf 74' lang='lat' dir='ltr'>csse</span> <span class='ocrx_word' id='word_1_189' title='bbox 1032 2947 1210 3024; x_wconf 81' lang='lat' dir='ltr'>Dominus</span> <span class='ocrx_word' id='word_1_190' title='bbox 1229 2971 1326 3022; x_wconf 89' lang='lat' dir='ltr'>nunc</span> <span class='ocrx_word' id='word_1_191' title='bbox 1347 2948 1433 3020; x_wconf 91' lang='lat' dir='ltr'>dicit</span> <span class='ocrx_word' id='word_1_192' title='bbox 1444 3002 1460 3038; x_wconf 88' lang='lat'>,.</span> <span class='ocrx_word' id='word_1_193' title='bbox 1473 2973 1517 3022; x_wconf 79' lang='lat' dir='ltr'>ex</span> <span class='ocrx_word' id='word_1_194' title='bbox 1534 2973 1577 3020; x_wconf 92' lang='lat' dir='ltr'>eo</span> <span class='ocrx_word' id='word_1_195' title='bbox 1590 2950 1690 3046; x_wconf 89' lang='lat' dir='ltr'>quod</span> <span class='ocrx_word' id='word_1_196' title='bbox 1701 2953 1797 3049; x_wconf 91' lang='lat' dir='ltr'>prin·</span> 
     </span>
     <span class='ocr_line' id='line_1_20' title="bbox 208 3066 1797 3167; baseline 0.001 -26"><span class='ocrx_word' id='word_1_197' title='bbox 208 3093 294 3167; x_wconf 87' lang='lat' dir='ltr'>oeps</span> <span class='ocrx_word' id='word_1_198' title='bbox 312 3067 420 3164; x_wconf 89' lang='lat' dir='ltr'>hujus</span> <span class='ocrx_word' id='word_1_199' title='bbox 441 3067 568 3140; x_wconf 89' lang='lat' dir='ltr'>mundi</span> <span class='ocrx_word' id='word_1_200' title='bbox 590 3067 768 3163; x_wconf 88' lang='lat' dir='ltr'>judicatus</span> <span class='ocrx_word' id='word_1_201' title='bbox 788 3081 853 3140; x_wconf 88' lang='lat' dir='ltr'>est.</span> <span class='ocrx_word' id='word_1_202' title='bbox 878 3071 958 3165; x_wconf 87' lang='lat' dir='ltr'>lpse</span> <span class='ocrx_word' id='word_1_203' title='bbox 976 3067 1110 3165; x_wconf 89' lang='lat' dir='ltr'>quippe</span> <span class='ocrx_word' id='word_1_204' title='bbox 1129 3066 1317 3158; x_wconf 89' lang='lat' dir='ltr'>diabolus,</span> <span class='ocrx_word' id='word_1_205' title='bbox 1345 3069 1407 3164; x_wconf 93' lang='lat' dir='ltr'>qui</span> <span class='ocrx_word' id='word_1_206' title='bbox 1424 3067 1624 3142; x_wconf 81' lang='lat' dir='ltr'>carnalibus</span> <span class='ocrx_word' id='word_1_207' title='bbox 1643 3085 1679 3142; x_wconf 90' lang='lat' dir='ltr'>et</span> <span class='ocrx_word' id='word_1_208' title='bbox 1702 3093 1797 3142; x_wconf 89' lang='lat' dir='ltr'>arna-</span> 
     </span>
     <span class='ocr_line' id='line_1_21' title="bbox 209 3187 1795 3286; baseline 0.003 -27"><span class='ocrx_word' id='word_1_209' title='bbox 209 3188 346 3264; x_wconf 81' lang='lat' dir='ltr'>toribus</span> <span class='ocrx_word' id='word_1_210' title='bbox 363 3187 491 3260; x_wconf 90' lang='lat' dir='ltr'>mundi</span> <span class='ocrx_word' id='word_1_211' title='bbox 509 3187 739 3279; x_wconf 81' lang='lat' dir='ltr'>dominatur,</span> <span class='ocrx_word' id='word_1_212' title='bbox 763 3202 798 3260; x_wconf 88' lang='lat' dir='ltr'>et</span> <span class='ocrx_word' id='word_1_213' title='bbox 820 3189 935 3261; x_wconf 88' lang='lat' dir='ltr'>totius</span> <span class='ocrx_word' id='word_1_214' title='bbox 959 3201 1154 3261; x_wconf 87' lang='lat' dir='ltr'>auctorest</span> <span class='ocrx_word' id='word_1_215' title='bbox 1180 3201 1219 3260; x_wconf 87' lang='lat' dir='ltr'>et</span> <span class='ocrx_word' id='word_1_216' title='bbox 1244 3188 1346 3285; x_wconf 83' lang='lat' dir='ltr'>origo</span> <span class='ocrx_word' id='word_1_217' title='bbox 1365 3189 1525 3286; x_wconf 88' lang='lat' dir='ltr'>peccati,</span> <span class='ocrx_word' id='word_1_218' title='bbox 1550 3214 1625 3261; x_wconf 91' lang='lat' dir='ltr'>non</span> <span class='ocrx_word' id='word_1_219' title='bbox 1652 3188 1700 3262; x_wconf 93' lang='lat' dir='ltr'>de</span> <span class='ocrx_word' id='word_1_220' title='bbox 1724 3190 1795 3263; x_wconf 89' lang='lat' dir='ltr'>hoc</span> 
     </span>
     <span class='ocr_line' id='line_1_22' title="bbox 207 3307 1795 3409; baseline 0.003 -29"><span class='ocrx_word' id='word_1_221' title='bbox 207 3308 308 3406; x_wconf 91' lang='lat' dir='ltr'>quod</span> <span class='ocrx_word' id='word_1_222' title='bbox 337 3309 481 3400; x_wconf 81' lang='lat' dir='ltr'>fecerit,</span> <span class='ocrx_word' id='word_1_223' title='bbox 511 3308 576 3382; x_wconf 88' lang='lat' dir='ltr'>sed</span> <span class='ocrx_word' id='word_1_224' title='bbox 598 3308 697 3406; x_wconf 88' lang='lat' dir='ltr'>quod</span> <span class='ocrx_word' id='word_1_225' title='bbox 717 3307 967 3408; x_wconf 82' lang='lat' dir='ltr'>praesumendo</span> <span class='ocrx_word' id='word_1_226' title='bbox 992 3307 1174 3398; x_wconf 79' lang='lat' dir='ltr'>¹voluerit,</span> <span class='ocrx_word' id='word_1_227' title='bbox 1201 3308 1320 3382; x_wconf 16' lang='lat' dir='ltr'>statim,</span> <span class='ocrx_word' id='word_1_228' title='bbox 1338 3308 1527 3382; x_wconf 88' lang='lat' dir='ltr'>damnatus</span> <span class='ocrx_word' id='word_1_229' title='bbox 1544 3323 1618 3382; x_wconf 87' lang='lat' dir='ltr'>tam</span> <span class='ocrx_word' id='word_1_230' title='bbox 1645 3313 1795 3409; x_wconf 82' lang='lat' dir='ltr'>graviter</span> 
     </span>
     <span class='ocr_line' id='line_1_23' title="bbox 206 3445 352 3500; baseline -0.021 0"><span class='ocrx_word' id='word_1_231' title='bbox 206 3445 352 3500; x_wconf 89' lang='lat' dir='ltr'>corrurt.</span> 
     </span>
    </p>
   </div>
   <div class='ocr_carea' id='block_1_6' title="bbox 786 3593 1220 3643">
    <p class='ocr_par' dir='ltr' id='par_1_6' title="bbox 786 3593 1220 3643">
     <span class='ocr_line' id='line_1_24' title="bbox 786 3593 1220 3643; baseline 0.002 -4"><span class='ocrx_word' id='word_1_232' title='bbox 786 3593 967 3643; x_wconf 70' lang='lat' dir='ltr'>Pronum</span> <span class='ocrx_word' id='word_1_233' title='bbox 991 3593 1158 3643; x_wconf 73' lang='lat' dir='ltr'>HBLOISSAE</span> <span class='ocrx_word' id='word_1_234' title='bbox 1183 3594 1220 3641; x_wconf 86' lang='lat'>11.</span> 
     </span>
    </p>
   </div>
   <div class='ocr_carea' id='block_1_7' title="bbox 204 3741 1795 4077">
    <p class='ocr_par' dir='ltr' id='par_1_7' title="bbox 204 3741 1795 4077">
     <span class='ocr_line' id='line_1_25' title="bbox 254 3741 1795 3842; baseline 0 -26"><span class='ocrx_word' id='word_1_235' title='bbox 254 3745 352 3834; x_wconf 88' lang='lat' dir='ltr'>Quid</span> <span class='ocrx_word' id='word_1_236' title='bbox 371 3759 424 3818; x_wconf 89' lang='lat' dir='ltr'>est</span> <span class='ocrx_word' id='word_1_237' title='bbox 440 3743 528 3816; x_wconf 90' lang='lat' dir='ltr'>illud</span> <span class='ocrx_word' id='word_1_238' title='bbox 546 3743 582 3815; x_wconf 93' lang='lat' dir='ltr'>iu</span> <span class='ocrx_word' id='word_1_239' title='bbox 598 3741 746 3842; x_wconf 90' lang='lat' dir='ltr'>epistola</span> <span class='ocrx_word' id='word_1_240' title='bbox 763 3741 910 3814; x_wconf 71' lang='lat' dir='ltr'>aaroni*</span> <span class='ocrx_word' id='word_1_241' title='bbox 929 3770 937 3812; x_wconf 91' lang='lat'><strong>:</strong></span> <span class='ocrx_word' id='word_1_242' title='bbox 963 3744 1211 3840; x_wconf 79' lang='lat' dir='ltr'>«Quicunque</span> <span class='ocrx_word' id='word_1_243' title='bbox 1231 3756 1349 3814; x_wconf 87' lang='lat' dir='ltr'>autem</span> <span class='ocrx_word' id='word_1_244' title='bbox 1369 3757 1481 3815; x_wconf 88' lang='lat' dir='ltr'>totam</span> <span class='ocrx_word' id='word_1_245' title='bbox 1499 3741 1614 3840; x_wconf 84' lang='lat' dir='ltr'>legem</span> <span class='ocrx_word' id='word_1_246' title='bbox 1635 3769 1795 3816; x_wconf 84' lang='lat' dir='ltr'>servave-</span> 
     </span>
     <span class='ocr_line' id='line_1_26' title="bbox 204 3862 1795 3957; baseline -0.001 -19"><span class='ocrx_word' id='word_1_247' title='bbox 204 3871 270 3957; x_wconf 89' lang='lat' dir='ltr'>rit,</span> <span class='ocrx_word' id='word_1_248' title='bbox 291 3864 456 3938; x_wconf 83' lang='lat' dir='ltr'>offendat·</span> <span class='ocrx_word' id='word_1_249' title='bbox 468 3877 587 3936; x_wconf 89' lang='lat' dir='ltr'>autern</span> <span class='ocrx_word' id='word_1_250' title='bbox 605 3864 643 3934; x_wconf 91' lang='lat' dir='ltr'>in</span> <span class='ocrx_word' id='word_1_251' title='bbox 665 3887 757 3953; x_wconf 90' lang='lat' dir='ltr'>uno,</span> <span class='ocrx_word' id='word_1_252' title='bbox 782 3863 894 3934; x_wconf 88' lang='lat' dir='ltr'>factus</span> <span class='ocrx_word' id='word_1_253' title='bbox 912 3875 965 3934; x_wconf 90' lang='lat' dir='ltr'>est</span> <span class='ocrx_word' id='word_1_254' title='bbox 982 3862 1146 3934; x_wconf 89' lang='lat' dir='ltr'>omnium</span> <span class='ocrx_word' id='word_1_255' title='bbox 1165 3885 1261 3932; x_wconf 90' lang='lat' dir='ltr'>rcus.</span> <span class='ocrx_word' id='word_1_256' title='bbox 1285 3862 1356 3948; x_wconf 91' lang='lat' dir='ltr'>Qui</span> <span class='ocrx_word' id='word_1_257' title='bbox 1380 3864 1476 3934; x_wconf 89' lang='lat' dir='ltr'>enim</span> <span class='ocrx_word' id='word_1_258' title='bbox 1493 3863 1600 3934; x_wconf 83' lang='lat' dir='ltr'>dixit:</span> <span class='ocrx_word' id='word_1_259' title='bbox 1614 3868 1693 3935; x_wconf 90' lang='lat' dir='ltr'>Non</span> <span class='ocrx_word' id='word_1_260' title='bbox 1708 3889 1795 3936; x_wconf 88' lang='lat' dir='ltr'>moe-</span> 
     </span>
     <span class='ocr_line' id='line_1_27' title="bbox 204 3978 1795 4077; baseline -0.002 -17"><span class='ocrx_word' id='word_1_261' title='bbox 204 3987 387 4077; x_wconf 82' lang='lat' dir='ltr'>chaberis,</span> <span class='ocrx_word' id='word_1_262' title='bbox 403 3986 491 4059; x_wconf 81' lang='lat' dir='ltr'>dixit</span> <span class='ocrx_word' id='word_1_263' title='bbox 507 3999 562 4057; x_wconf 84' lang='lat' dir='ltr'>et:</span> <span class='ocrx_word' id='word_1_264' title='bbox 578 3988 658 4055; x_wconf 92' lang='lat' dir='ltr'>Non</span> <span class='ocrx_word' id='word_1_265' title='bbox 670 3983 824 4055; x_wconf 89' lang='lat' dir='ltr'>occides.</span> <span class='ocrx_word' id='word_1_266' title='bbox 840 3981 949 4070; x_wconf 94' lang='lat' dir='ltr'>Quod</span> <span class='ocrx_word' id='word_1_267' title='bbox 965 3981 1084 4052; x_wconf 92' lang='lat' dir='ltr'>sinon</span> <span class='ocrx_word' id='word_1_268' title='bbox 1097 3978 1350 4070; x_wconf 85' lang='lat' dir='ltr'>moechaberis,</span> <span class='ocrx_word' id='word_1_269' title='bbox 1366 3980 1509 4054; x_wconf 89' lang='lat' dir='ltr'>occides</span> <span class='ocrx_word' id='word_1_270' title='bbox 1525 3997 1669 4074; x_wconf 88' lang='lat' dir='ltr'>autem,</span> <span class='ocrx_word' id='word_1_271' title='bbox 1685 3983 1795 4057; x_wconf 86' lang='lat' dir='ltr'>factus</span> 
     </span>
    </p>
   </div>
   <div class='ocr_carea' id='block_1_8' title="bbox 205 4102 1173 4323">
    <p class='ocr_par' dir='ltr' id='par_1_8' title="bbox 205 4102 1173 4323">
     <span class='ocr_line' id='line_1_28' title="bbox 205 4102 656 4203; baseline -0.022 -24"><span class='ocrx_word' id='word_1_272' title='bbox 205 4131 242 4179; x_wconf 90' lang='lat' dir='ltr'>es</span> <span class='ocrx_word' id='word_1_273' title='bbox 260 4121 497 4203; x_wconf 86' lang='lat' dir='ltr'>transgressor</span> <span class='ocrx_word' id='word_1_274' title='bbox 514 4102 612 4200; x_wconf 85' lang='lat' dir='ltr'>legis.</span> <span class='ocrx_word' id='word_1_275' title='bbox 638 4130 656 4168; x_wconf 81' lang='lat' dir='ltr'>n</span> 
     </span>
     <span class='ocr_line' id='line_1_29' title="bbox 820 4249 1173 4323; baseline -0.006 -1"><span class='ocrx_word' id='word_1_276' title='bbox 820 4251 954 4322; x_wconf 75' lang='lat' dir='ltr'>Solutzb</span> <span class='ocrx_word' id='word_1_277' title='bbox 979 4249 1173 4323; x_wconf 76' lang='lat' dir='ltr'>Abaetrrdt.</span> 
     </span>
    </p>
   </div>
   <div class='ocr_carea' id='block_1_9' title="bbox 189 4422 1794 5129">
    <p class='ocr_par' dir='ltr' id='par_1_9' title="bbox 189 4422 1794 5129">
     <span class='ocr_line' id='line_1_30' title="bbox 252 4422 1792 4526; baseline -0.002 -22"><span class='ocrx_word' id='word_1_278' title='bbox 252 4431 385 4504; x_wconf 90' lang='lat' dir='ltr'>Omnia</span> <span class='ocrx_word' id='word_1_279' title='bbox 402 4428 508 4502; x_wconf 88' lang='lat' dir='ltr'>simul</span> <span class='ocrx_word' id='word_1_280' title='bbox 525 4428 612 4525; x_wconf 85' lang='lat' dir='ltr'>legis</span> <span class='ocrx_word' id='word_1_281' title='bbox 629 4440 825 4526; x_wconf 79' lang='lat' dir='ltr'>praecepta,</span> <span class='ocrx_word' id='word_1_282' title='bbox 845 4450 921 4497; x_wconf 90' lang='lat' dir='ltr'>non</span> <span class='ocrx_word' id='word_1_283' title='bbox 939 4423 1077 4522; x_wconf 83' lang='lat' dir='ltr'>singula</span> <span class='ocrx_word' id='word_1_284' title='bbox 1095 4439 1180 4496; x_wconf 91' lang='lat' dir='ltr'>sunt</span> <span class='ocrx_word' id='word_1_285' title='bbox 1190 4422 1247 4495; x_wconf 82' lang='lat' dir='ltr'>lex</span> <span class='ocrx_word' id='word_1_286' title='bbox 1261 4423 1350 4521; x_wconf 90' lang='lat' dir='ltr'>ipsa.</span> <span class='ocrx_word' id='word_1_287' title='bbox 1367 4423 1438 4510; x_wconf 88' lang='lat' dir='ltr'>Qui</span> <span class='ocrx_word' id='word_1_288' title='bbox 1450 4447 1537 4521; x_wconf 84' lang='lat' dir='ltr'>ergo</span> <span class='ocrx_word' id='word_1_289' title='bbox 1550 4439 1663 4497; x_wconf 87' lang='lat' dir='ltr'>totam</span> <span class='ocrx_word' id='word_1_290' title='bbox 1676 4425 1792 4525; x_wconf 87' lang='lat' dir='ltr'>legem</span> 
     </span>
     <span class='ocr_line' id='line_1_31' title="bbox 199 4543 1794 4653; baseline -0.003 -26"><span class='ocrx_word' id='word_1_291' title='bbox 199 4569 333 4653; x_wconf 77' lang='lat' dir='ltr'>praeter</span> <span class='ocrx_word' id='word_1_292' title='bbox 349 4577 462 4626; x_wconf 90' lang='lat' dir='ltr'>uuum</span> <span class='ocrx_word' id='word_1_293' title='bbox 480 4548 691 4623; x_wconf 86' lang='lat' dir='ltr'>mandatum</span> <span class='ocrx_word' id='word_1_294' title='bbox 708 4547 933 4636; x_wconf 87' lang='lat' dir='ltr'>custodierit,</span> <span class='ocrx_word' id='word_1_295' title='bbox 953 4545 994 4618; x_wconf 83' lang='lat' dir='ltr'>fir</span> <span class='ocrx_word' id='word_1_296' title='bbox 1012 4571 1093 4618; x_wconf 90' lang='lat' dir='ltr'>reus</span> <span class='ocrx_word' id='word_1_297' title='bbox 1112 4546 1301 4619; x_wconf 79' lang='lat' dir='ltr'>omnium:</span> <span class='ocrx_word' id='word_1_298' title='bbox 1322 4543 1394 4616; x_wconf 89' lang='lat' dir='ltr'>hoc</span> <span class='ocrx_word' id='word_1_299' title='bbox 1411 4559 1481 4637; x_wconf 85' lang='lat' dir='ltr'>est,</span> <span class='ocrx_word' id='word_1_300' title='bbox 1503 4571 1546 4618; x_wconf 83' lang='lat' dir='ltr'>ex</span> <span class='ocrx_word' id='word_1_301' title='bbox 1559 4571 1603 4619; x_wconf 90' lang='lat' dir='ltr'>eo</span> <span class='ocrx_word' id='word_1_302' title='bbox 1620 4547 1794 4622; x_wconf 85' lang='lat' dir='ltr'>damnan-</span> 
     </span>
     <span class='ocr_line' id='line_1_32' title="bbox 198 4663 1788 4769; baseline -0.001 -24"><span class='ocrx_word' id='word_1_303' title='bbox 198 4673 274 4745; x_wconf 89' lang='lat' dir='ltr'>dus</span> <span class='ocrx_word' id='word_1_304' title='bbox 291 4687 345 4745; x_wconf 87' lang='lat' dir='ltr'>est</span> <span class='ocrx_word' id='word_1_305' title='bbox 357 4725 367 4762; x_wconf 93' lang='lat'>,</span> <span class='ocrx_word' id='word_1_306' title='bbox 381 4670 481 4769; x_wconf 90' lang='lat' dir='ltr'>quod</span> <span class='ocrx_word' id='word_1_307' title='bbox 494 4694 569 4742; x_wconf 91' lang='lat' dir='ltr'>non</span> <span class='ocrx_word' id='word_1_308' title='bbox 583 4669 706 4740; x_wconf 87' lang='lat' dir='ltr'>omnia</span> <span class='ocrx_word' id='word_1_309' title='bbox 719 4666 875 4740; x_wconf 88' lang='lat' dir='ltr'>custodit</span> <span class='ocrx_word' id='word_1_310' title='bbox 887 4681 1062 4766; x_wconf 61' lang='lat' dir='ltr'>precepta</span> <span class='ocrx_word' id='word_1_311' title='bbox 1074 4720 1084 4757; x_wconf 97' lang='lat'>,</span> <span class='ocrx_word' id='word_1_312' title='bbox 1097 4691 1180 4765; x_wconf 83' lang='lat' dir='ltr'>quae</span> <span class='ocrx_word' id='word_1_313' title='bbox 1190 4663 1296 4738; x_wconf 92' lang='lat' dir='ltr'>simul</span> <span class='ocrx_word' id='word_1_314' title='bbox 1308 4717 1318 4754; x_wconf 91' lang='lat'>,</span> <span class='ocrx_word' id='word_1_315' title='bbox 1332 4679 1372 4736; x_wconf 89' lang='lat' dir='ltr'>ut</span> <span class='ocrx_word' id='word_1_316' title='bbox 1383 4663 1520 4737; x_wconf 90' lang='lat' dir='ltr'>dictum</span> <span class='ocrx_word' id='word_1_317' title='bbox 1533 4682 1604 4759; x_wconf 93' lang='lat' dir='ltr'>est,</span> <span class='ocrx_word' id='word_1_318' title='bbox 1620 4686 1788 4768; x_wconf 88' lang='lat' dir='ltr'>accepta,</span> 
     </span>
     <span class='ocr_line' id='line_1_33' title="bbox 195 4785 1791 4892; baseline -0.002 -25"><span class='ocrx_word' id='word_1_319' title='bbox 195 4808 291 4868; x_wconf 85' lang='lat' dir='ltr'>sunt</span> <span class='ocrx_word' id='word_1_320' title='bbox 306 4793 364 4865; x_wconf 81' lang='lat' dir='ltr'>lex</span> <span class='ocrx_word' id='word_1_321' title='bbox 381 4792 471 4892; x_wconf 88' lang='lat' dir='ltr'>ipsa.</span> <span class='ocrx_word' id='word_1_322' title='bbox 487 4795 535 4862; x_wconf 81' lang='lat' dir='ltr'>Ac</span> <span class='ocrx_word' id='word_1_323' title='bbox 548 4791 578 4862; x_wconf 89' lang='lat' dir='ltr'>si</span> <span class='ocrx_word' id='word_1_324' title='bbox 591 4803 712 4888; x_wconf 86' lang='lat' dir='ltr'>aperte</span> <span class='ocrx_word' id='word_1_325' title='bbox 723 4787 837 4860; x_wconf 82' lang='lat' dir='ltr'>dicat:</span> <span class='ocrx_word' id='word_1_326' title='bbox 853 4789 1026 4875; x_wconf 84' lang='lat' dir='ltr'>Quamvis</span> <span class='ocrx_word' id='word_1_327' title='bbox 1039 4785 1208 4885; x_wconf 87' lang='lat' dir='ltr'>impletor</span> <span class='ocrx_word' id='word_1_328' title='bbox 1222 4786 1309 4883; x_wconf 85' lang='lat' dir='ltr'>legis</span> <span class='ocrx_word' id='word_1_329' title='bbox 1321 4809 1431 4858; x_wconf 90' lang='lat' dir='ltr'>nemo</span> <span class='ocrx_word' id='word_1_330' title='bbox 1445 4810 1523 4858; x_wconf 88' lang='lat' dir='ltr'>esse</span> <span class='ocrx_word' id='word_1_331' title='bbox 1533 4790 1659 4886; x_wconf 89' lang='lat' dir='ltr'>possit,</span> <span class='ocrx_word' id='word_1_332' title='bbox 1677 4814 1791 4864; x_wconf 88' lang='lat' dir='ltr'>unum</span> 
     </span>
     <span class='ocr_line' id='line_1_34' title="bbox 193 4903 1792 5011; baseline -0.001 -25"><span class='ocrx_word' id='word_1_333' title='bbox 193 4914 282 5011; x_wconf 85' lang='lat' dir='ltr'>ejus</span> <span class='ocrx_word' id='word_1_334' title='bbox 295 4908 520 4985; x_wconf 86' lang='lat' dir='ltr'>observando</span> <span class='ocrx_word' id='word_1_335' title='bbox 536 4907 764 4998; x_wconf 67' lang='lat' dir='ltr'>mandatum</span> <span class='ocrx_word' id='word_1_336' title='bbox 786 4923 1024 5006; x_wconf 82' lang='lat' dir='ltr'>transgressor</span> <span class='ocrx_word' id='word_1_337' title='bbox 1040 4921 1160 4978; x_wconf 87' lang='lat' dir='ltr'>tamen</span> <span class='ocrx_word' id='word_1_338' title='bbox 1178 4905 1264 5004; x_wconf 80' lang='lat' dir='ltr'>legis</span> <span class='ocrx_word' id='word_1_339' title='bbox 1282 4903 1452 5001; x_wconf 79' lang='lat' dir='ltr'>efficitur,</span> <span class='ocrx_word' id='word_1_340' title='bbox 1472 4907 1501 4977; x_wconf 88' lang='lat' dir='ltr'>si</span> <span class='ocrx_word' id='word_1_341' title='bbox 1517 4906 1575 4978; x_wconf 85' lang='lat' dir='ltr'>vel</span> <span class='ocrx_word' id='word_1_342' title='bbox 1587 4933 1701 4981; x_wconf 88' lang='lat' dir='ltr'>unum</span> <span class='ocrx_word' id='word_1_343' title='bbox 1715 4911 1792 5007; x_wconf 87' lang='lat' dir='ltr'>ejus</span> 
     </span>
     <span class='ocr_line' id='line_1_35' title="bbox 189 5024 1786 5129; baseline -0.002 -25"><span class='ocrx_word' id='word_1_344' title='bbox 189 5030 481 5129; x_wconf 81' lang='lat' dir='ltr'>transgrediatur</span> <span class='ocrx_word' id='word_1_345' title='bbox 493 5041 722 5127; x_wconf 77' lang='lat' dir='ltr'>praeceptum.</span> <span class='ocrx_word' id='word_1_346' title='bbox 746 5025 850 5099; x_wconf 91' lang='lat' dir='ltr'>Unde</span> <span class='ocrx_word' id='word_1_347' title='bbox 871 5041 905 5099; x_wconf 90' lang='lat' dir='ltr'>et</span> <span class='ocrx_word' id='word_1_348' title='bbox 925 5025 1044 5098; x_wconf 83' lang='lat' dir='ltr'>statim</span> <span class='ocrx_word' id='word_1_349' title='bbox 1066 5024 1257 5125; x_wconf 79' lang='lat' dir='ltr'>Apostolus</span> <span class='ocrx_word' id='word_1_350' title='bbox 1285 5047 1468 5124; x_wconf 84' lang='lat' dir='ltr'>exponens</span> <span class='ocrx_word' id='word_1_351' title='bbox 1494 5026 1594 5121; x_wconf 92' lang='lat' dir='ltr'>quod</span> <span class='ocrx_word' id='word_1_352' title='bbox 1621 5025 1786 5101; x_wconf 85' lang='lat' dir='ltr'>dixerat:</span> 
     </span>
    </p>
   </div>
   <div class='ocr_carea' id='block_1_10' title="bbox 233 5262 1789 5332">
    <p class='ocr_par' dir='ltr' id='par_1_10' title="bbox 233 5262 1789 5332">
     <span class='ocr_line' id='line_1_36' title="bbox 233 5262 1789 5332; baseline -0.003 -9"><span class='ocrx_word' id='word_1_353' title='bbox 233 5273 246 5302; x_wconf 80' lang='lat'>‘</span> <span class='ocrx_word' id='word_1_354' title='bbox 265 5273 298 5323; x_wconf 77' lang='lat' dir='ltr'>Et</span> <span class='ocrx_word' id='word_1_355' title='bbox 310 5269 373 5323; x_wconf 82' lang='lat' dir='ltr'>cod.</span> <span class='ocrx_word' id='word_1_356' title='bbox 384 5269 461 5332; x_wconf 73' lang='lat' dir='ltr'>vict,</span> <span class='ocrx_word' id='word_1_357' title='bbox 473 5265 593 5320; x_wconf 72' lang='lat' dir='ltr'>asa-¹</span> <span class='ocrx_word' id='word_1_358' title='bbox 608 5267 706 5321; x_wconf 68' lang='lat' dir='ltr'>Scilicet</span> <span class='ocrx_word' id='word_1_359' title='bbox 714 5266 894 5320; x_wconf 72' lang='lat' dir='ltr'>deretinssod.</span> <span class='ocrx_word' id='word_1_360' title='bbox 904 5264 1190 5331; x_wconf 78' lang='lat' dir='ltr'>Viat.-⁸Ron.‚cap.</span> <span class='ocrx_word' id='word_1_361' title='bbox 1200 5279 1226 5316; x_wconf 83' lang='grc' dir='ltr'>ιι</span> <span class='ocrx_word' id='word_1_362' title='bbox 1234 5273 1274 5328; x_wconf 54' lang='lat' dir='ltr'>,aa</span> <span class='ocrx_word' id='word_1_363' title='bbox 1289 5262 1502 5325; x_wconf 77' lang='lat' dir='ltr'>ar.-¹traob.,</span> <span class='ocrx_word' id='word_1_364' title='bbox 1519 5279 1575 5332; x_wconf 79' lang='lat' dir='ltr'>cap.</span> <span class='ocrx_word' id='word_1_365' title='bbox 1590 5281 1622 5330; x_wconf 90' lang='lat' dir='ltr'>u,</span> <span class='ocrx_word' id='word_1_366' title='bbox 1638 5279 1661 5318; x_wconf 80' lang='lat' dir='ltr'>r.</span> <span class='ocrx_word' id='word_1_367' title='bbox 1678 5267 1789 5332; x_wconf 77' lang='lat' dir='ltr'>tostrq.</span> 
     </span>
    </p>
   </div>
   <div class='ocr_carea' id='block_1_11' title="bbox 0 0 2264 6104">
    <p class='ocr_par' dir='ltr' id='par_1_11' title="bbox 0 0 2264 6104">
     <span class='ocr_line' id='line_1_37' title="bbox 0 0 2264 6104; baseline 0 0"><span class='ocrx_word' id='word_1_368' title='bbox 0 0 2264 6104; x_wconf 95' lang='lat' dir='ltr'> </span> 
     </span>
    </p>
   </div>
  </div>
 </body>
</html>
