4520 6104
491 616 562 693 256
1004 597 1229 674 nntotssAE
1252 594 1547 669 Pnosnuttttt

488 757 609 844 refert,
631 775 742 851 quum
760 745 1020 836 daemoniacum
1037 737 1230 838 quemdam
1248 737 1424 807 Dominus
1446 749 1602 836 curasset
1614 749 1681 826 ,et
1699 732 1809 804 invidi
1832 734 1994 831 pharisaei
2009 735 2051 806 di·

489 890 610 949 cerem
642 895 725 944 eum
752 868 791 939 id
813 866 928 938 facere
961 885 1026 960 per
1055 859 1219 958 spiritum
1256 879 1432 953 nequam,
1474 878 1548 925 non
1593 877 1659 952 per
1683 853 1851 952 Spiritum
1878 869 2049 942 sanctum,

489 996 665 1068 Dominus
682 992 750 1062 ait¹
783 1015 791 1058 ι
827 1014 845 1052 «
859 985 895 1054 si
910 1005 994 1078 ergo
1010 981 1048 1051 in
1067 975 1264 1050 Beelzebub
1281 976 1383 1070 ejicio
1402 973 1602 1063 daemoncs,
1631 971 1693 1044 filii
1719 972 1826 1044 vestri
1850 973 1887 1043 in
1906 997 1980 1070 quo
2001 974 2051 1070 eji-

489 1116 613 1190 ciunt?
631 1114 667 1184 si
686 1125 805 1184 autem
825 1107 862 1178 iu
881 1103 1014 1203 Spiritu
1027 1101 1092 1174 Dei
1111 1099 1213 1195 ejicio
1231 1096 1430 1185 daemones,
1451 1095 1557 1192 igitur
1577 1093 1740 1192 pervenit
1763 1095 1801 1164 in
1825 1119 1888 1165 vos
1912 1119 2052 1190 regnum

487 1240 565 1311 Dei.
586 1264 603 1301 u
624 1239 668 1304 Et
685 1243 768 1329 post
779 1227 924 1323 aliqua‘
940 1251 948 1292 :
973 1252 989 1290 u
1011 1221 1096 1292 ldeo
1110 1219 1191 1296 dico
1205 1216 1329 1306 vobis,
1344 1239 1451 1286 omne
1463 1229 1647 1313 peccatum
1661 1229 1698 1286 et
1712 1213 1933 1310 blasphemia
1947 1214 2054 1285 remit·

469 1353 581 1429 'tetur
593 1349 822 1426 hominibus:
842 1345 991 1442 Spiritus
1008 1355 1127 1412 autem
1144 1336 1362 1435 blasphemia
1378 1359 1453 1406 non
1475 1334 1681 1405 remittetur.
1698 1336 1741 1404 Et
1752 1335 1957 1430 quicunque
1970 1333 2055 1404 dixe

487 1479 533 1548 rit
550 1471 699 1546 verbum
716 1481 842 1539 contra
860 1463 972 1534 filium
994 1459 1174 1546 hominis,
1194 1455 1458 1528 remitteturei:
1481 1454 1542 1551 qui
1560 1467 1680 1524 autem
1700 1452 1826 1526 dixerit
1844 1468 1970 1525 contra
1987 1456 2055 1552 Spi-

487 1599 595 1668 ritum
619 1604 803 1674 sanctum,
833 1577 1184 1654 nonremittetu1·ei
1210 1601 1326 1672 neque
1350 1576 1386 1645 in
1416 1573 1487 1645 hoc
1515 1571 1662 1662 saeculo,
1689 1584 1805 1670 neque
1830 1573 1866 1642 in
1895 1572 2022 1643 lutum.
2040 1602 2054 1638 r

368 1791 372 1800 ,
486 1699 625 1787 Marcus
641 1732 728 1780 vero
748 1706 798 1776 sie
818 1703 946 1802 ponit⁸
968 1727 976 1770 ε
1001 1729 1018 1766 u
1037 1702 1149 1768 Amen
1171 1695 1252 1766 dico
1272 1693 1392 1782 vobis,
1416 1693 1586 1789 quoniam
1604 1691 1725 1762 omnia
1748 1690 1970 1762 dimittentur
1989 1690 2057 1761 liliis

487 1833 676 1906 hominum
695 1839 839 1926 peccata
858 1837 893 1894 et
910 1818 1158 1918 blasphemiae,
1179 1815 1307 1912 quibus
1326 1813 1679 1948 blasphemaverant:
1697 1812 1758 1907 qui
1772 1826 1891 1882 autem
1902 1811 2058 1910 blasphe

488 1951 638 2024 maverit
654 1949 691 2018 in
710 1945 879 2044 Spiritum
896 1954 1080 2027 sanctum,
1103 1959 1176 2006 non
1194 1933 1339 2006 habebit
1360 1931 1602 2009 remissionem
1627 1932 1662 2000 in
1682 1947 1877 2020 aeternum3
1905 1932 1967 2002 sed
1988 1957 2060 2004 reus

489 2069 541 2142 est
560 2067 681 2140 aeterni
701 2063 839 2150 delicti;
861 2059 1032 2157 quoniam
1053 2052 1241 2126 dicebant:
1234 2049 1484 2123 ·lmmundum
1505 2051 1666 2149 spiritum
1684 2048 1803 2121 habet
1822 2053 1967 2121 »Lucas
1984 2076 2059 2122 vero

489 2192 539 2260 sic
556 2186 678 2258 scribit
694 2181 890 2255 Dominum
907 2176 1072 2248 dicere:
1097 2203 1113 2240 u
1130 2173 1342 2268 Quicunque
1362 2169 1543 2241 confessus
1569 2168 1669 2238 luerit
1695 2193 1752 2238 me
1776 2192 1897 2239 coram
1914 2168 2062 2240 homini·

488 2309 576 2395 bus,
594 2320 637 2376 et
657 2301 749 2372 filius
774 2297 931 2369 hominis
949 2291 1177 2364 confitebitur
1202 2290 1302 2361 illum
1325 2313 1447 2358 coram
1470 2285 1602 2382 angelis
1620 2287 1697 2355 Dei.
1729 2286 1798 2372 Qui
1824 2300 1943 2356 autem
1962 2311 2061 2382 nega-

489 2427 578 2498 verit
607 2447 665 2492 me
685 2441 807 2490 coram
833 2411 1063 2498 hominibus,
1090 2408 1275 2504 negabitur
1295 2432 1416 2476 coram
1446 2405 1578 2501 angelis
1598 2405 1676 2476 Dei.
1704 2408 1745 2474 Et
1768 2405 1885 2475 omnis
1901 2407 1964 2500 qui
1985 2407 2064 2477 dicit

490 2541 675 2616 verbum
666 2564 703 2609 m
721 2537 834 2607 hlium
851 2530 1027 2614 hominis,
1053 2529 1250 2600 remittetur
1273 2523 1341 2614 ittt;
1364 2526 1396 2596 ei
1415 2539 1552 2614 autem,
1575 2524 1689 2620 quiin
1711 2524 1880 2620 Spiritum
1906 2541 2063 2597 sanctum

489 2656 802 2762 blasphemaverit,
825 2673 906 2724 non
920 2650 1128 2721 remittetur.
1158 2675 1174 2712 u
1194 2645 1281 2714 His'
1273 2660 1391 2740 itaque
1411 2641 1613 2742 praemissis,
1642 2643 1758 2740 primo
1776 2642 2065 2740 distinguendum

490 2799 561 2870 est,
584 2777 671 2877 quid
688 2779 732 2848 sit
747 2787 932 2874 peccatum
952 2765 1207 2864 blasphemiae'
1199 2789 1236 2834 m
1259 2763 1371 2834 filium
1388 2763 1566 2852 hominis,
1587 2776 1622 2832 et
1640 2759 1756 2857 quid*
1746 2787 1782 2831 m
1800 2763 1971 2858 Spiritum
1992 2789 2067 2836 san-

489 2918 599 2974 ctum.
620 2902 804 2984 Quantum
822 2913 907 2960 vero
925 2887 1081 2972 aestimo,
1103 2883 1160 2954 ille
1177 2897 1299 2978 peccat
1317 2815 1628 2978 blasphemando
1619 2904 1657 2949 m
1674 2878 1784 2950 filium
1804 2879 1983 2969 hominis,
2008 2883 2068 2976 qui

489 3020 629 3092 Christo
649 3010 818 3099 detrahit,
836 3032 919 3080 eum
933 3002 1143 3100 denegando
1159 3005 1288 3090 Deum,
1310 3023 1383 3070 non
1403 3013 1475 3070 tam
1494 3024 1558 3096 per
1576 2997 1744 3069 malitiam
1762 3023 1868 3096 quam
1888 3024 1954 3096 per
1972 3024 2068 3070 erro·

489 3165 587 3226 rem,
609 3162 650 3207 ex
675 3143 855 3227 assumpta
873 3141 1002 3228 nostrae
1020 3121 1232 3192 infirmitatis
1250 3135 1395 3203 natura,
1416 3143 1524 3215 quam
1545 3119 1581 3188 in
1603 3142 1647 3190 eo
1666 3119 1851 3216 conspicit.
1873 3122 1951 3190 lloc
1976 3122 2070 3192 enim

489 3258 617 3345 innuit,
634 3276 746 3350 quum
760 3248 865 3320 dicit:
883 3244 1009 3314 Filium
1021 3240 1322 3340 hominis,potius
1336 3264 1464 3336 quam:
1480 3237 1606 3350 Filium
1620 3240 1705 3328 Dei;
1721 3254 1759 3309 ut
1771 3240 2071 3337 propterinfirmi·

491 3384 598 3448 tat'em
612 3369 788 3457 hominis,
809 3387 918 3462 quam
937 3387 978 3432 ex
1001 3374 1113 3430 matre
1129 3358 1308 3429 nascendo
1325 3359 1496 3456 suscepit,
1518 3382 1593 3428 non
1609 3359 1773 3430 credatur
1786 3360 1823 3428 in
1837 3383 1880 3429 eo
1897 3359 2073 3430 fortitudo

490 3497 567 3565 Dei.
588 3487 696 3578 Quod
714 3484 859 3583 quidem
881 3495 1068 3581 peccatum
1085 3503 1128 3549 ex
1146 3478 1344 3573 ignorantia
1360 3469 1530 3572 'tanquam
1553 3477 1766 3565 invincibili,
1788 3476 1988 3575 plurimum
2011 3505 2073 3550 ex-

491 3609 645 3682 cusabile
665 3604 805 3676 videtur
826 3628 834 3671 :
855 3624 966 3696 quum
983 3597 1054 3669 hoc
1072 3619 1298 3692 nequaquam
1318 3594 1474 3666 humana
1495 3593 1631 3666 ratione
1646 3649 1655 3685 ,
1678 3595 1740 3666 sed
1756 3600 1833 3666 Deo
1853 3610 1997 3669 tantum
2024 3599 2076 3666 in-

490 3732 644 3828 spirante
661 3715 796 3822 percipi
812 3733 949 3819 posset,
971 3731 1010 3788 ut
1030 3714 1195 3786 videlicet
1209 3719 1304 3786 Deus
1317 3713 1429 3785 homo
1450 3713 1562 3785 fieret.
1578 3714 1682 3785 Unde
1694 3729 1729 3786 et
1748 3715 1898 3848 ipsemet
1912 3716 2079 3788 Christus

490 3845 721 3949 profitetur⁵z
741 3870 758 3908 tt
776 3843 889 3910 Nemo
903 3837 1000 3908 vemt
1018 3833 1063 3905 ad
1080 3859 1155 3921 me,
1180 3834 1246 3906 nisi
1264 3847 1364 3929 pater
1382 3857 1482 3903 meus
1497 3832 1640 3903 traxerit
1653 3831 1773 3921 illum
1763 3861 1809 3900 ·u
1833 3835 1916 3930 quia
1931 3859 2011 3909 non
2027 3851 2082 3906 est

489 3967 654 4040 humanae
668 3959 813 4034 rationis
830 3956 951 4028 hocin
972 3953 1111 4024 Christo
1129 3953 1330 4052 percipere,
1353 3950 1451 4046 quod
1470 3950 1699 4022 solummodo
1715 3952 1752 4022 fit
1769 3953 1869 4023 Deo
1861 3955 2077 4051 inspirante.

493 4082 738 4182 Blasphemare
757 4099 841 4148 vero
861 4075 897 4145 in
918 4074 1087 4172 Spiritum
1107 4086 1291 4159 sanctum,
1314 4085 1366 4141 est
1377 4069 1559 4141 manifeste
1573 4069 1722 4142 bonitati
1737 4073 1801 4142 Dei
1814 4096 1906 4168 ,qur
1897 4074 2083 4172 Spiritus

490 4217 632 4276 sanctus
657 4197 880 4292 intelligitur,
913 4194 960 4263 ita
986 4192 1138 4262 scienter
1163 4215 1205 4260 ex
1224 4188 1356 4260 invidia
1378 4188 1586 4278 detrahere,
1611 4204 1650 4260 ut
1679 4189 1873 4277 beneficia,
1901 4219 1983 4290 quae
2016 4219 2085 4292 per

490 4323 659 4421 Spiritum
677 4331 859 4425 sanctum,
879 4312 950 4382 hoc
968 4325 1021 4382 est
1036 4309 1164 4380 divinae
1180 4307 1347 4380 bonitatis
1366 4309 1527 4404 gratiam,
1545 4333 1617 4379 non
1637 4308 1801 4383 dubitant
1820 4311 1913 4400 fieri,
1931 4307 2001 4410 pe'r
2022 4315 2085 4384 in-

416 4487 420 4496 ·
489 4443 621 4512 vidiam
647 4437 803 4508 tribuant
826 4428 980 4527 maligno
1007 4429 1172 4534 Spiritui,
1198 4429 1287 4498 sicut
1308 4426 1470 4498 Pharisaei
1500 4427 1693 4517 faciebant,
1724 4429 1811 4500 dum
1832 4430 1976 4503 turbam
2003 4459 2087 4504 cre-

489 4561 634 4633 dentem
649 4557 718 4646 his,
737 4579 816 4653 quae
828 4548 1008 4638 videbant,
1024 4546 1223 4638 miraculis,
1239 4547 1411 4618 aChristo
1425 4573 1489 4645 per
1502 4549 1670 4618 invidiam
1684 4565 1840 4621 avertere
1857 4552 2084 4624 niterentur.

490 4686 654 4767 Quorum
663 4690 854 4775 ¹peccatum
872 4673 902 4743 si
919 4669 1119 4768 diligentius
1132 4667 1413 4758 consideremus,
1429 4669 1568 4765 gravius
1581 4692 1657 4754 esse
1672 4669 1811 4741 videtur
1821 4695 1895 4767 quo
1906 4671 2092 4746 diabolus
2206 4681 2209 4690 ¹

491 4799 635 4872 corruit.
661 4796 732 4868 Etsi
752 4793 849 4866 enim
879 4788 1039 4888 pharisaei
1060 4785 1238 4858 Christum
1259 4811 1333 4860 non
1358 4784 1552 4859 credebant
1572 4791 1708 4875 Deum,
1737 4787 1920 4860 hominem
1948 4805 2093 4864 tamen

525 5109 532 5135 ¹
551 5107 647 5170 ttatu,
659 5121 714 5173 cap.
728 5121 775 5164 ιιι,
789 5119 813 5154 ι.
826 5103 866 5152 at.
880 5099 931 5137 -'
944 5099 1016 5158 thid..
1029 5113 1050 5149 ι.
1066 5096 1167 5148 31,-’
1180 5096 1266 5158 Marc..
1278 5110 1334 5160 cap.
1349 5112 1389 5156 ιιι,
1406 5113 1430 5146 ι.
1447 5098 1494 5158 tt,
1507 5097 1546 5144 29.
1561 5123 1590 5132 -
1604 5095 1613 5122 ⁴
1626 5095 1699 5158 bue,
1712 5110 1768 5161 cap.
1783 5111 1834 5156 ιιι,
1847 5110 1871 5144 ι.
1887 5097 1953 5145 8.-
1968 5096 1981 5124 “
1995 5098 2097 5162 loen„

490 5210 546 5263 cap.
557 5211 594 5250 ιι.
606 5211 630 5246 ι.
643 5191 685 5243 tt.
