4522 6102
744 989 1065 1093 aristoni
1104 993 1210 1116 111,

570 1273 645 1331 oue
669 1273 727 1320 nst·
752 1271 960 1320 nescnrrruu
988 1271 1085 1319 rsrnr
1112 1273 1155 1318 nn
1180 1245 1378 1319 ristsusssn.

846 1545 1110 1598 ARGUMENTUM.

189 1716 318 1786 Superiori
330 1717 444 1787 epistolas
456 1717 578 1770 Heloissss
594 1717 734 1790 respondet
750 1717 918 1784 Abaelsrdus,
932 1735 962 1771 sc
974 1736 1001 1770 se
1012 1717 1125 1771 candide
1137 1731 1261 1782 excusat,
1274 1715 1346 1787 quod
1361 1727 1435 1768 tanto
1451 1727 1568 1786 tempore
1581 1713 1616 1766 ad
1631 1715 1702 1766 illam
1715 1733 1769 1766 non

220 1796 365 1866 scripserit,
382 1796 487 1849 minime
503 1795 536 1849 de
550 1797 652 1850 mouria
665 1798 693 1850 in
705 1815 763 1850 eam
776 1799 892 1852 venisse:
907 1797 954 1852 sed
965 1797 1037 1870 quod
1052 1797 1085 1850 de
1097 1796 1254 1869 prudentia,
1268 1795 1390 1850 doctrina
1397 1835 1406 1862 ,
1418 1797 1514 1868 pietate
1521 1835 1529 1860 ,
1542 1808 1567 1847 et
1579 1794 1704 1864 religione
1715 1797 1769 1865 ejus

220 1887 321 1928 tantum
332 1876 492 1941 confideret,
505 1890 536 1930 ut
546 1895 604 1930 cnm
617 1879 657 1931 vel
672 1877 871 1943 exhortatione,
890 1879 932 1930 rel
951 1877 1131 1932 consolatione
1142 1893 1197 1930 non
1215 1875 1333 1948 indigere
1347 1873 1474 1929 crederet.
1488 1876 1580 1930 Monet
1591 1887 1679 1930 autern
1693 1887 1722 1926 ut
1735 1873 1768 1926 ad

223 1972 248 2006 se
261 1954 400 2020 rescribat,
412 1955 477 2026 qtrid
490 1955 540 2008 sibi
552 1957 741 2010 exhortationis
753 1957 793 2010 vel
808 1959 994 2012 consolationis
1010 1957 1106 2012 divino
1123 1957 1156 2009 ab
1175 1975 1206 2008 eo
1226 1955 1334 2008 rescribi
1355 1955 1432 2008 velit:
1448 1969 1473 2008 et
1490 1955 1546 2028 ipse
1563 1957 1618 2026 ejus
1638 1953 1768 2008 desiderio

225 2033 300 2087 faciet
310 2035 377 2086 satis.
391 2035 475 2106 Rogat
487 2053 560 2101 eam,
574 2049 603 2088 ut
616 2046 668 2089 taut
682 2037 738 2108 ipsa
749 2055 829 2107 quant
841 2057 913 2091 sacer
925 2039 979 2109 ejus
992 2037 1124 2109 virginum
1136 2055 1167 2090 ac
1179 2034 1317 2088 viduarum
1331 2033 1427 2089 chorus
1439 2053 1466 2087 se
1473 2034 1545 2106 apud
1556 2035 1639 2086 Deum
1649 2035 1770 2105 precibus

223 2113 308 2182 juvet,
318 2127 427 2183 quumsu
442 2113 515 2185 apud
532 2115 619 2186 ipsunt
635 2115 702 2168 vires
719 2117 804 2170 oratio
825 2119 937 2172 maxime
958 2136 1072 2172 uxorum
1088 2135 1139 2190 pro
1159 2116 1221 2168 viris
1239 2115 1349 2180 habeat,
1369 2116 1515 2170 luculenter
1534 2134 1566 2168 ex
1581 2115 1768 2186 scripturarum

225 2193 374 2246 auctoritate
385 2193 528 2260 disserens,
542 2208 568 2248 ct
579 2195 790 2248 commemoratis
802 2197 941 2268 precibus,
954 2215 1012 2266 que
1023 2197 1149 2250 hactenus
1161 2196 1189 2247 in
1201 2195 1259 2266 ipso
1273 2195 1429 2248 monasterio
1440 2213 1491 2266 pro
1504 2214 1530 2248 se
1542 2215 1557 2247 a
1570 2195 1648 2247 sacris
1668 2195 1770 2246 feminis

221 2269 310 2325 fierent
323 2272 357 2325 ad
372 2274 456 2325 Deum
473 2274 580 2344 singulis
596 2274 669 2326 horis
682 2273 830 2340 canonicis,
845 2275 908 2329 alias
921 2276 984 2328 item
995 2294 1052 2346 que
1065 2293 1116 2348 pro
1127 2275 1208 2328 salute
1221 2276 1335 2328 absentis
1347 2276 1413 2328 liant
1423 2275 1544 2330 instituit.
1559 2275 1685 2328 Preterea
1696 2288 1770 2344 rogat

221 2364 249 2401 nt
267 2369 425 2422 quoctrnque
442 2352 523 2406 modo
546 2353 585 2406 vel
606 2353 667 2406 loco
685 2371 745 2406 eum
767 2373 799 2406 ex
818 2355 869 2408 hac
886 2355 939 2408 rita
960 2355 1071 2426 migrare
1089 2356 1267 2425 contingeret,
1289 2355 1406 2409 deiimcti
1426 2373 1521 2427 corpus
1542 2353 1576 2407 nd
1595 2355 1770 2426 paracletense

220 2432 369 2484 caenobium
383 2431 493 2497 deferri,
507 2431 596 2502 ibique
609 2433 713 2503 sepeliri
724 2448 837 2486 curaret.

356 2625 496 2684 Hetoissae
509 2623 713 2685 dilectissime
726 2629 823 2684 sorori
836 2642 896 2686 sue
910 2630 943 2686 ιιι
958 2626 1080 2688 Christo
1095 2629 1272 2688 Abelcrdus
1280 2627 1386 2706 secter
1399 2633 1464 2706 ejus
1478 2632 1510 2687 ic
1524 2632 1598 2705 ipso.

232 2805 341 2889 Quod
370 2821 450 2904 post
477 2820 636 2878 nostram
661 2831 681 2876 a
708 2806 828 2878 seculo
852 2805 899 2875 ad
920 2809 1037 2876 Deum
1063 2807 1336 2878 conversionem
1363 2806 1526 2878 nondum
1551 2809 1616 2880 tibi
1634 2809 1767 2906 aliquid

186 2923 439 2997 consolationis
457 2925 514 2998 vel
532 2925 789 2997 exhortationis
807 2927 1026 3022 scripserim,
1061 2950 1134 2996 non
1154 2925 1374 3022 negligentiae.
1397 2950 1509 3014 meae,
1534 2926 1596 2998 sed
1616 2943 1701 3017 tue,
1723 2930 1768 2999 dc

187 3069 257 3140 qua
277 3070 417 3144 semper
436 3047 631 3145 plurimum
652 3047 819 3136 confido,
834 3047 1031 3145 prudentiae
1043 3045 1294 3145 imputandum
1314 3059 1378 3117 est.
1401 3049 1481 3116 Non
1502 3047 1694 3118 enimcum
1712 3047 1768 3117 his

187 3164 344 3261 indigere
362 3166 522 3255 credidi,
544 3167 601 3240 cui
619 3166 845 3242 abundanter
857 3171 952 3264 qute'
971 3166 1170 3238 necessaria
1187 3180 1270 3236 sunt
1287 3163 1408 3236 divina
1424 3167 1535 3261 gratia
1548 3167 1739 3264 impertivit
1755 3197 1764 3256 ς

186 3299 223 3354 ut
244 3300 316 3356 tam
333 3285 449 3358 verbis
471 3311 579 3384 quam
605 3287 775 3384 exemplis
796 3302 953 3357 errantes
978 3285 1094 3357 valeas
1114 3285 1280 3374 doccre',
1303 3284 1546 3382 pusillanimes
1563 3284 1763 3375 consolari,

184 3405 323 3502 tepidos
344 3407 542 3496 exhortari,
562 3410 652 3480 sicut
670 3422 705 3478 et
723 3407 837 3480 secere
852 3407 926 3502 jam
947 3406 1086 3478 dudum
1110 3407 1343 3498 consuevisti,
1369 3431 1480 3503 (tuum
1503 3405 1571 3478 sub
1591 3405 1766 3476 abbatissa

186 3524 381 3618 prioratum
407 3525 599 3598 obtineres.
635 3525 795 3613 Quodsi
827 3551 924 3598 nunc
952 3541 1049 3598 tanta
1080 3525 1261 3623 diligentia
1292 3527 1360 3597 tuis
1389 3525 1578 3624 provideas
1606 3525 1763 3616 filiabus,

187 3661 322 3743 quanta
339 3662 424 3718 tunc
452 3647 653 3739 sororibus,
674 3648 756 3718 satis
779 3671 854 3718 esse
867 3647 1062 3737 credimus,
1092 3649 1216 3742 utjam
1235 3648 1384 3719 omnino
1403 3647 1619 3745 superfluam
1638 3647 1767 3718 doctri·

188 3790 272 3838 nam
286 3768 339 3840 vel
354 3767 636 3840 exhortationem
649 3785 808 3840 nostram
823 3767 1046 3838 arbitremur.
1062 3769 1122 3837 Sin
1138 3781 1257 3838 autem
1275 3766 1465 3840 humilitati
1478 3781 1546 3838 tuae
1560 3766 1659 3838 aliter
1672 3767 1768 3837 vide-

188 3903 266 3981 tur,
287 3891 376 3962 etin
401 3892 443 3962 iis
470 3891 576 3962 ctiam
601 3915 679 3987 quae
703 3889 749 3960 ad
774 3893 891 3960 Deum
915 3888 1094 3985 pertinent
1122 3888 1323 3983 magisterio
1349 3902 1474 3958 nostro
1503 3903 1609 3984 atque
1630 3889 1767 3986 scriptis

187 4007 342 4105 indiges,
363 4009 537 4108 superbis
554 4035 634 4107 quec
651 4009 737 4080 velis
755 4007 868 4080 scribe
883 4008 989 4096 mihi,
1008 4022 1047 4078 ut
1063 4007 1109 4078 ad
1127 4007 1241 4105 ipsam
1260 4006 1452 4079 rescribam
1466 4023 1575 4105 prout
1592 4009 1768 4080 Dominus

188 4127 274 4198 mihi
293 4133 467 4201 annuerit.
490 4134 567 4202 Dec
590 4144 709 4202 autem
733 4129 879 4226 gratias,
900 4129 962 4226 qui
980 4127 1269 4226 gravissimorum
1288 4141 1323 4198 et
1339 4126 1566 4217 assiduorum
1589 4129 1766 4226 periculo·

188 4271 266 4318 rum
286 4273 450 4320 meorum
463 4249 738 4322 sollicitudinem
752 4249 876 4319 vestris
898 4246 1082 4318 cordibus³
1101 4247 1295 4344 inspirans,
1316 4245 1535 4318 afflictionis*
1552 4269 1639 4317 meae
1655 4250 1764 4344 parti·

185 4368 280 4463 cipes
294 4393 357 4440 vos
376 4369 474 4460 lecit3
496 4385 535 4442 ut
547 4371 751 4442 orationum
767 4369 932 4465 suffragio
953 4383 1149 4438 vestrarum
1170 4366 1290 4438 divina
1308 4367 1487 4439 miseratio
1505 4391 1563 4438 me
1580 4382 1760 4464 protegat,

187 4501 222 4557 et
246 4487 412 4560 velociter
438 4489 630 4562 Sathanatn
660 4488 727 4560 sub
750 4488 902 4588 pedibus
927 4488 1057 4558 nostris
1086 4501 1257 4558 conterat.
1288 4486 1340 4556 td
1363 4485 1434 4558 hoc
1451 4501 1569 4558 autem
1587 4489 1763 4584 precipue

189 4608 412 4696 Psalterium,
430 4610 530 4706 quod
541 4634 562 4680 a
575 4635 633 4682 me
647 4609 795 4681 sollicite
809 4607 1002 4704 requisisti,
1019 4631 1122 4679 soror
1140 4609 1176 4678 in
1190 4606 1311 4678 seculo
1327 4605 1512 4703 quondam
1523 4605 1651 4696 chara,
1669 4631 1765 4678 nunc

191 4727 225 4796 in
243 4727 382 4800 Christo
407 4729 629 4819 charissima,
658 4731 796 4800 mittere
810 4728 995 4799 maturavi.
1017 4733 1055 4797 ln
1076 4752 1148 4824 quo
1166 4726 1329 4798 videlicet
1346 4750 1412 4823 pro
1435 4727 1565 4796 nostris
1579 4727 1714 4822 magnis
1733 4743 1767 4798 et

191 4849 307 4922 multis
325 4849 545 4941 excessibus,
566 4865 600 4923 et
619 4850 826 4949 quotidiana
846 4849 1089 4948 periculorum
1110 4871 1274 4918 meorum
1293 4847 1474 4917 instantia⁸
1485 4899 1494 4934 ,
1506 4845 1591 4943 juge
1608 4847 1765 4917 Domino

190 4969 396 5043 sacrificium
418 4971 583 5044 immoles
602 4972 818 5044 orationum.
841 4974 1025 5058 Quantum
1046 4983 1165 5041 autem
1183 4967 1304 5039 locum
1322 4966 1418 5065 apud
1437 4971 1553 5039 Deum
1573 4983 1606 5039 ct
1624 4983 1765 5040 sanctos

225 5206 400 5272 'Quemnam
420 5209 448 5260 ὓ.
462 5208 670 5276 -¹lttsormure
690 5207 953 5262 llllS.·-⁸Cordttut
967 5209 1036 5261 deest
1049 5160 1073 5260 in
1084 5205 1114 5258 tt.
1130 5205 1270 5258 utores
1283 5209 1372 5268 sistque
1383 5204 1454 5258 ttttS.
1489 5237 1496 5243 „
1511 5206 1675 5258 'tendentem
1692 5205 1761 5256 ttttS.
1855 5245 1857 5253 .
