4510 6108
472 615 542 686 520
578 592 595 688 ,’
1040 551 1195 684 'rann
1221 589 1455 686 lamiam

470 756 577 850 Cujus
594 779 660 824 nos
677 743 882 825 intercessio
899 755 946 825 ita
964 754 1000 823 in
1017 768 1141 825 sancto
1158 752 1347 826 confirmet
1363 754 1569 852 proposito,
1588 766 1627 824 ut
1643 752 1689 823 ad
1710 751 1799 825 illud
1820 757 2045 852 supernum¹,

470 899 542 971 quo
560 875 634 971 ipse
649 876 818 946 invitatus
832 888 904 964 est,
923 874 1130 946 convivium
1147 874 1360 972 perveniatis
1376 903 1384 944 :
1404 889 1444 945 ut
1460 873 1532 945 illic
1547 889 1706 944 mentem
1716 872 1851 945 felicius
1865 897 1974 970 quam
1989 871 2047 943 hic

469 1020 614 1068 carnem
631 995 812 1087 reficiatis,
831 1021 965 1093 sponso
982 1011 1100 1068 vestro
1117 995 1251 1068 coelesti
1266 997 1472 1092 perenniter
1491 994 1707 1090 conjuncta,
1726 995 1826 1090 cujus
1842 994 2021 1092 praesentis
2036 996 2048 1028 ³

469 1115 558 1184 visio
574 1115 650 1212 ipsa
667 1130 720 1186 est
735 1139 874 1187 summa
890 1115 1090 1188 beatitudo.
1580 1133 1583 1140 “

754 1647 840 1802 'm
877 1712 1262 1804 assuurnom
1296 1714 1490 1805 arara
1523 1714 1759 1806 uiam.-

1142 1952 1252 2000 SERMO
1278 1953 1375 2000 xxvt.

516 2153 614 2223 Sicut
629 2177 670 2224 ex
687 2151 789 2225 dictis
806 2151 1127 2228 ecclesiasticorum
1143 2151 1335 2224 doctorum
1349 2151 1574 2250 collegimus,
1594 2153 1752 2226 Domino
1777 2152 1990 2227 ascendente
2008 2153 2046 2226 in

351 2255 354 2268 ¹
469 2275 578 2346 coelos
594 2275 743 2371 quidam
759 2275 968 2372 angelorum
985 2274 1208 2361 dubitantes,
1227 2273 1282 2345 vel
1299 2275 1419 2371 potins
1436 2274 1669 2364 admirantes,
1688 2273 1734 2347 de
1750 2289 1850 2346 tanta
1865 2273 2049 2372 glorificati

468 2393 624 2464 bominis
640 2393 922 2490 magnificentia,
941 2405 1087 2461 caeteros
1103 2390 1305 2463 assistentes
1322 2417 1396 2464 non
1414 2393 1523 2465 semel
1543 2392 1848 2491 interrogabant:
1863 2395 1980 2481 «Quis
1997 2409 2049 2466 est

437 2532 443 2550 ⁸
467 2513 532 2584 iste
558 2538 617 2584 rex
639 2511 758 2606 gloriae
779 2511 793 2580 l
813 2537 830 2576 u
858 2511 915 2580 Sic
938 2526 975 2581 et
999 2509 1037 2580 in
1060 2509 1238 2583 hodierna
1259 2512 1449 2584 dominica
1473 2515 1595 2584 matris
1622 2513 1865 2610 assumptione
1884 2511 1931 2584 de
1952 2527 2048 2584 tanta

466 2628 600 2708 infirmi
625 2653 727 2701 sexus
748 2627 963 2700 exaltatione
990 2653 1066 2700 non
1088 2628 1284 2726 incongrue
1305 2654 1370 2728 per
1391 2630 1588 2727 angelicam
1612 2629 1887 2703 admirationem
1914 2631 2047 2702 dictum

466 2773 542 2821 esse
557 2749 736 2820 credimus
751 2751 789 2820 *ι
812 2777 829 2817 a
849 2751 936 2834 Quae
951 2761 1005 2819 est
1024 2749 1091 2820 ista
1111 2773 1190 2846 qnae
1210 2749 1370 2821 ascendit
1385 2751 1478 2822 sicut
1497 2773 1626 2822 aurora
1646 2774 1883 2846 consurgens,
1901 2749 2048 2849 pulchra

467 2883 505 2939 ut
521 2868 623 2959 luna,
647 2867 758 2941 electa
777 2882 818 2939 ut
838 2867 914 2959 sol,
937 2867 1104 2940 terribilis
1125 2882 1166 2940 ut
1192 2885 1393 2943 castrorum
1409 2871 1502 2942 acies
1522 2869 1708 2943 ordinata?
1725 2898 1743 2938 u
1764 2874 1901 2941 Aurora
1917 2871 2046 2968 quippe

465 3014 683 3087 consurgens
699 2990 852 3087 primam
874 2988 1071 3062 claritatem
1086 2989 1157 3062 diei
1174 2989 1288 3064 affert.
1307 2993 1458 3087 Surgere
1473 3005 1593 3064 autem
1609 2990 1805 3063 electorum
1820 3005 1891 3082 est,
1911 2991 1982 3062 hoc
1997 3005 2049 3062 est

466 3111 511 3181 ad
527 3111 669 3183 culmen
686 3111 872 3200 virtutum,
892 3126 928 3182 et
944 3110 991 3184 ad
1007 3110 1391 3211 comprehendendum
1406 3116 1523 3184 Deum
1538 3136 1614 3184 sese
1631 3112 1792 3185 attollere
1805 3140 1812 3183 :
1825 3113 1916 3185 sicut
1932 3137 1952 3184 e
1967 3136 2047 3184 con·

465 3233 575 3303 trario
596 3230 837 3331 reproborum
853 3230 999 3320 cadere,
1023 3248 1130 3330 atque
1151 3232 1188 3302 in
1209 3230 1431 3330 profundum
1452 3232 1623 3304 vitiorum
1642 3257 1681 3303 sc
1701 3233 1925 3330 immergere.
1948 3231 2046 3304 Unde

466 3353 511 3424 ad
535 3368 718 3450 torpentes
734 3377 865 3424 somno
880 3352 1118 3449 negligentiae,
1138 3367 1175 3424 et
1196 3352 1234 3423 in
1256 3377 1320 3425 sua
1335 3353 1495 3449 jacentes
1511 3353 1669 3450 ignavia,
1688 3377 1758 3425 vox
1774 3352 1832 3425 illa
1849 3367 1903 3425 est
1918 3353 2045 3425 exhor·

466 3473 648 3544 tationis⁸2
664 3474 804 3568 «Surge
820 3473 882 3569 qui
898 3471 1052 3560 dormis,
1070 3453 1110 3542 et
1122 3494 1268 3568 exsurge
1285 3473 1485 3562 amortuis,
1504 3488 1540 3545 et
1554 3472 1770 3545 illuminabit
1785 3488 1821 3545 te
1837 3473 2008 3546 Christus.
2026 3500 2044 3540 u

465 3593 621 3687 Surgunt
636 3589 784 3687 qnidam
800 3604 836 3661 et
851 3615 916 3688 per
935 3591 1183 3688 poenitentiam
1204 3613 1226 3662 a
1246 3607 1362 3663 morte
1383 3593 1510 3664 animae
1534 3593 1637 3690 quasi
1657 3593 1815 3664 suscitati
1837 3607 2044 3689 resurgunt,

457 3711 528 3814 sed
554 3710 601 3782 ad
623 3723 722 3780 tanta
741 3709 915 3781 virtutum
939 3710 1064 3781 merita
1085 3735 1161 3782 non
1190 3726 1441 3802 excreverunt,
1468 3727 1508 3784 nt
1532 3713 1569 3784 in
1596 3710 1799 3810 exemplum
1818 3712 2048 3810 perfectionis

466 3829 597 3900 assumi
614 3842 765 3926 queant,
784 3851 852 3898 nec
867 3827 970 3924 quasi
988 3850 1118 3900 aurora
1133 3826 1329 3902 claritatem
1345 3829 1534 3920 docuinae,
1555 3830 1612 3902 his
1634 3831 1697 3929 qui
1721 3829 1767 3902 ad
1791 3829 2048 3928 perlectionem

465 3950 544 4021 vitae
559 3974 597 4020 se
613 3948 758 4020 student
774 3947 952 4038 attollere,
964 3947 1083 4020 valent
1099 3948 1279 4023 exhibere.
1297 3954 1404 4023 Beata
1420 3976 1506 4024 vero
1523 3951 1589 4022 Dei
1606 3951 1755 4048 genitrix
1772 3965 1910 4047 quanto
1927 3951 1963 4021 in
1975 3950 2048 4020 vir·

465 4071 599 4142 tutibus
620 4069 774 4142 excrevit
804 4068 1011 4166 perfectius,
1038 4083 1139 4141 tanto
1167 4069 1395 4168 perfectionis
1422 4096 1493 4143 suae
1513 4069 1728 4160 claritatem,
1752 4093 1853 4141 more
1873 4069 2050 4167 surgentis

464 4217 614 4282 aurorae,
632 4190 784 4290 amplius
799 4188 973 4277 dilatavit,
986 4204 1022 4260 et
1035 4189 1201 4261 candoris
1218 4191 1367 4287 virginei
1383 4191 1569 4289 proposito
1586 4192 1702 4290 prima
1718 4214 1925 4286 resurgens,
1943 4188 2051 4284 hujus

462 4311 689 4409 perfectionis
704 4312 812 4396 viam,
831 4333 903 4406 qna
918 4307 1002 4379 solae
1024 4308 1178 4404 virgines
1194 4333 1327 4406 agnum
1344 4325 1542 4407 sequuntur
1558 4333 1775 4409 quocunque
1791 4309 1885 4396 ierit,
1899 4309 2051 4406 proprio

463 4430 655 4502 declaravit
670 4427 833 4526 exemplo
853 4455 862 4498 ε
881 4428 972 4501 sicut
988 4441 1023 4498 et
1038 4451 1185 4517 aurora,
1204 4443 1244 4501 ut
1259 4428 1395 4501 dictum
1411 4445 1481 4519 est,
1500 4431 1616 4528 prima
1632 4429 1701 4500 diei
1714 4427 1913 4500 claritatem
1930 4425 2049 4498 affert.

465 4553 536 4622 Etsi
561 4551 658 4622 enim
684 4547 848 4620 nonnulli
864 4548 1017 4643 virgines
1033 4572 1113 4620 eam
1129 4551 1346 4647 praecessisse
1370 4549 1574 4641 credantur,
1604 4551 1695 4623 sicut
1720 4548 1766 4621 de
1790 4548 1883 4638 Elia,
1906 4547 1974 4653 vel!
1990 4552 2053 4620 Je-

462 4672 590 4760 remia,
608 4671 664 4742 vel
681 4669 845 4760 Daniele,
863 4668 919 4740 vel
935 4669 1153 4766 quibusdam
1172 4668 1248 4743 aliis
1264 4673 1458 4762 aestimant,
1482 4697 1558 4743 non
1582 4670 1678 4744 hanc
1699 4694 1761 4742 eos
1780 4671 1951 4742 virtutem
1971 4685 2054 4742 tam

462 4817 503 4861 ex
520 4790 713 4862 devotione
729 4789 820 4861 sacri
840 4789 1015 4888 propositi
1040 4813 1150 4887 quam
1177 4815 1219 4861 ex
1244 4793 1452 4864 necessitate
1479 4791 1657 4890 quadam,
1681 4805 1788 4888 atque
1813 4788 2055 4889 oppressione

462 4912 718 5009 persecutionis
735 4907 912 5000 credimus
928 4910 1118 4982 habuisse:
1137 4914 1332 5009 praesertim
1347 4938 1461 5010 quum
1472 4937 1517 4985 eo
1533 4927 1696 5010 tempore
1706 4911 1948 4984 maledictioni
1957 4911 2055 4982 sub-

497 5119 657 5172 ‘fraternum
668 5121 718 5172 tls:
730 5122 796 5173 Eius.
810 5149 840 5160 -
853 5121 863 5150 ¹
879 5122 929 5177 llS.
944 5122 1010 5176 Eius.
1020 5148 1038 5162 -
1047 5125 1189 5180 Proeseutioe
1199 5123 1246 5176 Ed.
1256 5123 1328 5177 Amb.
1339 5149 1368 5162 -
1379 5123 1389 5152 ¹
1399 5123 1489 5177 Psalm.
1502 5139 1576 5187 xxru,
1591 5141 1615 5176 r.
1626 5127 1651 5177 t.
1663 5149 1689 5162 -·
1703 5121 1808 5184 lerna,
1818 5137 1874 5191 cap.
1887 5138 1923 5184 n,
1936 5137 1961 5174 r.
1976 5126 2006 5175 9.
2023 5153 2055 5164 -

465 5205 475 5234 ⁸
493 5207 596 5271 tptes„
607 5222 662 5274 cap.
675 5223 699 5271 v,
711 5225 733 5260 v.
748 5210 787 5260 tl.
1698 5211 1701 5221 '
