4522 6102
544 552 672 624 PETlll
699 553 931 626 tumulum
959 555 1013 624 ET
1038 553 1263 626 HELOlSSAE
1289 553 1525 624 EPlS'fOLAE.
1783 547 1828 623 93

251 715 415 789 quoque,
441 692 469 760 si
492 691 678 788 diligenter
693 691 871 780 attendas,
899 707 1018 764 actum
1043 709 1094 764 est
1118 695 1340 765 sententiam.
1363 693 1404 763 ld
1427 694 1523 764 enim
1541 689 1641 788 quod
1663 687 1829 762 omnibus

251 825 364 907 patet,
383 824 420 879 tu
436 810 512 906 ipsa
526 810 705 897 indicasti,
722 825 762 881 ut
773 835 885 908 quum
897 809 1061 882 videlicet
1074 810 1118 881 ad
1129 813 1328 908 superiores
1341 811 1521 898 scribitur,
1543 835 1667 880 eorum
1682 811 1828 882 nomina

252 945 514 1028 praeponantur.
541 933 588 1001 'le
613 954 698 1001 vero
721 947 873 1002 extunc
897 955 953 1000 me
972 931 1193 1028 superiorem
1217 931 1344 1002 factam
1367 930 1557 1027 intelligas,
1583 953 1655 1029 quo
1682 929 1829 1000 domina

252 1073 330 1120 mea
349 1074 424 1120 esse
441 1051 596 1148 coepisti,
622 1051 767 1121 Domini
789 1052 859 1122 mei
885 1074 1016 1148 sponsa
1038 1049 1178 1139 effecta,
1200 1051 1300 1146 juxta
1323 1050 1411 1121 illud
1433 1051 1528 1122 beati
1549 1051 1757 1144 Hieronymi
1781 1053 1828 1121 ad

252 1169 478 1240 Eustachium
500 1169 547 1240 ita
574 1169 780 1242 scribentis¹
804 1196 811 1239 :
845 1199 861 1238 a
880 1172 960 1240 Haec
977 1168 1111 1240 idcirco
1130 1169 1278 1240 domina
1296 1193 1392 1256 mea,
1421 1169 1668 1258 Eustachium,
1695 1169 1823 1240 scribo.

250 1287 441 1358 Dominam
462 1289 595 1385 quippe
618 1287 734 1359 debeo
755 1311 883 1360 vocare
901 1311 1068 1386 sponsam
1088 1290 1233 1361 Domini
1256 1295 1339 1360 mei.
1357 1317 1375 1354 u
1397 1288 1491 1359 Felix
1510 1287 1634 1359 talium
1652 1312 1828 1360 commer-

248 1406 342 1474 cium
361 1407 587 1503 nuptiarum,
609 1421 648 1476 ut
665 1407 875 1478 homunculi
893 1407 1011 1478 miseri
1022 1408 1121 1504 prius
1134 1433 1240 1496 uxor,
1262 1431 1359 1478 nunc
1373 1408 1409 1478 in
1423 1407 1554 1478 summi
1566 1408 1656 1503 regis
1667 1407 1829 1478 thalamis

248 1522 467 1613 sublimeris,
489 1549 555 1596 nec
574 1550 615 1596 ex
634 1525 742 1621 hujus
768 1525 917 1596 honoris
944 1525 1127 1623 privilegio
1149 1526 1260 1622 priori
1283 1525 1533 1597 tantummodo
1552 1527 1651 1614 viru,
1671 1526 1733 1596 sed
1752 1529 1830 1623 qui·

247 1640 466 1739 buscunque.
480 1644 589 1714 servis
614 1644 771 1738 ejusdem
794 1645 888 1740 regis
905 1643 1058 1742 praelata.
1085 1649 1135 1715 Ne
1162 1645 1301 1715 mireris
1321 1646 1428 1741 igitur
1451 1645 1571 1716 sitam
1595 1645 1696 1715 vivus
1719 1670 1826 1741 quam

247 1777 409 1833 mortuus
423 1786 481 1834 me
493 1765 615 1834 vestris
626 1764 802 1861 praecipue
814 1764 1065 1835 commendem
1079 1765 1313 1854 orationibus,
1325 1789 1436 1861 quum
1443 1764 1523 1860 jure
1534 1764 1678 1864 publico
1694 1782 1830 1837 constet

247 1881 341 1979 apud
361 1881 527 1952 dominos
544 1883 625 1980 plus
643 1907 769 1953 eorum
788 1906 937 1980 sponsas
956 1883 1212 1955 intercedendo
1226 1909 1350 1982 posse,
1368 1909 1476 1981 quam
1491 1886 1650 1984 ipsorum
1664 1884 1824 1975 familias,

247 1999 410 2071 dominas
434 2001 587 2099 amplius
610 2026 718 2098 quam
746 2027 879 2072 servos.
905 2006 946 2072 ln
972 2027 1124 2098 quarum
1146 2002 1292 2099 quidem
1311 2020 1397 2102 typo
1418 2005 1537 2100 regina
1560 2003 1617 2074 illa
1640 2019 1675 2074 et
1697 2009 1826 2076 summi

246 2121 335 2215 regis
352 2143 481 2216 sponsa
500 2120 686 2216 diligenter
704 2120 931 2210 describitur,
952 2145 1064 2217 quum
1084 2122 1121 2192 in
1135 2122 1274 2220 psalmo
1289 2122 1439 2194 dicitur¹
1462 2151 1469 2192 :
1501 2151 1518 2189 κ
1534 2123 1648 2193 Astitit
1670 2126 1788 2219 regina
1805 2149 1824 2195 a

244 2238 374 2310 dextris
396 2241 476 2309 tuis.
504 2269 522 2307 u
554 2245 601 2312 Ac
628 2242 656 2310 si
682 2255 802 2338 aperte
829 2239 968 2311 dicatur
989 2269 995 2309 :
1019 2245 1088 2311 lsta
1107 2241 1233 2336 juncto
1261 2241 1369 2314 latere
1396 2267 1529 2341 sponso
1557 2241 1825 2314 familiarissime

243 2347 414 2434 adhaeret,
440 2365 476 2421 et
502 2351 634 2447 pariter
661 2349 811 2438 incedit,
836 2351 969 2421 caeteris
992 2351 1160 2422 omnibus
1188 2352 1288 2448 quasi
1310 2377 1329 2423 a
1352 2353 1457 2449 longe
1480 2351 1751 2424 absistentibusl
1769 2355 1824 2425 vel

242 2457 549 2554 subsequentibus.
577 2463 630 2530 De
655 2459 762 2554 hujus
785 2458 989 2530 excellentia
1017 2462 1254 2556 praerogativae
1278 2485 1407 2558 sponsa
1427 2463 1462 2532 in
1484 2463 1628 2534 canticis
1645 2464 1821 2554 exultans,

242 2577 315 2666 illa,
342 2592 381 2650 ut
404 2581 452 2650 ita
474 2579 607 2668 dicam,
639 2604 747 2676 quam
774 2583 913 2674 Moyses
936 2579 1076 2666 duxit‘,
1105 2581 1302 2678 Ethiopissa
1321 2582 1450 2652 dicit⁸:
1480 2611 1497 2648 α
1512 2585 1616 2679 Nigra
1634 2605 1733 2672 sum,
1760 2587 1824 2657 sed

241 2698 415 2786 formosa,
441 2697 519 2770 frliae
539 2698 769 2771 Hierusalem.
794 2697 880 2770 Ideo
904 2697 1025 2772 dilexit
1043 2723 1101 2769 me
1119 2723 1200 2788 rex,
1222 2714 1258 2770 et
1275 2700 1471 2772 introduxit
1489 2727 1547 2774 me
1565 2703 1602 2773 in
1616 2704 1820 2776 cubiculum

240 2842 355 2888 suum.
375 2847 393 2884 ιι
415 2821 457 2888 Et
475 2843 616 2890 rursum
629 2820 661 2885 ⁸:
682 2816 830 2888 «Nolite
850 2815 1075 2890 considerare
1089 2817 1188 2912 quod
1205 2817 1412 2908 fuscasum,
1429 2821 1514 2915 quia·
1526 2820 1744 2893 decoloravit
1762 2849 1820 2894 me

240 2937 306 3007 sol.
327 2965 343 3002 u
364 2941 402 3008 ln
423 2937 552 3034 quibus
568 2937 713 3034 quidem
734 2935 849 3007 verbis
862 2961 973 3032 quum
988 2935 1197 3032 generaliter
1210 2936 1328 3008 anima
1342 2937 1581 3010 describatur⁷
1601 2943 1819 3038 contempla·

161 3111 166 3122 .
239 3055 328 3144 tiva,
354 3081 430 3153 quae
449 3056 646 3154 specialiter
661 3079 792 3153 sponsa
804 3054 936 3128 Christi
948 3053 1096 3150 dicitur,
1118 3055 1315 3154 expressius
1332 3069 1453 3128 tamen
1473 3055 1596 3130 advos
1614 3057 1684 3128 hoc
1705 3063 1815 3157 perti-

238 3199 324 3246 nere
346 3177 422 3273 ipse
446 3177 552 3248 etiam
579 3192 694 3249 vester
724 3178 877 3248 exterior
898 3175 1040 3248 habitus
1062 3176 1231 3272 loquitur.
1261 3182 1340 3276 lpse
1369 3179 1502 3276 quippe
1527 3178 1642 3250 cultus
1665 3182 1816 3250 exterior

236 3296 420 3390 nigrorum
431 3312 493 3369 aut
505 3297 628 3368 vilium
641 3295 954 3384 indumentorum,
974 3297 1084 3366 instar
1101 3296 1261 3392 lugubris
1277 3295 1418 3367 habitus
1435 3295 1614 3368 bonarum
1628 3297 1814 3369 viduarum

237 3417 398 3488 niortuos
420 3442 511 3514 quos
531 3417 726 3488 dilexerant
745 3417 839 3486 viros
858 3416 1121 3512 plangentium,
1142 3439 1208 3487 vos
1228 3417 1269 3486 in·
1283 3415 1352 3486 hoc
1373 3415 1527 3505 mundo,
1551 3418 1649 3511 juxta
1668 3432 1814 3514 aposto-

236 3532 307 3604 lum
321 3537 350 3624 ⁸,
385 3561 469 3608 vere
486 3536 611 3607 viduas
632 3551 673 3607 ,et
695 3534 870 3606 desolatas
894 3534 1068 3624 ostendit,
1094 3533 1284 3631 stipendiis
1299 3534 1454 3607 ecclesiae
1481 3536 1738 3607 sustentandas.
1761 3541 1813 3608 De

235 3675 387 3746 quarum
405 3654 511 3726 etiam
528 3653 717 3726 viduarum
731 3652 827 3724 luctu
840 3677 947 3749 super
960 3653 1117 3723 occisum
1136 3676 1259 3724 earum
1273 3677 1445 3749 sponsum
1460 3655 1638 3752 Scriptura
1653 3680 1811 3726 comme·

235 3785 371 3859 morat,
399 3771 571 3844 dicens³:
598 3802 615 3837 u
639 3771 802 3844 Mulieres
830 3771 993 3845 sedentes
1016 3770 1063 3841 ad
1083 3787 1358 3843 monumentum
1380 3773 1666 3846 lamentabantur
1689 3776 1813 3848 flentes

235 3889 441 3960 Dominum.
469 3919 486 3956 u
521 3888 636 3960 Habet
661 3905 780 3962 autem
805 3887 1016 3987 AEthiopissa
1037 3888 1249 3960 exteriorem
1273 3889 1310 3958 in
1334 3915 1440 3964 carne
1466 3891 1688 3986 nigredinem
1708 3898 1746 3980 ¹⁰,
1777 3911 1812 3965 et

234 4022 408 4100 quantum
419 4007 465 4078 ad
479 4009 651 4080 exteriora
664 4009 835 4107 pertinet,
856 4009 989 4080 ceteris
1002 4021 1147 4104 apparet
1163 4005 1302 4076 feminis
1318 4007 1525 4097 deformior,
1546 4035 1658 4106 quum
1675 4038 1749 4083 non
1768 4014 1810 4084 sit

233 4139 352 4197 tamen
366 4125 403 4196 in
417 4126 644 4198 interioribus
657 4127 797 4225 dispar,
817 4127 879 4198 scd
894 4127 931 4196 in
945 4126 1123 4223 plerisque
1141 4126 1248 4199 etiam
1266 4126 1457 4199 formosior
1475 4143 1581 4226 atque
1602 4131 1807 4220 candidior,

228 4247 318 4318 sicut
338 4248 378 4318 in
399 4247 537 4318 ossibus
560 4273 622 4320 seu
645 4247 823 4320 dentibus.
845 4251 1007 4335 Quorum
1030 4247 1193 4319 videlicet
1213 4247 1376 4319 dentium
1395 4249 1532 4323 candor
1548 4253 1586 4322 in
1605 4255 1683 4351 ipso
1702 4255 1808 4324 etiam

225 4366 503 4438 commendatur
516 4391 663 4464 spons0,
677 4392 788 4463 quum
806 4366 935 4438 dicitur
948 4369 965 4404 ¹¹
983 4393 991 4436 :
1008 4395 1025 4434 u
1037 4371 1081 4438 Et
1093 4366 1221 4438 dentes
1231 4365 1308 4462 ejus
1318 4366 1407 4438 lacte
1421 4370 1656 4442 candidiores.
1671 4400 1688 4438 ιι
1704 4373 1807 4467 Nigra

223 4485 347 4580 itaque
364 4485 407 4554 in·
417 4484 667 4575 exterioribus,
690 4487 753 4558 sed
771 4486 927 4558 formosa
941 4487 975 4555 in
996 4485 1222 4556 interioribus
1242 4500 1312 4574 est3
1335 4487 1418 4584 quia
1435 4489 1472 4558 in
1491 4488 1559 4560 bac
1584 4490 1655 4560 vita
1674 4491 1807 4562 crebris

218 4601 481 4676 adversitatum
501 4604 786 4678 tribulationibus
804 4604 1035 4702 corporaliter
1053 4604 1202 4692 afflicta,
1226 4606 1326 4701 quasi
1347 4607 1505 4680 incarne
1523 4607 1686 4704 nigrescit
1707 4625 1804 4680 exte-

216 4721 316 4810 rius,
329 4722 428 4816 juxta
443 4722 533 4794 illud-
546 4723 699 4821 apostoli
711 4727 752 4794 ¹¹:
777 4754 794 4792 a
812 4727 947 4795 Omnes
964 4724 1026 4820 qui
1043 4722 1170 4795 volunt
1186 4724 1243 4821 pie
1265 4725 1381 4796 vivere
1398 4727 1434 4798 in
1453 4727 1592 4800 Christo
1612 4727 1807 4802 tribulatio-

254 4953 264 4978 ⁴
289 4952 455 5019 Epidauro,
479 4956 539 5018 Ορρ.
558 4965 578 5006 ι.
599 4953 640 5016 lV,
661 4972 686 5020 p.
708 4957 750 5004 tt.
763 4979 791 4990 -
803 4951 813 4979 ¹
825 4943 912 5005 Psalm.
935 4969 999 5015 xxrr,
1035 4954 1176 5018 'Purgatur
1185 4953 1302 5006 llldS.-·'
1314 4956 1417 5006 Duum.
1431 4959 1454 5015 1,
1466 4973 1520 5022 cap.
1532 4974 1555 5018 x,
1568 4975 1591 5008 v.
1606 4961 1644 5008 to.
1654 4987 1680 4996 -
1690 4958 1802 5020 turrita,

209 5056 239 5087 v.
262 5038 348 5086 10.-
360 5037 370 5065 ⁸
381 5041 555 5088 Adsidentibus
566 5038 616 5088 llS.
633 5038 703 5089 Amb.
715 5065 747 5075 -
759 5038 768 5064 ⁴
781 5037 864 5096 Num„
878 5053 934 5104 capr
950 5054 1001 5098 ιιι,
1035 5051 1090 5102 cap.
1113 5052 1195 5094 xxrn,
1216 5052 1240 5086 v.
1259 5039 1300 5087 tt.
1314 5061 1349 5076 -
1364 5037 1386 5063 ¹⁰
1403 5039 1528 5102 thrttt'em
1541 5039 1613 5092 tttts.
1630 5065 1649 5078 -·
1672 5040 1692 5066 ⁴¹
1708 5041 1812 5100 Genea,

206 5141 237 5174 r.
266 5131 293 5174 t.
315 5150 344 5158 -
362 5123 372 5150 ⁸
391 5124 496 5182 cantic,
517 5137 574 5189 cap.
601 5140 623 5185 ι,
646 5139 668 5173 r.
692 5123 715 5172 l.
734 5120 1002 5184 -ttbid.,v.5.-
1036 5136 1091 5186 cap.
1107 5136 1212 5180 xnx,r.
1233 5120 1346 5170 tt.-¹¹
1363 5122 1466 5172 Ttnotlt.
1478 5124 1515 5182 tt,
1529 5139 1585 5189 cap.
1601 5127 1728 5188 nr,r.tt.
