4600 6106
476 577 572 653 ota.
1075 576 1203 651 PETRI
1228 579 1463 654 ABAELARDI

474 736 563 792 tunc
588 717 752 794 videlicet
778 717 886 790 rebus
908 719 994 818 ipsis
1020 720 1096 815 jam
1116 720 1166 792 ita
1192 723 1415 820 praeparatis,
1439 737 1480 794 ut
1505 721 1552 793 ad
1581 717 1749 818 qinnlibet
1774 719 1852 791 sine
1880 713 2063 792 miraculis

474 837 636 911 iacienda
658 835 719 907 illa
738 861 865 908 eorum
890 838 1101 912 constitutio
1126 838 1184 910 vel
1208 842 1421 939 praeparatio
1448 840 1640 913 sufficeret.
1669 837 1773 912 Unde
1803 837 1864 910 illa
1887 862 1967 934 quae
1995 861 2061 934 per

474 955 645 1030 miracula
661 953 753 1028 fiunt
771 957 883 1054 ωοςίο
897 972 1025 1030 contra
1044 956 1102 1030 vel
1122 983 1232 1057 supra
1253 975 1420 1033 naturam
1443 985 1554 1058 quam
1574 958 1776 1032 secundum
1796 971 1962 1033 natumm
1982 955 2059 1032 fieri

472 1076 637 1167 latemur,
661 1103 774 1174 quum
799 1078 846 1151 ad
870 1077 959 1153 illud
982 1079 1116 1152 sedicet
1141 1080 1346 1158 faciendum
1372 1105 1600 1181 nequaquam
1621 1080 1682 1152 illa
1704 1103 1825 1152 rerum
1845 1079 2061 1177 preparatio

470 1195 570 1292 prior
590 1195 754 1268 sufficere
783 1199 912 1296 possit,
938 1199 1006 1270 nisi
1030 1199 1226 1296 quamdam
1247 1202 1322 1272 vim
1345 1226 1479 1274 novam
1502 1199 1610 1273 rebus
1630 1200 1717 1299 ipsis
1739 1203 1836 1271 Deus
1858 1197 2055 1287 conferret,

469 1319 561 1388 sicut
578 1332 613 1391 et
629 1317 666 1389 in
686 1317 752 1389 illis
769 1343 829 1390 sex
843 1318 971 1390 diebus
986 1318 1157 1410 faciebat,
1176 1322 1238 1395 ubi
1259 1323 1335 1394 sola
1352 1323 1428 1419 ejus
1444 1322 1611 1394 voluntas
1625 1322 1702 1392 vim
1719 1334 1855 1394 natura
1870 1317 2059 1392 obtinebat

470 1438 507 1510 in
522 1440 668 1538 singulis
681 1439 890 1512 efficiendis.
905 1445 993 1528 Quse
1008 1441 1156 1539 quidem
1172 1443 1201 1514 si
1217 1469 1316 1515 nunc
1331 1469 1491 1541 quoque,
1504 1445 1597 1514 sicut
1613 1458 1713 1531 ωηο,
1731 1440 1881 1530 faceret,
1894 1441 2059 1539 proiecto

366 1573 369 1582 '
469 1573 596 1631 contra
612 1575 779 1634 naturam
794 1559 871 1631 haec
887 1559 964 1632 lieri
982 1561 1196 1632 diceremus.
1216 1561 1334 1634 Veluti
1354 1563 1384 1633 si
1404 1577 1500 1636 terra
1523 1575 1654 1659 sponte
1679 1584 1743 1634 sua
1763 1561 1841 1630 sine
1864 1561 2060 1632 seminario

468 1677 589 1776 aliquo
606 1679 746 1778 plantas
766 1680 999 1779 produceret,
1018 1678 1075 1750 vel
1097 1678 1228 1752 bestias
1244 1705 1287 1751 ex
1304 1707 1342 1752 se
1362 1681 1419 1752 vel
1439 1705 1533 1778 aqua
1554 1681 1718 1752 volucres
1738 1678 1921 1752 formaret.
1947 1685 2058 1754 Natu·

468 1821 545 1870 ram
562 1801 682 1896 itaque
698 1800 851 1871 dicimus
865 1800 940 1871 vim
956 1823 1079 1870 rerum
1095 1824 1138 1870 ex
1154 1799 1215 1871 illa
1235 1801 1352 1898 prima
1367 1801 1628 1900 praeparatione
1648 1799 1717 1871 illis
1734 1798 1903 1870 collatam
1923 1799 1971 1872 ad
1993 1799 2058 1874 ali·

466 1918 555 2014 quid
571 1918 655 1990 inde
672 1917 912 2018 nascendum,
928 1917 1000 1990 hoc
1016 1933 1069 1990 est
1084 1917 1315 1992 efficiendum
1331 1917 1580 1990 sufficientem.
1601 1921 1714 1990 Nemo
1731 1941 1817 2014 ergo
1832 1933 1969 2015 quaerat
1985 1942 2057 2016 qua

466 2051 595 2107 natura
611 2035 687 2108 illas
702 2036 905 2134 superiores
920 2059 1032 2133 aquas
1053 2061 1160 2134 super
1182 2037 1302 2134 ignem
1326 2038 1538 2114 constitutas
1558 2035 1721 2108 duruerit
1746 2037 1783 2107 in
1808 2035 1980 2133 glaciem,
2000 2037 2056 2112 vel

465 2179 525 2227 eas
541 2156 649 2228 etiarn
671 2181 813 2228 sursum
824 2154 1008 2245 extulerit,
1034 2181 1148 2254 quum
1170 2172 1258 2228 tunc
1281 2157 1359 2230 sola
1379 2157 1456 2254 ejus
1472 2156 1658 2246 voluntas,
1681 2170 1723 2228 ut
1738 2155 1876 2230 dictmn
1891 2170 1963 2245 est,
1981 2157 2056 2230 mm

464 2291 600 2346 naturas
618 2275 815 2347 obtinuerit
836 2300 971 2374 squam
992 2291 1028 2347 et
1051 2275 1151 2347 Plato
1173 2276 1211 2346 in
1232 2276 1341 2348 rebus
1362 2275 1560 2356 efficiendis
1579 2277 1655 2348 sive
1677 2274 1934 2350 conservandis
1954 2277 2055 2350 omni

464 2409 593 2467 natura
608 2419 733 2466 earum
748 2395 960 2467 validiorem
975 2419 1052 2467 esse
1068 2393 1269 2494 profitetur,
1290 2395 1416 2468 ubi...
1431 2400 1548 2468 Deum
1564 2396 1602 2467 in
1623 2397 1752 2468 Tinroeo
1762 2419 1829 2468 suo
1845 2391 2055 2492 loquentem

463 2515 510 2588 ad
526 2515 685 2588 sidereos
700 2519 795 2588 Deos
815 2515 1032 2605 introducit,
1055 2541 1168 2612 quum
1184 2515 1234 2586 ait
1252 2543 1261 2587 ε
1283 2543 1302 2584 a
1316 2515 1539 2590 immortales
1554 2516 1705 2614 quidem
1720 2539 1966 2614 nequaquam,
1986 2539 2055 2590 uec

464 2637 615 2710 omnino
632 2636 915 2725 indissolubiles,
940 2661 1008 2708 nec
1024 2652 1146 2709 tamen
1163 2659 1326 2735 unquam
1342 2637 1609 2727 dissolvemini,
1632 2661 1700 2710 nec
1717 2637 1849 2712 mortis
1861 2636 2051 2714 necessita·

462 2773 536 2830 tem
551 2756 733 2847 subibitis,
755 2759 839 2854 quia
860 2755 1027 2830 voluntas
1049 2781 1129 2829 mea
1149 2757 1266 2853 major
1286 2773 1340 2830 est
1358 2783 1472 2830 nexus
1494 2773 1531 2833 et
1554 2758 1752 2856 vegetatior
1778 2757 1825 2832 ad
1849 2758 2056 2834 aetemimis

461 2879 684 2968 custodiam,
712 2903 823 2976 quam
849 2878 898 2950 illi
925 2903 1036 2951 nexus
1060 2878 1185 2953 vitales
1210 2903 1253 2950 ex
1279 2878 1410 2977 quibus
1435 2879 1613 2954 aeternitas
1637 2893 1754 2952 vestm
1779 2894 2053 2975 coaugmentata

461 3013 569 3096 atque
582 2999 783 3096 composita
799 3013 865 3069 est.
876 3026 894 3065 n
912 3002 1032 3070 Potest
1048 3013 1084 3069 et
1099 2998 1258 3070 fortassis
1272 2998 1508 3097 probabiliter
1520 2998 1608 3088 dici,
1622 2999 1723 3097 quod
1739 2999 1815 3096 ipse
1831 3013 1978 3089 venais,
1991 2999 2054 3098 qul

461 3143 520 3190 eas
541 3142 683 3189 sursum
698 3117 907 3216 projecerit,
925 3116 1117 3214 frigiditate
1133 3118 1188 3190 sui
1208 3117 1315 3188 flatus
1336 3141 1417 3190 eam
1437 3119 1474 3189 in
1496 3117 1646 3214 glaciem
1667 3116 1911 3207 adstrinxerit,
1939 3133 1979 3190 ut
2003 3118 2053 3190 ita

460 3236 619 3310 secunda
639 3237 698 3310 die
719 3235 987 3310 firmamentum
1007 3235 1126 3324 fieret3
1154 3237 1205 3308 eis
1227 3235 1394 3308 videlicet
1416 3251 1503 3309 tunc
1524 3237 1575 3308 ita
1600 3235 1779 3324 solidatis,
1798 3260 1879 3332 quae
1897 3234 1947 3310 ibi
1968 3251 2050 3314 autc

459 3356 602 3429 fuerant
618 3381 728 3454 quam
744 3358 794 3429 sic
813 3355 1068 3429 solidarentur.
1086 3355 1196 3444 Quod
1217 3357 1316 3428 enirn
1336 3356 1385 3432 ibi
1403 3356 1480 3454 jam
1495 3370 1614 3430 essem
1631 3371 1826 3454 antequam
1847 3356 1898 3430 sic
1917 3354 2047 3430 solida·

460 3494 597 3566 rentur,
617 3478 822 3566 manifeste,
839 3493 1004 3575 utsupra
1019 3478 1267 3568 meminimus,
1279 3479 1494 3570 insinuatur,
1505 3503 1619 3577 quum
1635 3477 1767 3551 dicitur
1784 3489 2048 3575 «quaerant»

460 3599 705 3696 potiusquam
734 3612 957 3694 «quaeunt.
975 3626 993 3666 n
1011 3597 1228 3670 Hebraicum
1245 3615 1384 3688 umen,
1407 3615 1447 3674 ut
1463 3600 1539 3698 jam
1559 3623 1705 3700 quoque
1722 3599 1859 3672 dictum
1879 3615 1950 3690 est,
1973 3623 2050 3674 nou

460 3717 569 3789 habet
588 3745 606 3786 κ
621 3732 741 3807 erant,
759 3745 776 3785 n
795 3741 869 3815 quo
886 3717 1005 3790 minus
1018 3717 1151 3790 habeat
1167 3719 1385 3816 questionis.

510 3863 528 3903 n
543 3839 587 3907 Et
600 3835 734 3908 sactum
748 3851 801 3908 est
815 3836 875 3907 ita.
892 3865 910 3903 n
929 3841 1007 3908 Hoc
1023 3851 1095 3926 est,
1114 3835 1255 3912 firmata
1271 3839 1375 3910 estin
1393 3853 1609 3937 perpetuum
1622 3837 1698 3910 baec
1710 3861 1885 3935 aquarum
1899 3837 2045 3938 divisio,

459 3971 499 4027 ut
515 3980 702 4053 nunquam
719 3957 866 4033 ulterius
883 3955 949 4028 illae
964 3957 1167 4056 superiores
1190 3981 1292 4056 aquae
1314 3959 1361 4030 ad
1383 3959 1467 4030 istas
1489 3959 1675 4032 inferiores
1699 3953 1917 4034 relabantur.
1939 3955 2045 4044 Quod

455 4077 603 4174 quidem
630 4077 713 4149 ideo
740 4077 811 4148 dici
836 4077 1005 4166 arbitror,
1031 4079 1175 4176 nequis
1197 4093 1340 4178 putaret
1359 4103 1402 4150 ex
1420 4078 1487 4152 illis
1504 4079 1748 4178 superioribus
1765 4079 1866 4177 aquis
1887 4077 2045 4178 pluviam

456 4198 602 4290 stillare,
621 4214 658 4270 et
673 4199 792 4271 adbuc
809 4198 885 4270 illas
901 4199 1065 4297 superius
1084 4223 1273 4298 suspensas
1291 4199 1417 4291 luisse,
1438 4199 1531 4274 sicut
1545 4215 1582 4274 et
1598 4201 1776 4300 losephus
1790 4202 1958 4299 opinatus
1974 4212 2046 4286 est,

458 4331 497 4388 ut
513 4343 620 4417 supra
638 4318 880 4389 meminimus.

506 4466 524 4504 n
540 4437 774 4534 vocavitque.
793 4464 809 4502 n
829 4437 956 4524 idest,
977 4435 1061 4508 iecit
1081 4463 1146 4536 per
1162 4437 1233 4510 hoc
1254 4438 1352 4514 unde
1372 4439 1491 4538 ipsum
1514 4439 1785 4518 firmamentum
1805 4437 2042 4539 appellaretur

455 4558 690 4656 postmodum
706 4581 727 4628 a
744 4557 849 4629 nobis
866 4557 1014 4648 coelum,
1033 4583 1147 4656 quum
1167 4557 1333 4634 videlicet
1353 4574 1428 4632 tam
1448 4583 1593 4636 aereum
1619 4585 1729 4659 quam
1754 4559 1948 4636 ethereum
1974 4583 2043 4632 cue·

454 4678 530 4750 lum
546 4703 644 4751 nunc
663 4677 826 4750 dicamus
845 4679 947 4775 quasi
964 4678 1166 4776 superiores
1182 4680 1310 4753 mundi
1332 4695 1452 4780 partes
1467 4681 1740 4780 comparatione
1755 4694 1886 4754 nosue
1904 4677 2044 4756 habita·

453 4801 574 4874 tionis.
594 4803 715 4886 Quum
730 4813 851 4871 autom
866 4797 903 4870 in
920 4797 1097 4870 Hebraico
1113 4824 1181 4898 pro
1195 4800 1286 4872 coelo
1303 4829 1321 4870 u
1336 4801 1493 4874 Samaim
1507 4831 1526 4870 n
1540 4801 1729 4892 habeatur,
1745 4800 1845 4896 quod
1862 4825 1906 4872 ex
1920 4800 2040 4897 aquis,

453 4935 494 4992 ut
509 4918 645 4990 dicmm
661 4933 735 5008 est,
755 4918 973 4993 vocabulum
998 4919 1124 5010 trabit,
1149 4935 1245 4993 recte
1269 4949 1286 4988 n
1301 4923 1490 4997 samaim»
1513 4921 1584 4995 dici
1606 4922 1748 4995 videtur
1772 4947 1839 5021 pro
1865 4921 2043 4998 divisione

456 5061 630 5137 aquarum
648 5038 705 5111 vel
721 5040 956 5138 suspensione
969 5053 1005 5112 et
1020 5038 1297 5146 confirmatione
1313 5043 1454 5116 illarum
1469 5044 1710 5143 superiorum.

505 5189 521 5222 ιι
540 5161 583 5228 ut
593 5158 726 5230 sactum
740 5171 793 5230 est
805 5182 964 5257 vespere.
984 5188 1002 5228 n
1021 5159 1119 5232 Sicut
1134 5163 1297 5260 superius
1311 5187 1498 5263 vesperam
1511 5178 1547 5236 et
1560 5189 1666 5238 mane
1680 5175 1897 5262 conceptum
1908 5159 2042 5234 divinae
