4536 6102
458 603 528 676 586
1052 601 1179 674 PE‘lRl
1206 601 1438 676 abactam

459 742 631 840 perdidit,
651 743 738 812 sice
759 764 934 812 converso
946 740 1138 838 pharisaeus
1153 742 1198 813 dc
1214 743 1481 840 comparatione
1499 741 1592 813 illius
1612 755 1785 835 tanquam
1804 728 1950 827 majoris
1969 751 2031 826 per

457 863 694 934 humilitatem
710 863 864 933 excrevit
880 863 916 933 in
933 864 1080 933 meritis.
1100 863 1193 933 Nihil
1210 863 1343 960 quippe
1359 861 1405 935 ad
1421 862 1625 960 superbiam
1647 863 1698 932 ita
1710 882 1779 928 nos
1794 853 1923 939 trahit,
1946 849 2032 920 sicut

459 982 644 1054 inferiores
660 983 851 1080 respicere,
870 997 906 1053 et
922 1007 1000 1078 quae
1017 981 1083 1053 illis
1100 981 1197 1054 bona
1216 982 1346 1054 desunt
1361 983 1398 1053 in
1416 982 1483 1053 illis
1499 981 1696 1054 attendere.
1716 975 1809 1048 Nihil
1828 974 1877 1045 ita
1895 967 2033 1070 proficit

458 1102 503 1174 ad
521 1100 755 1172 obtinendam
772 1101 828 1171 vel
843 1099 1128 1172 conservandam
1144 1101 1398 1188 humilitatem,
1413 1097 1721 1196 quemadmodum
1737 1119 1799 1166 eos
1814 1090 1961 1177 intueri,
1975 1087 2033 1184 qui

458 1246 525 1291 nos
545 1219 752 1316 praecedunt
771 1220 807 1288 in
832 1219 983 1306 meritiS,
1012 1233 1052 1288 ut
1076 1219 1229 1290 sciamus
1249 1216 1336 1316 quid
1357 1217 1449 1289 desit
1469 1216 1591 1307 nohis,
1619 1241 1694 1286 non
1718 1212 1805 1312 quid
1830 1209 1921 1281 desit
1945 1205 2030 1278 aliis.

458 1336 566 1425 Quod
590 1337 777 1433 diligenter
797 1336 987 1434 Apostolus
1006 1336 1255 1425 considerans,
1282 1336 1566 1435 Philippensibus
1589 1335 1765 1424 scribens,
1793 1332 1865 1402 ait¹
1886 1355 1894 1397 ι
1916 1355 1933 1393 ιι
1952 1329 2033 1394 Fra·

458 1475 545 1548 tres,
565 1484 631 1554 ego
646 1485 705 1529 me
721 1456 886 1529 nondum
903 1457 1057 1528 arbitror
1072 1457 1398 1553 comprehendisse.
1421 1462 1539 1528 Unum
1551 1471 1684 1546 autem,
1696 1449 1931 1552 quaequidem
1942 1460 2032 1518 retro

458 1593 558 1668 sunt,
583 1577 812 1666 obliviscens,
832 1577 879 1647 ad
898 1601 1043 1649 cavero
1062 1601 1141 1672 quae
1158 1589 1241 1646 sunt
1257 1576 1378 1672 priora
1395 1575 1589 1646 extendens
1606 1575 1799 1672 meipsum,
1818 1568 1864 1642 ad
1880 1567 2033 1640 destina·

458 1712 535 1768 tum
564 1720 763 1793 prosequor
786 1694 951 1766 bravium
975 1719 1137 1791 supernae
1161 1694 1360 1765 vocationis
1382 1695 1448 1766 Dei
1471 1695 1509 1765 in
1536 1693 1677 1764 Christo
1706 1696 1800 1761 lesu.
1825 1687 2034 1778 Quicunque

459 1840 543 1912 ergo
567 1815 713 1913 perfecti
734 1840 872 1903 sumus,
900 1813 972 1884 hoc
996 1813 1203 1885 sentiamus.
1226 1812 1370 1900 »Quod
1392 1837 1477 1910 ergo
1501 1812 1678 1884 Dominus
1705 1808 1752 1880 ad
1773 1802 2034 1904 reprimendam

459 1934 663 2031 snperbiam
679 1932 868 2004 consilium
890 1930 1056 2021 dederat,
1080 1955 1290 2030 proponens
1315 1931 1420 2004 nobis
1440 1930 1603 2028 pharisaei
1625 1944 1661 2000 et
1681 1925 1862 2026 publicani
1883 1918 2033 2021 parabo·

459 2053 544 2140 lam,
559 2053 605 2124 ad
621 2052 692 2123 hoc
708 2050 941 2150 postmodum
954 2050 1143 2149 Apostolus
1158 2029 1306 2149 proprio
1323 2052 1483 2124 incitavit
1500 2047 1678 2147 exemplo,
1692 2046 1815 2118 dicens
1826 2069 1863 2116 se
1874 2041 2036 2114 nondum

460 2172 625 2243 arbitrari
644 2196 682 2242 se
698 2169 1012 2267 comprehendisse
1029 2169 1066 2241 id
1087 2171 1133 2243 ad
1151 2169 1251 2267 quod
1267 2169 1394 2242 tendit.
1413 2175 1491 2242 Hoc
1513 2184 1583 2259 est,
1608 2167 1772 2240 nondum
1793 2190 1830 2236 se
1850 2163 1944 2235 illius
1965 2183 2036 2232 esse

461 2291 577 2360 meriti
601 2289 701 2385 quod
725 2289 903 2360 desiderat
928 2287 1087 2384 adipisci.
1112 2288 1220 2373 Quod
1245 2287 1392 2385 quidem
1413 2304 1452 2360 ut
1472 2287 1651 2375 obtineat,
1679 2283 1830 2382 qualiter
1850 2283 1888 2354 id
1908 2281 2033 2378 possit,

460 2407 647 2502 diligenter
663 2407 793 2502 aperit,
812 2406 934 2494 dicens
951 2431 987 2476 se
1005 2407 1042 2475 in
1059 2406 1129 2477 hoc
1147 2432 1221 2478 uno
1238 2409 1424 2506 occupari,
1442 2422 1482 2480 ut
1498 2432 1577 2505 quae
1590 2421 1686 2478 retro
1698 2419 1782 2477 sunt
1795 2401 2033 2485 obliviscatur,

462 2541 497 2598 et
512 2527 559 2597 ad
575 2551 709 2623 eaquae
726 2541 808 2597 ante
825 2541 908 2596 sunt
924 2525 1091 2596 extendat
1107 2550 1162 2614 se,
1184 2526 1256 2597 hoc
1272 2542 1325 2598 est
1344 2527 1439 2598 hanc
1456 2529 1493 2598 in
1510 2526 1680 2624 operibus
1693 2523 1752 2596 vel
1770 2521 1906 2594 meritis
1921 2518 2035 2590 homi·

462 2670 550 2719 num
573 2647 749 2718 rationem
769 2644 917 2734 habeat,
939 2659 980 2715 ut
1003 2669 1081 2741 quae
1101 2635 1272 2740 dignitate
1293 2647 1415 2743 priora
1435 2661 1518 2717 sunt
1538 2646 1584 2717 ad
1606 2642 1808 2742 exemplum
1833 2637 2036 2711 imitationis

462 2768 630 2866 aspiciat,
657 2791 733 2838 non
759 2791 837 2863 quae
861 2766 1061 2864 posteriora
1082 2781 1166 2838 sunt
1190 2767 1367 2865 respiciat.
1392 2771 1504 2839 Nemo
1532 2767 1682 2866 quippe,
1708 2779 1749 2835 ut
1768 2764 1843 2860 ipse
1864 2759 2036 2831 Dominus

462 2888 510 2957 ait
525 2892 536 2925 ²
556 2915 564 2958 :
587 2916 604 2954 ιι
624 2888 766 2958 Mittens
782 2910 931 2957 manum
949 2885 994 2956 ad
1011 2899 1189 2975 aratrum,
1208 2901 1243 2957 et
1259 2887 1451 2984 respiciens
1468 2901 1582 2975 retro,
1602 2897 1705 2982 aptus
1721 2898 1774 2955 est
1790 2905 1902 2977 regno
1919 2879 2000 2965 Dei,
2016 2903 2033 2942 u

462 3008 545 3102 quia
556 3009 720 3104 'quisquis
736 3006 781 3078 ad
797 3006 895 3076 bona
912 3029 1021 3102 opera
1039 3005 1198 3094 festinat,
1218 3007 1247 3075 si
1263 3005 1458 3077 deteriores
1478 3005 1643 3102 respiciat
1658 3029 1713 3092 se,
1732 3016 1859 3073 etnon
1875 2997 2035 3069 meliores

462 3125 639 3214 attendat,
657 3127 756 3220 regni
773 3123 923 3195 coelestis
939 3124 1076 3194 aditum
1091 3124 1160 3194 sibi
1176 3123 1325 3212 claudit,
1348 3124 1494 3220 quiade
1515 3122 1784 3221 comparatione
1805 3119 1985 3189 minorum
2000 3115 2035 3184 in

353 3275 355 3280 ⁸
462 3247 533 3317 suis
549 3246 683 3316 meritis
704 3244 854 3341 amplius
871 3242 1038 3332 confidit,
1056 3244 1159 3314 sicuti
1175 3243 1367 3340 pharisaeus
1382 3243 1457 3333 ille,
1480 3245 1542 3340 qui
1558 3267 1671 3340 quum
1688 3239 1864 3312 Abraham
1886 3252 1921 3310 et
1938 3259 2036 3332 supe·

462 3366 574 3436 riores
595 3366 632 3434 in
653 3362 788 3433 meritis
805 3377 924 3460 patres
940 3364 1096 3459 aspicere
1113 3360 1309 3452 debuisset,
1329 3362 1560 3460 publicanum
1581 3361 1752 3458 respexit,
1770 3381 1879 3455 quem
1898 3353 2035 3426 inferio·

464 3510 540 3555 rem
557 3485 691 3555 meritis
706 3483 904 3554 aestimavit.
921 3486 986 3570 lta,
1002 3481 1144 3571 fratres,
1163 3508 1275 3579 quum
1292 3485 1371 3581 quis
1388 3483 1433 3557 de
1449 3497 1543 3555 coetu
1559 3481 1822 3555 monachorum
1839 3477 1886 3549 ad
1902 3477 2033 3574 episco-

463 3619 589 3701 patum
606 3617 806 3700 assumptus
823 3627 860 3673 se
876 3603 1009 3672 caeteris
1025 3617 1198 3699 tanquam
1214 3604 1441 3677 inferioribus
1460 3619 1662 3704 comparat,
1682 3600 1811 3700 quibus
1828 3625 1865 3671 se
1884 3599 1930 3670 ad
1945 3596 2035 3667 hauc

466 3723 809 3794 administrationem
820 3721 1020 3817 digniorem
1031 3724 1196 3813 estimat,
1211 3723 1433 3814 mirandum,
1448 3723 1623 3822 valdeque
1640 3719 1844 3795 mirandum
1861 3731 1931 3805 est,
1949 3713 2034 3788 side

466 3859 530 3912 sua
550 3839 725 3913 electione
740 3841 874 3912 caeteris
894 3841 1093 3939 reprobatis
1114 3843 1152 3912 in
1178 3841 1370 3914 elationem
1391 3869 1466 3914 non
1487 3843 1634 3914 incidat.
1667 3846 1714 3912 Ut
1738 3827 1835 3911 enim
1855 3836 2035 3908 rhetorica

465 3961 721 4060 complexionis
743 3964 1050 4057 argumentatione
1071 3978 1163 4052 utar,
1191 3989 1299 4062 quam
1321 3980 1514 4036 cornutum
1537 3961 1781 4060 syllogismum
1802 3960 2036 4054 Hieronymus

466 4095 589 4170 vocat,
615 4080 778 4178 profecto
803 4096 864 4151 aut
884 4078 1068 4153 meliorem
1090 4103 1127 4152 sc
1151 4085 1302 4171 caeteris,
1326 4097 1362 4154 ct
1382 4083 1428 4154 ad
1448 4083 1519 4153 hoc
1542 4081 1760 4177 digniorem,
1787 4079 1957 4165 aestimat,
1982 4087 2037 4146 aut

467 4225 540 4270 non
558 4201 718 4272 aestimat.
737 4201 771 4269 Si
789 4201 954 4289 aestimat,
969 4226 1042 4297 quo
1059 4201 1170 4295 magis
1187 4201 1233 4272 ab
1250 4201 1448 4273 humilitate
1467 4201 1636 4273 monachi
1652 4198 1804 4287 recedit,
1822 4211 1925 4268 tanto
1942 4193 2035 4268 dete-

467 4321 540 4390 rius
556 4321 592 4390 in
610 4320 801 4391 elationem
818 4319 933 4409 cadit,
958 4335 993 4391 et
1014 4307 1057 4390 eo
1078 4321 1156 4417 ipso
1177 4346 1251 4417 quo
1267 4345 1305 4392 se
1322 4321 1506 4393 meliorem
1528 4320 1658 4410 credit,
1681 4319 1896 4391 deteriorem
1920 4313 2034 4388 efficit.

467 4440 502 4510 Si
520 4463 594 4509 non
612 4440 773 4526 aestimat,
792 4463 829 4508 se
845 4437 1009 4508 videlicet
1022 4439 1155 4509 cateris
1172 4439 1218 4510 ad
1234 4440 1306 4513 hoc
1321 4465 1398 4512 esse
1414 4438 1612 4528 meliorem,
1631 4437 1694 4510 sed
1711 4438 1766 4508 vel
1774 4435 1951 4533 aequalem
1967 4433 2036 4506 aliis

467 4557 522 4626 vel
552 4557 773 4645 inferiorem,
800 4558 962 4652 prolecto
990 4540 1204 4629 nonnullum
1232 4574 1266 4630 et
1297 4561 1334 4630 in
1362 4560 1433 4630 hoc
1461 4559 1660 4657 periculum
1684 4556 1853 4628 occurrit.
1881 4553 2036 4625 sienim

468 4673 638 4772 aequalem
656 4675 751 4766 aliis,
770 4675 899 4746 excidit
915 4700 936 4747 a
951 4677 1177 4774 supraposito
1194 4676 1324 4773 regulae
1339 4677 1519 4749 canonicae
1535 4702 1608 4774 quo
1625 4675 1828 4773 praecipitur
1840 4672 1887 4744 ad
1904 4667 2037 4742 humili·

468 4799 549 4868 tatis
565 4797 784 4884 custodiam,
803 4811 844 4866 ut
867 4821 904 4868 se
927 4799 1061 4868 cacteris
1076 4797 1282 4870 inferiorem
1305 4824 1380 4871 non
1400 4796 1517 4869 solum
1535 4797 1744 4896 pronuntiet
1765 4817 1872 4882 voce,
1898 4813 2034 4862 verum·

470 4917 576 4986 etiam
593 4928 711 4986 teneat
726 4917 763 4985 in
780 4914 901 4987 corde.
921 4916 982 4986 Sin
1003 4931 1122 4988 autem
1138 4917 1365 5008 deteriorem,
1384 4932 1423 4989 ut
1438 4931 1594 5016 oportet,
1613 4941 1652 4988 se
1667 4915 1828 5002 aestimat,
1846 4925 1979 5009 quanta
1993 4909 2033 4978 sit

503 5187 510 5214 ¹
523 5186 602 5246 atu,
613 5201 668 5252 cap.
678 5202 718 5248 ιιι,
731 5202 754 5238 ι.
772 5189 810 5236 tt.
822 5213 851 5226 -
862 5186 873 5213 ⁸
883 5191 955 5252 tuo,
966 5203 1021 5256 cap.
1037 5205 1061 5240 rx
1072 5227 1078 5253 ,
1089 5205 1114 5242 v.
1126 5193 1168 5242 62.
