4522 6104
437 515 509 586 668
1032 507 1158 580 PETRl
1189 503 1419 582 tumulum

402 696 405 706 ·
436 657 538 751 quasi
561 656 748 748 juventus,
773 652 886 722 idest
911 648 1018 720 virilis
1044 665 1140 722 aetas.
1166 650 1254 724 lude
1278 653 1402 748 quinta
1429 673 1542 747 usque
1564 649 1611 721 ad
1634 649 1815 722 Christum
1843 667 2012 750 tanquam

436 789 610 846 senectus.
633 773 795 868 Denique
811 785 909 842 sexta
923 795 1036 867 usque
1055 769 1101 842 ad
1118 769 1228 842 linem
1251 769 1367 842 saeculi
1390 784 1563 866 tanquam
1589 755 1728 842 senium
1754 769 1811 842 vel
1836 770 2013 871 decrepita

436 910 530 966 aelttS.

484 1013 638 1084 Confusa
670 1014 789 1109 itaque
824 1011 882 1083 illa
913 1035 979 1082 nec
1012 1011 1130 1083 adhuc
1160 1010 1326 1082 distincta
1357 1011 1541 1106 congeries
1570 1010 1830 1082 elementorum
1863 1012 2012 1108 primam

436 1132 561 1208 mundi
578 1148 717 1204 atatem
736 1133 812 1202 sine
830 1131 906 1226 lege
921 1147 957 1203 et
975 1130 1164 1228 disciplina
1179 1130 1350 1202 incultam
1369 1146 1404 1201 et
1422 1129 1548 1202 rudem
1575 1129 1668 1202 bene
1690 1129 1835 1226 figurat,
1856 1156 1936 1228 quae
1960 1135 2011 1204 in·

435 1253 544 1324 santia
571 1251 697 1322 mundi
726 1264 875 1324 vocatur
895 1279 905 1320 :
929 1265 963 1321 et
989 1233 1086 1323 bene
1115 1241 1264 1322 infantia
1289 1249 1446 1322 necdum
1477 1275 1518 1322 ex
1547 1250 1766 1322 documento
1794 1249 1879 1346 legis
1906 1252 2013 1326 verba

433 1373 500 1442 Dei
534 1373 687 1445 formare
717 1371 854 1459 valens,
882 1371 974 1442 sieut
1001 1371 1153 1443 infantes
1181 1370 1346 1443 nondum
1373 1370 1472 1467 loqui
1503 1368 1696 1442 sufficiunt.
1717 1369 1839 1442 Deleta
1860 1371 1934 1443 haec
1962 1389 2014 1444 est

433 1505 515 1563 aetas
539 1491 696 1579 diluvio,
721 1493 812 1562 sicut
833 1515 960 1562 eorum
988 1490 1160 1562 memoria
1181 1513 1261 1586 quae
1282 1491 1317 1561 in
1345 1489 1494 1562 infantia
1516 1503 1686 1586 geruntur
1707 1513 1772 1586 per
1796 1487 2012 1564 oblivionem

434 1609 610 1680 delentur,

482 1729 645 1800 Secunda
663 1743 746 1798 aetas
764 1728 898 1800 diluvio
916 1753 992 1826 non
1008 1727 1159 1816 deletur,
1179 1752 1292 1826 quum
1309 1729 1461 1825 quisque
1479 1751 1606 1799 eorum
1624 1727 1755 1826 quaein
1774 1727 1927 1825 pueritia
1942 1753 2015 1825 ges-

433 1851 518 1921 serit
538 1849 719 1920 recordari
739 1848 866 1921 valeat.
882 1853 926 1946 ln
945 1849 1013 1920 hac
1030 1863 1131 1920 aetate
1148 1872 1231 1920 arca
1247 1849 1284 1918 in
1302 1847 1438 1921 diluvio
1458 1847 1580 1921 fideles
1598 1849 1842 1934 conservavit,
1862 1863 1898 1918 et
1916 1851 2013 1947 quasi

433 1969 699 2040 firmamentum
714 1971 814 2066 aquis
826 1970 1077 2067 interpositum
1089 1993 1151 2040 eos
1165 1968 1211 2040 ab
1225 1970 1326 2065 aquis
1340 1967 1495 2068 desuper
1506 1966 1796 2067 compluentibus
1808 1981 1844 2038 et
1856 1967 1903 2038 ab
1916 1950 2027 2064 aquis

433 2091 580 2162 inferius
595 2088 855 2170 inundantibus
873 2087 999 2160 illaesos
1015 2087 1220 2160 custodivit.

480 2213 595 2282 Tertia
609 2225 710 2282 aetate
726 2210 780 2280 lex
799 2209 883 2281 data
902 2224 974 2297 est,
995 2233 1074 2306 quac
1091 2208 1227 2280 fluxum
1243 2206 1395 2280 carnalis
1410 2208 1708 2306 concupiscentiae
1725 2207 1938 2306 abantiquo
1955 2232 2014 2304 po

433 2327 519 2424 pulo
537 2332 666 2400 timore
683 2309 872 2425 poenarum
890 2342 1090 2415 coerceret,
1110 2328 1202 2398 sieut
1217 2325 1277 2401 die
1294 2327 1396 2398 tertia
1412 2327 1459 2398 ab
1481 2326 1709 2399 inferioribus
1730 2328 1831 2423 aquis
1852 2341 1945 2399 terra
1962 2341 2013 2398 est

397 2519 400 2525 ,
432 2461 640 2534 exonerata,
658 2461 694 2516 et
715 2447 833 2518 statim
859 2447 1062 2541 germinans
1082 2460 1260 2517 terrenam
1278 2446 1442 2518 sobolem
1460 2447 1498 2517 iu
1516 2444 1638 2519 herbis
1661 2461 1697 2518 et
1718 2445 1904 2518 arboribus
1927 2471 2012 2544 pro·

432 2564 550 2654 duxit,
569 2565 652 2660 quia
668 2563 823 2661 populus
838 2565 1006 2661 antiquus
1020 2579 1159 2635 terrena
1172 2567 1291 2662 potius
1305 2588 1415 2661 quam
1426 2563 1583 2636 coelestia
1598 2563 1818 2654 desiderans,
1836 2577 2010 2636 terrenam

432 2688 568 2785 accepit
597 2688 894 2783 promissionem,
924 2703 960 2759 et
996 2689 1146 2760 terrenis
1177 2688 1330 2760 maxime
1360 2687 1546 2760 desideriis
1575 2686 1782 2778 adhaerens,
1811 2689 1914 2785 quasi
1941 2704 2011 2760 ter·

430 2830 518 2878 rena
541 2808 722 2900 generatio
740 2806 826 2895 suit,
848 2820 955 2902 atque
973 2821 1073 2878 terrae
1092 2820 1189 2878 totus
1205 2807 1382 2896 innitens,
1401 2807 1490 2894 etjn
1506 2807 1657 2878 terrenis
1674 2808 1785 2880 vitam
1807 2831 1911 2880 suam
1930 2833 2012 2879 con·

431 2929 593 2999 stituens

478 3053 613 3136 Quarta
629 3048 687 3120 die
705 3048 796 3119 sacta
813 3049 1001 3122 luminaria
1021 3050 1139 3121 lucem
1163 3048 1421 3147 prophetarum
1444 3061 1527 3147 post
1547 3048 1662 3144 legem
1682 3047 1883 3145 significant
1910 3049 2011 3145 longe

430 3167 585 3262 apertius
601 3166 647 3237 de
664 3166 805 3237 Christo
829 3166 1054 3264 loquentium
1071 3190 1181 3264 quam
1196 3166 1252 3238 lex
1268 3167 1416 3264 antiqua
1437 3165 1586 3256 lecerat,
1609 3167 1700 3238 sicut
1724 3167 1812 3238 dicit
1837 3167 1982 3240 Daniel*
2001 3199 2009 3240 ε

432 3315 449 3353 ιι
466 3287 736 3358 Pertransibunt
753 3286 896 3384 plurimi
913 3303 948 3358 et
962 3287 1146 3385 multiplex
1162 3287 1229 3358 erit
1249 3287 1396 3358 scientia
1420 3300 1494 3358 tam
1519 3287 1556 3357 in
1582 3288 1686 3374 viris,
1704 3302 1744 3358 ut
1766 3289 1804 3358 in
1830 3289 2009 3377 Samuele,

431 3407 588 3494 Nathan,
607 3431 717 3500 quam
739 3406 774 3474 io
794 3405 933 3474 leminis
952 3406 1042 3474 sicut
1059 3406 1096 3475 in
1113 3411 1228 3476 Anna.
1248 3400 1265 3471 ιι
1291 3404 1437 3502 Proprie
1454 3428 1610 3503 namque
1626 3429 1648 3476 a
1663 3420 1827 3503 tempore
1844 3407 2011 3480 Samuelis

430 3539 571 3618 tempus
587 3523 845 3618 prophetarum
862 3522 1013 3617 incepit,
1032 3524 1124 3592 sicut
1139 3523 1176 3593 in
1193 3520 1338 3593 Actibus
1360 3523 1634 3620 Apostolorum,
1654 3523 1716 3595 ubi
1731 3525 1906 3622 scriptum
1922 3530 2007 3598 est¹:

433 3671 450 3710 o
467 3645 508 3711 Et
524 3664 649 3711 omnes
666 3639 850 3737 prophetae
865 3663 886 3708 a
902 3639 1043 3711 Samuel
1064 3654 1100 3711 et
1124 3639 1311 3739 deinceps,
1330 3657 1415 3732 etc,
1431 3671 1450 3711 ιι
1468 3643 1656 3740 diligenter
1677 3643 1901 3741 exprimitur.
1918 3644 2008 3718 Beda

430 3761 538 3829 etiam
556 3773 761 3846 attestante,
780 3756 868 3828 dum
889 3757 1009 3829 locum
1030 3758 1131 3832 illum
1151 3776 1346 3858 exponeret
1364 3760 1510 3834 dicens:
1530 3791 1548 3830 ιι
1561 3762 1731 3850 Quamvis
1751 3763 1961 3858 patriarcha
1977 3777 2011 3834 et
2107 3767 2109 3770 ’

430 3879 544 3950 sancti
561 3879 722 3976 priorum
738 3892 943 3976 temporum
960 3878 1069 3951 multa
1083 3879 1130 3951 de
1142 3879 1284 3952 Christo
1298 3880 1401 3952 dictis
1418 3879 1589 3980 lactisque
1602 3879 1910 3980 prophetaverint,
1923 3897 2010 3954 tem·

430 4023 498 4098 pus
513 4013 634 4070 tamen
651 3999 795 4096 proprie
812 3999 1087 4098 prophetarum,
1106 4023 1233 4071 eorum
1249 3999 1333 4071 dico
1349 4001 1410 4099 qui
1427 4000 1473 4073 de
1489 4000 1618 4073 Christi
1639 3999 1865 4098 ecclesiaeque
1883 4017 2009 4099 myste-

431 4117 485 4187 rio
502 4115 687 4188 manifeste
704 4118 933 4214 scripserunt,
949 4117 1144 4190 aSamuele
1160 4117 1348 4190 exordium
1363 4120 1531 4218 sumpsit,
1549 4134 1585 4192 et
1600 4143 1713 4218 nsque
1729 4118 1776 4190 ad
1791 4118 2010 4215 Babylonica

431 4236 645 4334 captivitatis
662 4235 879 4307 solutionem
895 4238 1103 4335 permansit.
1121 4267 1138 4303 ιι

480 4357 614 4442 Quinta
630 4369 712 4426 aetas
729 4356 829 4452 quasi
845 4357 984 4427 senium
1001 4356 1146 4447 mundi,
1166 4356 1346 4430 delectum
1361 4359 1622 4456 praeteritorum
1637 4357 1819 4429 honorum
1834 4357 2005 4454 designat,

432 4502 544 4576 quum
557 4477 631 4573 jam
653 4476 861 4574 patriarchae
882 4491 917 4546 et
939 4476 1122 4574 prophetae
1144 4481 1410 4576 praeteriissent,
1433 4495 1539 4577 atque
1559 4479 1682 4551 unctio
1704 4479 1752 4550 ad
1778 4478 2007 4576 alienigenam

432 4595 694 4683 transferretur,
714 4619 788 4666 non
802 4596 876 4691 jam
893 4596 1044 4692 pristino
1063 4583 1141 4667 ritu
1152 4596 1365 4670 sacrificium
1381 4598 1633 4686 celebraretur,
1653 4597 1877 4696 quodetiam
1898 4595 2009 4692 Baby·

430 4713 549 4786 lonica
566 4715 750 4810 captivitas
766 4714 970 4786 abstulerat.
992 4720 1032 4785 ln
1049 4714 1121 4787 hoc
1136 4716 1284 4814 quidem
1298 4719 1399 4790 senio
1412 4718 1488 4815 jam
1505 4716 1644 4789 mimdo
1660 4715 1911 4813 languescente
1928 4711 2009 4786 mis·

432 4856 491 4904 sus
507 4848 561 4904 est
577 4832 752 4922 Salvator,
770 4836 833 4931 qui
853 4849 1010 4907 veterem
1034 4851 1225 4908 renovaret
1248 4835 1453 4930 hominem,
1470 4837 1700 4937 baptismum·
1714 4834 1923 4934 praedicaret
1942 4861 1951 4906 ε
1974 4835 2008 4905 in

466 5094 473 5119 ¹
492 5094 568 5153 Dora,
581 5107 636 5160 cap.
650 5113 698 5156 xo,
711 5114 734 5146 ιι.
749 5099 771 5148 l.
785 5126 811 5134 -
826 5099 898 5148 'Arc
911 5101 1005 5162 Apost,
1018 5116 1072 5166 cap.
1087 5119 1127 5164 ru,
1142 5119 1165 5152 r.
1177 5103 1218 5152 at.
