4522 6102
493 665 540 732 80
922 662 1049 732 PETRl
1076 661 1312 734 xBAEtxttut
1338 661 1393 730 ET
1419 660 1644 732 HELOlSSAE

495 802 571 894 ejus
591 800 748 872 fidelium
767 801 945 870 orationes
963 801 1166 889 obtineant,
1187 816 1222 872 et
1240 801 1392 871 maxime
1410 801 1600 872 mulierum
1614 825 1680 898 pro
1699 799 1814 870 charis
1826 799 1915 888 suis,
1936 813 1973 870 et
1986 823 2071 870 uxo-

496 945 575 991 rum
593 945 660 1018 pro
686 920 790 1007 viris,
812 917 922 990 multa
946 919 1050 990 nobis
1068 935 1262 991 occurrunt
1281 920 1481 991 testimonia
1507 933 1541 990 et
1560 918 1733 1016 exempla.
1760 917 1867 1004 Quod
1885 916 2071 1014 diligenter

495 1039 679 1109 attendens
692 1038 911 1135 apostolus¹,
933 1039 1009 1110 sine
1023 1040 1284 1109 intermissione
1299 1063 1400 1109 orare
1413 1063 1480 1109 nos
1494 1039 1675 1109 admonet.
1692 1037 1855 1134 Legimus
1874 1038 2070 1108 Dominum

494 1157 605 1250 Moysi
616 1157 783 1227 dixisse²:
801 1187 818 1224 a
835 1158 981 1228 Dimitte
995 1173 1105 1262 menut
1117 1161 1285 1228 irascatur
1299 1157 1396 1228 furor
1411 1182 1523 1227 meus.
1542 1185 1558 1222 ιι
1574 1161 1618 1227 Et
1626 1157 1799 1227 Jeremiae⁸
1816 1183 1854 1223 :a
1871 1159 1922 1225 Tu
1936 1179 2036 1243 vero,
2051 1185 2067 1222 a

493 1281 624 1375 iuquit,
641 1310 657 1346 a
672 1279 752 1350 Noli
767 1303 870 1350 orare
888 1305 955 1377 pro
970 1280 1104 1378 populo
1119 1281 1200 1369 boc,
1223 1296 1257 1351 et
1276 1305 1350 1351 uon
1365 1281 1514 1351 obsistas
1533 1279 1632 1350 mihi.
1654 1309 1671 1346 ιι
1693 1284 1744 1349 Ex
1757 1277 1886 1376 quibus
1908 1279 2070 1351 videlicet

492 1401 607 1470 verbis
632 1399 816 1471 manifeste
834 1401 1009 1470 Dominus
1034 1402 1109 1498 ipse
1131 1399 1319 1498 profitetur
1338 1402 1517 1471 orationes
1537 1414 1743 1470 sauctorum
1762 1401 1864 1496 quasi
1885 1399 2069 1496 quoddam

493 1521 630 1591 frenum
651 1521 711 1590 irae
729 1521 838 1618 ipsius
858 1521 1064 1608 immittere,
1086 1544 1159 1616 quo
1182 1519 1314 1591 scilicet
1332 1521 1407 1616 ipsa
1433 1535 1657 1608 coerceatur,
1680 1544 1726 1591 ue
1744 1534 1918 1616 quantum
1945 1521 2069 1591 merita

490 1643 714 1740 peccantium
726 1641 888 1737 exigunt,
904 1642 978 1737 ipsa
992 1641 1027 1712 iu
1041 1665 1102 1711 eos
1114 1641 1242 1711 saeviat.
1262 1645 1307 1711 Ut
1317 1664 1423 1736 quem
1439 1639 1484 1710 ad
1498 1639 1691 1710 vindictam
1701 1639 1835 1734 justitia
1845 1639 1944 1735 quasi
1959 1664 2067 1737 spou-

491 1777 634 1834 taneum
653 1759 768 1850 ducit,
790 1761 987 1831 amicorum
1006 1759 1218 1859 supplicatio
1233 1759 1388 1849 flectat',
1408 1775 1442 1830 et
1456 1773 1625 1857 tanquam
1645 1759 1793 1828 invitum
1812 1759 1911 1856 quasi
1930 1759 1961 1827 vi
1982 1783 2070 1855 qua-

489 1877 572 1949 dam
590 1880 766 1951 retineat⁵.
788 1880 845 1950 Sic
862 1881 995 1979 quippe
1014 1881 1130 1950 oranti
1155 1879 1210 1950 vel
1232 1893 1377 1950 oraturo
1392 1878 1558 1949 dicitur⁸:
1579 1908 1598 1945 a
1613 1878 1759 1949 Dimitte
1773 1879 1855 1965 me,
1873 1893 1908 1948 et
1923 1903 1968 1949 ne
1981 1877 2075 1948 obsiss

488 2013 557 2068 stas
570 1998 669 2069 mibi.
689 2029 706 2064 ιι
722 2001 881 2098 Praecipit
894 2001 1070 2071 Dominus
1085 2025 1130 2071 ne
1142 2014 1265 2071 oretur
1277 2025 1343 2097 pro
1356 1999 1473 2097 impiis
1484 2001 1505 2068 ³.
1525 2001 1612 2068 Orat
1621 1998 1757 2094 justus,
1773 1997 1931 2068 Domino
1953 1997 2073 2094 probi·

486 2119 612 2207 bente,
636 2134 671 2189 et
688 2118 733 2190 ab
753 2121 831 2216 ipso
850 2120 1015 2218 impetrat
1033 2120 1132 2218 quod
1154 2119 1326 2218 postulat,
1353 2136 1388 2191 et
1409 2120 1488 2191 irati
1504 2117 1634 2216 judicis
1654 2119 1865 2190 sententiam
1890 2119 2067 2190 irnmutat.

486 2241 544 2309 Sic
556 2241 690 2338 quippe
703 2240 748 2311 de
760 2243 881 2338 Moyse
893 2241 1123 2338 subjunctum
1138 2245 1209 2313 est⁸
1225 2270 1232 2310 :
1251 2271 1267 2308 a
1284 2245 1326 2312 Et
1344 2241 1502 2340 placatus
1516 2239 1628 2312 factus
1645 2255 1698 2311 est
1714 2240 1893 2310 Dominus
1906 2237 1951 2310 de
1972 2237 2072 2310 mali-

487 2361 618 2455 gnitate
637 2384 745 2456 quam
761 2360 848 2431 dixit
862 2361 975 2432 facere
990 2363 1126 2460 populo
1139 2387 1217 2432 suo.
1240 2391 1256 2427 n
1273 2363 1449 2461 Scriptum
1465 2375 1518 2432 est
1531 2361 1633 2432 alibi⁹
1651 2361 1696 2431 de
1713 2360 1887 2431 universis
1905 2359 2074 2456 operibus

488 2482 553 2550 Dei
562 2485 581 2517 ¹⁰
597 2508 604 2547 ε
625 2511 641 2547 «
657 2481 771 2569 Dixit,
787 2497 822 2552 et
836 2482 1057 2553 factasunt.»
1074 2487 1150 2553 Hoc
1163 2497 1281 2552 autem
1295 2482 1376 2552 loco
1393 2495 1428 2552 et
1440 2480 1569 2552 dixisse
1585 2495 1805 2551 memoratur
1817 2477 1916 2575 quod
1930 2477 1976 2548 de
1988 2477 2075 2549 affli-

489 2602 607 2670 ctione
618 2598 773 2699 populus
785 2617 975 2690 meruerat,
986 2603 1157 2671 etvirtute
1170 2601 1340 2671 orationis
1352 2604 1587 2697 praeventus¹¹,
1603 2623 1677 2670 non
1688 2597 1852 2696 implesse
1863 2597 1965 2693 quod
1977 2596 2074 2669 dixe·

487 2735 552 2790 rat.
576 2717 726 2789 Attende
744 2719 862 2816 itaque
874 2734 1007 2815 quanta
1021 2721 1065 2788 sit
1079 2720 1249 2788 orationis
1264 2719 1395 2806 virtus,
1415 2718 1445 2788 si
1458 2717 1557 2814 quod
1566 2716 1735 2813 jubemur
1747 2741 1908 2804 oremus,
1925 2716 2072 2813 quando

486 2837 522 2906 id
542 2836 641 2934 quod
667 2861 770 2908 orare
796 2836 1011 2935 prophetam
1037 2840 1132 2907 Deus
1157 2835 1365 2934 prohibuit,
1392 2835 1531 2906 orando
1558 2851 1677 2907 tamen
1706 2835 1878 2925 obtinuit,
1904 2849 1938 2905 et
1967 2833 2013 2904 ab
2033 2859 2077 2905 eo

484 2957 583 3054 quod
597 2957 749 3044 dixerat,
767 2982 850 3027 eum
862 2959 1000 3028 avertit.
1019 2957 1085 3027 Cui
1100 2972 1134 3027 et
1153 2956 1242 3027 alius
1257 2955 1435 3055 propheta
1454 2955 1567 3026 dicit¹¹
1584 2983 1591 3023 ε
1612 2985 1628 3022 a
1645 2959 1688 3025 Et
1702 2981 1814 3053 quum
1834 2956 1943 3025 iratus
1957 2953 2076 3044 fixeris,

484 3078 732 3148 misericordiae
758 3077 1001 3149 recordaberis
1042 3077 1194 3148 eludiant
1212 3076 1249 3146 id
1268 3092 1374 3174 atque
1396 3076 1581 3149 advertant
1606 3077 1784 3174 principes
1801 3077 1934 3146 terreni
1945 3077 1981 3164 ¹³,
2009 3076 2070 3172 qui

484 3199 670 3267 occasione
679 3200 873 3295 praepositae
888 3213 922 3268 et
935 3198 1056 3268 edictae
1067 3197 1208 3291 justitlae
1228 3222 1298 3267 suae
1313 3196 1480 3267 obstinati
1494 3197 1605 3293 magis
1619 3221 1727 3293 qnam
1735 3195 1821 3292 justi
1835 3197 2075 3294 reperiuntur,

484 3332 570 3386 etse
584 3316 750 3386 remissos
768 3315 881 3387 videri
896 3315 1128 3405 erubescunt,
1150 3317 1179 3385 si
1195 3315 1440 3386 misericordes
1456 3313 1562 3404 stant,
1585 3329 1620 3386 et
1635 3314 1845 3403 mendaces,
1867 3316 1896 3385 si
1917 3315 2073 3387 edictum

486 3459 590 3505 suum
613 3449 768 3522 mutent,
789 3433 845 3505 vel
865 3435 964 3531 quod
984 3435 1101 3504 minus
1118 3433 1269 3532 provide
1290 3447 1509 3523 statuerunt,
1537 3459 1611 3505 non
1638 3433 1829 3533 impleant,
1855 3449 1890 3505 et
1912 3435 1940 3505 si
1963 3434 2073 3505 verba

487 3553 591 3624 rebus
610 3553 815 3624 emendent.
838 3558 937 3641 Quos
956 3553 1101 3652 quidem
1120 3569 1215 3624 recte
1233 3553 1382 3624 dixerim
1397 3553 1559 3650 lepbtbae
1576 3552 1866 3652 comparandos,
1889 3556 1951 3650 qui
1973 3555 2071 3651 quod

487 3675 591 3744 stulte
604 3689 750 3744 voverat
769 3673 907 3744 stultius
927 3673 1143 3770 adimplens,
1166 3674 1307 3744 unicam
1317 3677 1336 3712 ¹⁵
1349 3673 1557 3744 intersecat.
1576 3673 1646 3760 Qui
1666 3699 1752 3744 vero
1773 3674 1850 3768 ejus
1867 3672 2071 3745 membrum

489 3793 564 3863 fieri
589 3794 687 3893 cupit
695 3796 734 3883 ¹⁸,
754 3807 838 3864 tunc
861 3819 944 3864 cnm
966 3793 1147 3892 psalmista
1166 3793 1252 3863 dicit
1260 3798 1279 3832 ¹⁷
1304 3819 1311 3862 :
1336 3793 1646 3865 «Misericordiam
1673 3807 1709 3864 et
1725 3792 1901 3889 judicium
1920 3792 2075 3864 cantabo

488 3913 564 4003 tibi,
586 3914 750 3984 Domine.
773 3913 1054 4002 Misericordia»
1071 3915 1162 3984 sicut
1173 3915 1344 4011 scriptum
1357 3917 1454 4004 est¹⁸,
1475 3945 1491 3981 a
1506 3913 1683 4010 judicium
1697 3911 1840 4002 exaltat,
1849 3943 1866 3979 ιι
1886 3911 2077 3984 attendens

487 4031 586 4128 quod
612 4031 695 4103 alibi
717 4033 896 4130 Scriptura
929 4034 1168 4104 comminatur
1177 4037 1208 4120 ¹⁸,
1231 4063 1249 4099 a
1264 4033 1441 4128 judicium
1462 4035 1537 4104 sine
1566 4033 1809 4105 misericordia
1839 4035 1875 4104 in
1903 4057 1987 4104 eum
2011 4033 2074 4129 qui

488 4153 766 4224 misericordiam
793 4177 868 4224 non
894 4152 988 4224 facit.
1008 4183 1025 4218 ι
1052 4153 1160 4240 Quod
1188 4153 1376 4248 diligenter
1400 4155 1474 4252 ipse
1503 4153 1685 4250 psalmista
1714 4153 1998 4240 considerans¹⁰,
2032 4153 2082 4224 ad

480 4273 779 4372 supplicationem
799 4274 917 4343 uxoris
938 4272 1048 4345 Nabal
1074 4273 1244 4363 Carmeli,
1261 4275 1510 4370 juramentum
1531 4274 1633 4371 quod
1650 4299 1691 4346 ex
1707 4276 1840 4371 justitia
1859 4273 2007 4364 fecerat,
2031 4275 2078 4346 de

486 4393 563 4462 viro
577 4394 653 4488 ejus
667 4393 799 4466 scilicet
810 4407 843 4464 et
858 4394 967 4491 ipsius
981 4393 1092 4464 domo
1106 4390 1272 4482 delenda,
1290 4417 1353 4492 per
1368 4392 1649 4464 misericordiam
1661 4394 1848 4465 cassavit¹¹.
1864 4393 2076 4463 Orationem

486 4514 604 4610 itaque
615 4513 757 4606 justitiae
769 4513 945 4612 praetulit,
962 4528 997 4585 et
1010 4514 1109 4610 quod
1122 4515 1175 4584 vir
1188 4513 1407 4611 deliquerat,
1425 4513 1638 4612 snpplicatio
1659 4515 1777 4584 uxoris
1789 4512 1931 4584 delevit.
1949 4517 1988 4582 ln
2002 4537 2078 4610 quo

486 4633 631 4727 quidem
646 4632 731 4721 tibi,
749 4658 864 4724 soror,
884 4632 1086 4730 exemplum
1105 4635 1341 4732 proponitur,
1365 4650 1400 4706 et
1413 4635 1580 4706 securitas
1594 4635 1720 4724 datur,
1741 4649 1781 4705 ut
1797 4634 1826 4704 si
1838 4633 1946 4729 hujus
1960 4633 2077 4704 oratio

519 4848 524 4871 ¹
548 4849 656 4899 Thessal.
668 4849 705 4908 ll,
717 4865 772 4915 cap.
788 4866 812 4910 ι,
827 4867 851 4898 ιι.
868 4847 971 4900 tt.-·
985 4851 1080 4909 ΕΜ,
1094 4865 1150 4916 cap.
1171 4865 1258 4912 xxxu,
1294 4851 1315 4876 ‘⁸
1336 4851 1467 4900 Τιιτειινω
1489 4847 1560 4900 ttttS.
1574 4875 1607 4888 -
1620 4850 1642 4876 ¹⁰
1659 4851 1777 4902 Inseritur
1794 4853 1885 4912 tibiam
1904 4849 2076 4900 channam

483 4949 505 4980 v.
524 4937 563 4982 10.
576 4933 736 4994 -’Jerem.‚
754 4949 809 4999 cap.
825 4952 873 4998 ιιι,
893 4953 917 4986 ι.
937 4934 1142 4984 16.-Ῥνεαι
1157 4938 1259 5000 flectunt
1291 4946 1374 4984 nutam
1388 4935 1537 4986 atta—¹·
1550 4935 1643 4994 tuae,
1656 4951 1711 5001 cap.
1725 4951 1756 4997 n,
1769 4936 1890 4984 ιι.39.-
1903 4933 1926 4960 “
1943 4935 1990 4994 Qut
2003 4933 2077 4982 iute-

483 5017 593 5066 ttttS.-
604 5017 614 5044 ¹
627 5021 754 5069 Ratiatum
763 5017 833 5071 llllS.
847 5045 877 5055 -
887 5019 897 5046 ⁸
908 5020 1002 5078 ΕΜ,
1012 5033 1067 5084 cap.
1081 5033 1163 5076 xxxn,
1179 5034 1203 5068 v.
1218 5021 1256 5068 10.
1291 5021 1351 5069 ritur
1363 5019 1426 5070 male
1438 5019 1466 5070 D.
1481 5045 1506 5056 -
1523 5019 1544 5046 ¹⁷
1560 5019 1647 5070 Psalm.
1664 5033 1694 5079 c,
1705 5035 1728 5068 v.
1747 5023 1768 5068 t.
1782 5045 1814 5055 -
1824 5018 1846 5045 ‘¹
1858 5019 1959 5076 tacet„
1972 5031 2029 5084 cap.
2044 5035 2078 5076 ιι,

483 5125 513 5134 -
528 5101 535 5126 ¹
552 5103 652 5160 Jerem„
674 5119 728 5169 cap.
748 5121 796 5162 ru,
818 5119 840 5154 v.
864 5104 902 5152 16.
916 5131 946 5139 -
960 5101 969 5128 ⁸
983 5104 1077 5160 Exuet„
1095 5117 1151 5167 cap.
1171 5118 1256 5186 qaut,
1292 5120 1315 5153 ι.
1330 5105 1367 5154 ta.
1381 5131 1410 5140 -
1424 5102 1445 5129 ¹⁸
1459 5102 1522 5154 lbid.
1540 5132 1563 5140 --
1582 5102 1772 5166 'wemmam
1783 5103 1854 5154 atts.
1867 5131 1895 5140 -
1907 5101 1928 5129 ¹¹
1947 5103 2074 5154 tecam

482 5201 506 5236 ι.
534 5188 570 5235 ll.
588 5187 751 5238 —-'.llicubr'
772 5187 924 5241 ltus-‘⁰
941 5187 1028 5250 Psalm.
1045 5203 1127 5246 xxxu,
1147 5203 1171 5236 ι.
1189 5189 1260 5236 9.-
1292 5191 1398 5238 reddidit
1411 5187 1481 5238 RMS.

484 5269 503 5295 ¹¹
529 5273 676 5333 luterceptut
694 5272 763 5323 ttttS.
781 5301 807 5310 —
823 5271 844 5298 ¹¹
861 5274 990 5330 llubucuc,
1005 5285 1059 5335 cap.
1083 5287 1128 5329 ιιι,
1146 5286 1169 5319 ιι.
1188 5273 1213 5320 2.
1229 5297 1260 5308 -
