<?xml version="1.0" encoding="UTF-8"?>
<!DOCTYPE html PUBLIC "-//W3C//DTD XHTML 1.0 Transitional//EN"
    "http://www.w3.org/TR/xhtml1/DTD/xhtml1-transitional.dtd">
<html xmlns="http://www.w3.org/1999/xhtml" xml:lang="en" lang="en">
 <head>
  <title>
</title>
<meta http-equiv="Content-Type" content="text/html;charset=utf-8" />
  <meta name='ocr-system' content='tesseract 3.04.00' />
  <meta name='ocr-capabilities' content='ocr_page ocr_carea ocr_par ocr_line ocrx_word'/>
</head>
<body>
  <div class='ocr_page' id='page_1' title='image "./petriablardiope01despgoog_0661.png"; bbox 0 0 4522 6104; ppageno 0'>
   <div class='ocr_carea' id='block_1_1' title="bbox 439 557 1426 635">
    <p class='ocr_par' dir='ltr' id='par_1_1' title="bbox 439 557 1426 635">
     <span class='ocr_line' id='line_1_1' title="bbox 439 557 1426 635; baseline 0.003 -5"><span class='ocrx_word' id='word_1_1' title='bbox 439 557 511 630; x_wconf 70' lang='lat'><strong>646</strong></span> <span class='ocrx_word' id='word_1_2' title='bbox 1037 559 1165 632; x_wconf 83' lang='lat' dir='ltr'>PETRI</span> <span class='ocrx_word' id='word_1_3' title='bbox 1192 559 1426 635; x_wconf 79' lang='lat' dir='ltr'><strong>ABAELARDI</strong></span> 
     </span>
    </p>
   </div>
   <div class='ocr_carea' id='block_1_2' title="bbox 436 700 2026 3090">
    <p class='ocr_par' dir='ltr' id='par_1_2' title="bbox 438 700 2020 920">
     <span class='ocr_line' id='line_1_2' title="bbox 438 700 2020 807; baseline 0.003 -33"><span class='ocrx_word' id='word_1_4' title='bbox 438 717 563 774; x_wconf 90' lang='lat' dir='ltr'><strong>rentur</strong></span> <span class='ocrx_word' id='word_1_5' title='bbox 578 720 704 799; x_wconf 82' lang='lat' dir='ltr'><strong>poma,</strong></span> <span class='ocrx_word' id='word_1_6' title='bbox 724 700 762 773; x_wconf 96' lang='lat' dir='ltr'><strong>id</strong></span> <span class='ocrx_word' id='word_1_7' title='bbox 779 716 832 773; x_wconf 90' lang='lat' dir='ltr'><strong>est</strong></span> <span class='ocrx_word' id='word_1_8' title='bbox 849 701 983 774; x_wconf 87' lang='lat' dir='ltr'><strong>fructus</strong></span> <span class='ocrx_word' id='word_1_9' title='bbox 1000 727 1084 775; x_wconf 92' lang='lat' dir='ltr'><strong>suos</strong></span> <span class='ocrx_word' id='word_1_10' title='bbox 1101 703 1307 792; x_wconf 86' lang='lat' dir='ltr'><strong>afferentes,</strong></span> <span class='ocrx_word' id='word_1_11' title='bbox 1333 705 1413 776; x_wconf 84' lang='lat' dir='ltr'><strong>sive</strong></span> <span class='ocrx_word' id='word_1_12' title='bbox 1428 727 1503 776; x_wconf 92' lang='lat' dir='ltr'><strong>non</strong></span> <span class='ocrx_word' id='word_1_13' title='bbox 1524 705 1657 778; x_wconf 84' lang='lat' dir='ltr'><strong>statim.</strong></span> <span class='ocrx_word' id='word_1_14' title='bbox 1681 704 1779 778; x_wconf 89' lang='lat' dir='ltr'><strong>Solet</strong></span> <span class='ocrx_word' id='word_1_15' title='bbox 1798 708 1933 806; x_wconf 88' lang='lat' dir='ltr'><strong>quippe</strong></span> <span class='ocrx_word' id='word_1_16' title='bbox 1955 734 2020 807; x_wconf 91' lang='lat' dir='ltr'><strong>po·</strong></span> 
     </span>
     <span class='ocr_line' id='line_1_3' title="bbox 438 820 1437 920; baseline 0 -26"><span class='ocrx_word' id='word_1_17' title='bbox 438 847 539 894; x_wconf 91' lang='lat' dir='ltr'><strong>mum</strong></span> <span class='ocrx_word' id='word_1_18' title='bbox 554 820 763 918; x_wconf 83' lang='lat' dir='ltr'><strong>generaliter</strong></span> <span class='ocrx_word' id='word_1_19' title='bbox 784 845 851 919; x_wconf 90' lang='lat' dir='ltr'><strong>pro</strong></span> <span class='ocrx_word' id='word_1_20' title='bbox 869 823 969 894; x_wconf 91' lang='lat' dir='ltr'><strong>omni</strong></span> <span class='ocrx_word' id='word_1_21' title='bbox 987 822 1125 894; x_wconf 84' lang='lat' dir='ltr'><strong>arboris</strong></span> <span class='ocrx_word' id='word_1_22' title='bbox 1142 823 1260 894; x_wconf 91' lang='lat' dir='ltr'><strong>fructu</strong></span> <span class='ocrx_word' id='word_1_23' title='bbox 1275 821 1437 920; x_wconf 80' lang='lat' dir='ltr'><strong>intelligi,</strong></span> 
     </span>
    </p>

    <p class='ocr_par' dir='ltr' id='par_1_3' title="bbox 436 945 2026 3090">
     <span class='ocr_line' id='line_1_4' title="bbox 489 945 2023 1047; baseline 0.007 -37"><span class='ocrx_word' id='word_1_24' title='bbox 489 947 618 1015; x_wconf 77' lang='lat' dir='ltr'><strong>«Juxta</strong></span> <span class='ocrx_word' id='word_1_25' title='bbox 635 967 746 1039; x_wconf 87' lang='lat' dir='ltr'><strong>genus</strong></span> <span class='ocrx_word' id='word_1_26' title='bbox 763 967 911 1016; x_wconf 77' lang='lat' dir='ltr'><strong>suumn</strong></span> <span class='ocrx_word' id='word_1_27' title='bbox 928 947 1006 1016; x_wconf 90' lang='lat' dir='ltr'><strong>Hoc</strong></span> <span class='ocrx_word' id='word_1_28' title='bbox 1018 961 1071 1016; x_wconf 91' lang='lat' dir='ltr'><strong>est</strong></span> <span class='ocrx_word' id='word_1_29' title='bbox 1086 945 1286 1017; x_wconf 88' lang='lat' dir='ltr'><strong>secundum</strong></span> <span class='ocrx_word' id='word_1_30' title='bbox 1300 945 1455 1017; x_wconf 84' lang='lat' dir='ltr'><strong>materiae</strong></span> <span class='ocrx_word' id='word_1_31' title='bbox 1471 969 1542 1018; x_wconf 87' lang='lat' dir='ltr'><strong>suae</strong></span> <span class='ocrx_word' id='word_1_32' title='bbox 1555 961 1738 1037; x_wconf 86' lang='lat' dir='ltr'><strong>naturam,</strong></span> <span class='ocrx_word' id='word_1_33' title='bbox 1753 963 1806 1037; x_wconf 93' lang='lat' dir='ltr'><strong>ut,</strong></span> <span class='ocrx_word' id='word_1_34' title='bbox 1825 967 1893 1047; x_wconf 90' lang='lat' dir='ltr'><strong>pro</strong></span> <span class='ocrx_word' id='word_1_35' title='bbox 1905 949 2023 1022; x_wconf 89' lang='lat' dir='ltr'><strong>diver·</strong></span> 
     </span>
     <span class='ocr_line' id='line_1_5' title="bbox 437 1066 2022 1166; baseline 0.004 -28"><span class='ocrx_word' id='word_1_36' title='bbox 437 1069 539 1138; x_wconf 90' lang='lat' dir='ltr'><strong>sitate</strong></span> <span class='ocrx_word' id='word_1_37' title='bbox 560 1066 694 1138; x_wconf 91' lang='lat' dir='ltr'><strong>scilicet</strong></span> <span class='ocrx_word' id='word_1_38' title='bbox 716 1067 910 1141; x_wconf 87' lang='lat' dir='ltr'><strong>herbarum</strong></span> <span class='ocrx_word' id='word_1_39' title='bbox 934 1068 992 1140; x_wconf 92' lang='lat' dir='ltr'><strong>vel</strong></span> <span class='ocrx_word' id='word_1_40' title='bbox 1012 1067 1184 1142; x_wconf 86' lang='lat' dir='ltr'><strong>arborum</strong></span> <span class='ocrx_word' id='word_1_41' title='bbox 1207 1070 1318 1165; x_wconf 85' lang='lat' dir='ltr'><strong>magis</strong></span> <span class='ocrx_word' id='word_1_42' title='bbox 1340 1091 1449 1166; x_wconf 89' lang='lat' dir='ltr'><strong>quam</strong></span> <span class='ocrx_word' id='word_1_43' title='bbox 1471 1085 1666 1162; x_wconf 83' lang='lat' dir='ltr'><strong>terrarum,</strong></span> <span class='ocrx_word' id='word_1_44' title='bbox 1691 1070 1851 1144; x_wconf 85' lang='lat' dir='ltr'><strong>diversos</strong></span> <span class='ocrx_word' id='word_1_45' title='bbox 1874 1071 2022 1156; x_wconf 79' lang='lat' dir='ltr'><strong>afferant</strong></span> 
     </span>
     <span class='ocr_line' id='line_1_6' title="bbox 437 1184 2022 1284; baseline 0.004 -28"><span class='ocrx_word' id='word_1_46' title='bbox 437 1184 586 1276; x_wconf 90' lang='lat' dir='ltr'><strong>fructus,</strong></span> <span class='ocrx_word' id='word_1_47' title='bbox 605 1211 679 1257; x_wconf 92' lang='lat' dir='ltr'><strong>non</strong></span> <span class='ocrx_word' id='word_1_48' title='bbox 697 1185 857 1259; x_wconf 91' lang='lat' dir='ltr'><strong>eosdem.</strong></span> <span class='ocrx_word' id='word_1_49' title='bbox 873 1188 980 1284; x_wconf 87' lang='lat' dir='ltr'><strong>Cujus</strong></span> <span class='ocrx_word' id='word_1_50' title='bbox 997 1213 1137 1278; x_wconf 91' lang='lat' dir='ltr'><strong>semen,</strong></span> <span class='ocrx_word' id='word_1_51' title='bbox 1151 1188 1222 1259; x_wconf 92' lang='lat' dir='ltr'><strong>hoc</strong></span> <span class='ocrx_word' id='word_1_52' title='bbox 1239 1203 1291 1260; x_wconf 91' lang='lat' dir='ltr'><strong>est</strong></span> <span class='ocrx_word' id='word_1_53' title='bbox 1309 1188 1397 1259; x_wconf 93' lang='lat' dir='ltr'><strong>dum</strong></span> <span class='ocrx_word' id='word_1_54' title='bbox 1415 1203 1516 1260; x_wconf 78' lang='lat' dir='ltr'><strong>terre</strong></span> <span class='ocrx_word' id='word_1_55' title='bbox 1532 1188 1701 1261; x_wconf 75' lang='lat' dir='ltr'><strong>radicitus</strong></span> <span class='ocrx_word' id='word_1_56' title='bbox 1718 1189 1930 1280; x_wconf 77' lang='lat' dir='ltr'><strong>adhaerebit,</strong></span> <span class='ocrx_word' id='word_1_57' title='bbox 1949 1193 2022 1262; x_wconf 91' lang='lat' dir='ltr'><strong>vim</strong></span> 
     </span>
     <span class='ocr_line' id='line_1_7' title="bbox 437 1307 2022 1406; baseline 0.004 -30"><span class='ocrx_word' id='word_1_58' title='bbox 437 1329 508 1377; x_wconf 86' lang='lat' dir='ltr'><strong>suae</strong></span> <span class='ocrx_word' id='word_1_59' title='bbox 524 1307 793 1405; x_wconf 82' lang='lat' dir='ltr'><strong>propagationis</strong></span> <span class='ocrx_word' id='word_1_60' title='bbox 809 1309 845 1379; x_wconf 92' lang='lat' dir='ltr'><strong>in</strong></span> <span class='ocrx_word' id='word_1_61' title='bbox 862 1309 980 1406; x_wconf 90' lang='lat' dir='ltr'><strong>seipso</strong></span> <span class='ocrx_word' id='word_1_62' title='bbox 996 1307 1145 1396; x_wconf 89' lang='lat' dir='ltr'><strong>habeat,</strong></span> <span class='ocrx_word' id='word_1_63' title='bbox 1164 1308 1238 1380; x_wconf 90' lang='lat' dir='ltr'><strong>sive</strong></span> <span class='ocrx_word' id='word_1_64' title='bbox 1254 1309 1448 1380; x_wconf 85' lang='lat' dir='ltr'><strong>exsemine</strong></span> <span class='ocrx_word' id='word_1_65' title='bbox 1463 1310 1538 1380; x_wconf 91' lang='lat' dir='ltr'><strong>sive</strong></span> <span class='ocrx_word' id='word_1_66' title='bbox 1559 1332 1601 1381; x_wconf 83' lang='lat' dir='ltr'><strong>ex</strong></span> <span class='ocrx_word' id='word_1_67' title='bbox 1621 1309 1816 1381; x_wconf 88' lang='lat' dir='ltr'><strong>insertione</strong></span> <span class='ocrx_word' id='word_1_68' title='bbox 1840 1334 2022 1383; x_wconf 88' lang='lat' dir='ltr'><strong>ramorum</strong></span> 
     </span>
     <span class='ocr_line' id='line_1_8' title="bbox 437 1425 2025 1528; baseline 0.005 -32"><span class='ocrx_word' id='word_1_69' title='bbox 437 1425 494 1498; x_wconf 90' lang='lat' dir='ltr'><strong>vel</strong></span> <span class='ocrx_word' id='word_1_70' title='bbox 508 1451 549 1499; x_wconf 83' lang='lat' dir='ltr'><strong>ex</strong></span> <span class='ocrx_word' id='word_1_71' title='bbox 560 1425 794 1524; x_wconf 84' lang='lat' dir='ltr'><strong>plantatione.</strong></span> <span class='ocrx_word' id='word_1_72' title='bbox 811 1431 855 1499; x_wconf 87' lang='lat' dir='ltr'><strong>Et</strong></span> <span class='ocrx_word' id='word_1_73' title='bbox 870 1444 958 1500; x_wconf 87' lang='lat' dir='ltr'><strong>nota</strong></span> <span class='ocrx_word' id='word_1_74' title='bbox 974 1429 1087 1526; x_wconf 89' lang='lat' dir='ltr'><strong>quod,</strong></span> <span class='ocrx_word' id='word_1_75' title='bbox 1102 1453 1217 1526; x_wconf 91' lang='lat' dir='ltr'><strong>quum</strong></span> <span class='ocrx_word' id='word_1_76' title='bbox 1235 1429 1284 1500; x_wconf 87' lang='lat' dir='ltr'><strong>ait</strong></span> <span class='ocrx_word' id='word_1_77' title='bbox 1302 1457 1320 1497; x_wconf 79' lang='lat' dir='ltr'><strong>u</strong></span> <span class='ocrx_word' id='word_1_78' title='bbox 1334 1428 1472 1525; x_wconf 85' lang='lat' dir='ltr'><strong>lignum</strong></span> <span class='ocrx_word' id='word_1_79' title='bbox 1488 1429 1722 1528; x_wconf 85' lang='lat' dir='ltr'><strong>pomiferum,</strong></span> <span class='ocrx_word' id='word_1_80' title='bbox 1737 1459 1755 1496; x_wconf 79' lang='lat' dir='ltr'><strong>n</strong></span> <span class='ocrx_word' id='word_1_81' title='bbox 1772 1429 1819 1502; x_wconf 90' lang='lat' dir='ltr'><strong>de</strong></span> <span class='ocrx_word' id='word_1_82' title='bbox 1835 1431 2025 1506; x_wconf 77' lang='lat' dir='ltr'><strong>fructuosis</strong></span> 
     </span>
     <span class='ocr_line' id='line_1_9' title="bbox 437 1544 2022 1645; baseline 0.002 -28"><span class='ocrx_word' id='word_1_83' title='bbox 437 1559 579 1618; x_wconf 93' lang='lat' dir='ltr'><strong>tantum</strong></span> <span class='ocrx_word' id='word_1_84' title='bbox 595 1544 803 1638; x_wconf 83' lang='lat' dir='ltr'><strong>arboribus,</strong></span> <span class='ocrx_word' id='word_1_85' title='bbox 822 1573 897 1618; x_wconf 91' lang='lat' dir='ltr'><strong>non</strong></span> <span class='ocrx_word' id='word_1_86' title='bbox 916 1545 961 1618; x_wconf 90' lang='lat' dir='ltr'><strong>de</strong></span> <span class='ocrx_word' id='word_1_87' title='bbox 979 1545 1226 1638; x_wconf 82' lang='lat' dir='ltr'><strong>infructuosis,</strong></span> <span class='ocrx_word' id='word_1_88' title='bbox 1240 1547 1383 1618; x_wconf 89' lang='lat' dir='ltr'><strong>videtur</strong></span> <span class='ocrx_word' id='word_1_89' title='bbox 1395 1547 1514 1619; x_wconf 88' lang='lat' dir='ltr'><strong>dicere</strong></span> <span class='ocrx_word' id='word_1_90' title='bbox 1529 1547 1629 1645; x_wconf 91' lang='lat' dir='ltr'><strong>quod</strong></span> <span class='ocrx_word' id='word_1_91' title='bbox 1642 1563 1729 1619; x_wconf 93' lang='lat' dir='ltr'><strong>tunc</strong></span> <span class='ocrx_word' id='word_1_92' title='bbox 1741 1563 1865 1621; x_wconf 77' lang='lat' dir='ltr'><strong>create</strong></span> <span class='ocrx_word' id='word_1_93' title='bbox 1880 1551 1966 1638; x_wconf 89' lang='lat' dir='ltr'><strong>sint;</strong></span> <span class='ocrx_word' id='word_1_94' title='bbox 1985 1564 2022 1620; x_wconf 86' lang='lat' dir='ltr'><strong>et</strong></span> 
     </span>
     <span class='ocr_line' id='line_1_10' title="bbox 438 1665 2023 1767; baseline 0.001 -29"><span class='ocrx_word' id='word_1_95' title='bbox 438 1668 487 1739; x_wconf 86' lang='lat' dir='ltr'><strong>ita</strong></span> <span class='ocrx_word' id='word_1_96' title='bbox 503 1691 578 1738; x_wconf 88' lang='lat' dir='ltr'><strong>non</strong></span> <span class='ocrx_word' id='word_1_97' title='bbox 597 1691 723 1739; x_wconf 88' lang='lat' dir='ltr'><strong>omnes</strong></span> <span class='ocrx_word' id='word_1_98' title='bbox 739 1683 827 1740; x_wconf 89' lang='lat' dir='ltr'><strong>tunc</strong></span> <span class='ocrx_word' id='word_1_99' title='bbox 844 1665 990 1740; x_wconf 90' lang='lat' dir='ltr'><strong>arbores</strong></span> <span class='ocrx_word' id='word_1_100' title='bbox 1006 1683 1142 1740; x_wconf 89' lang='lat' dir='ltr'><strong>creatas</strong></span> <span class='ocrx_word' id='word_1_101' title='bbox 1159 1691 1252 1757; x_wconf 91' lang='lat' dir='ltr'><strong>esse,</strong></span> <span class='ocrx_word' id='word_1_102' title='bbox 1270 1667 1333 1740; x_wconf 88' lang='lat' dir='ltr'><strong>sed</strong></span> <span class='ocrx_word' id='word_1_103' title='bbox 1347 1668 1522 1765; x_wconf 88' lang='lat' dir='ltr'><strong>quasdam</strong></span> <span class='ocrx_word' id='word_1_104' title='bbox 1535 1682 1678 1766; x_wconf 88' lang='lat' dir='ltr'><strong>postea,</strong></span> <span class='ocrx_word' id='word_1_105' title='bbox 1694 1669 1785 1740; x_wconf 90' lang='lat' dir='ltr'><strong>sicut</strong></span> <span class='ocrx_word' id='word_1_106' title='bbox 1801 1668 1847 1741; x_wconf 90' lang='lat' dir='ltr'><strong>de</strong></span> <span class='ocrx_word' id='word_1_107' title='bbox 1862 1670 1972 1767; x_wconf 90' lang='lat' dir='ltr'><strong>spinis</strong></span> <span class='ocrx_word' id='word_1_108' title='bbox 1987 1683 2023 1740; x_wconf 88' lang='lat' dir='ltr'><strong>et</strong></span> 
     </span>
     <span class='ocr_line' id='line_1_11' title="bbox 437 1785 2024 1888; baseline 0.001 -30"><span class='ocrx_word' id='word_1_109' title='bbox 437 1785 577 1859; x_wconf 91' lang='lat' dir='ltr'><strong>tribulis</strong></span> <span class='ocrx_word' id='word_1_110' title='bbox 597 1788 755 1858; x_wconf 91' lang='lat' dir='ltr'><strong>creditur</strong></span> <span class='ocrx_word' id='word_1_111' title='bbox 778 1802 862 1886; x_wconf 90' lang='lat' dir='ltr'><strong>post</strong></span> <span class='ocrx_word' id='word_1_112' title='bbox 883 1803 1070 1886; x_wconf 87' lang='lat' dir='ltr'><strong>peccatum</strong></span> <span class='ocrx_word' id='word_1_113' title='bbox 1088 1789 1126 1858; x_wconf 91' lang='lat' dir='ltr'><strong>in</strong></span> <span class='ocrx_word' id='word_1_114' title='bbox 1142 1811 1287 1886; x_wconf 86' lang='lat' dir='ltr'><strong>poenam</strong></span> <span class='ocrx_word' id='word_1_115' title='bbox 1312 1786 1470 1858; x_wconf 90' lang='lat' dir='ltr'><strong>hominis</strong></span> <span class='ocrx_word' id='word_1_116' title='bbox 1491 1786 1537 1859; x_wconf 92' lang='lat' dir='ltr'><strong>dc</strong></span> <span class='ocrx_word' id='word_1_117' title='bbox 1556 1801 1654 1860; x_wconf 82' lang='lat' dir='ltr'><strong>terra</strong></span> <span class='ocrx_word' id='word_1_118' title='bbox 1674 1785 1874 1888; x_wconf 89' lang='lat' dir='ltr'><strong>productis.</strong></span> <span class='ocrx_word' id='word_1_119' title='bbox 1893 1789 1930 1858; x_wconf 90' lang='lat' dir='ltr'><strong>Si</strong></span> <span class='ocrx_word' id='word_1_120' title='bbox 1946 1789 2024 1884; x_wconf 89' lang='lat' dir='ltr'><strong>quis</strong></span> 
     </span>
     <span class='ocr_line' id='line_1_12' title="bbox 436 1908 2024 2009; baseline 0.002 -30"><span class='ocrx_word' id='word_1_121' title='bbox 436 1924 557 1981; x_wconf 89' lang='lat' dir='ltr'><strong>tamen</strong></span> <span class='ocrx_word' id='word_1_122' title='bbox 584 1908 680 1981; x_wconf 91' lang='lat' dir='ltr'><strong>dicat</strong></span> <span class='ocrx_word' id='word_1_123' title='bbox 704 1909 769 1982; x_wconf 90' lang='lat' dir='ltr'><strong>has</strong></span> <span class='ocrx_word' id='word_1_124' title='bbox 793 1935 940 2009; x_wconf 88' lang='lat' dir='ltr'><strong>quoque</strong></span> <span class='ocrx_word' id='word_1_125' title='bbox 964 1909 1129 2000; x_wconf 87' lang='lat' dir='ltr'><strong>arbores,</strong></span> <span class='ocrx_word' id='word_1_126' title='bbox 1157 1935 1235 2008; x_wconf 86' lang='lat' dir='ltr'><strong>quae</strong></span> <span class='ocrx_word' id='word_1_127' title='bbox 1259 1934 1359 1980; x_wconf 91' lang='lat' dir='ltr'><strong>nunc</strong></span> <span class='ocrx_word' id='word_1_128' title='bbox 1386 1908 1614 1982; x_wconf 75' lang='lat' dir='ltr'><strong>infructuose</strong></span> <span class='ocrx_word' id='word_1_129' title='bbox 1629 1925 1728 2000; x_wconf 90' lang='lat' dir='ltr'><strong>sunt,</strong></span> <span class='ocrx_word' id='word_1_130' title='bbox 1752 1911 1872 2008; x_wconf 89' lang='lat' dir='ltr'><strong>primo</strong></span> <span class='ocrx_word' id='word_1_131' title='bbox 1889 1925 2024 1982; x_wconf 85' lang='lat' dir='ltr'><strong>creatas</strong></span> 
     </span>
     <span class='ocr_line' id='line_1_13' title="bbox 437 2028 2023 2130; baseline 0.001 -29"><span class='ocrx_word' id='word_1_132' title='bbox 437 2054 513 2102; x_wconf 90' lang='lat' dir='ltr'><strong>esse</strong></span> <span class='ocrx_word' id='word_1_133' title='bbox 539 2029 754 2119; x_wconf 88' lang='lat' dir='ltr'><strong>fructuosas,</strong></span> <span class='ocrx_word' id='word_1_134' title='bbox 781 2029 845 2102; x_wconf 90' lang='lat' dir='ltr'><strong>sed</strong></span> <span class='ocrx_word' id='word_1_135' title='bbox 873 2028 1107 2130; x_wconf 89' lang='lat' dir='ltr'><strong>postmodum</strong></span> <span class='ocrx_word' id='word_1_136' title='bbox 1132 2054 1199 2128; x_wconf 94' lang='lat' dir='ltr'><strong>pro</strong></span> <span class='ocrx_word' id='word_1_137' title='bbox 1227 2043 1377 2128; x_wconf 89' lang='lat' dir='ltr'><strong>peccato</strong></span> <span class='ocrx_word' id='word_1_138' title='bbox 1396 2029 1555 2102; x_wconf 89' lang='lat' dir='ltr'><strong>hominis</strong></span> <span class='ocrx_word' id='word_1_139' title='bbox 1582 2028 1821 2102; x_wconf 86' lang='lat' dir='ltr'><strong>infructuosas</strong></span> <span class='ocrx_word' id='word_1_140' title='bbox 1842 2029 1940 2120; x_wconf 88' lang='lat' dir='ltr'><strong>fieri,</strong></span> <span class='ocrx_word' id='word_1_141' title='bbox 1966 2031 2023 2102; x_wconf 88' lang='lat' dir='ltr'><strong>vel</strong></span> 
     </span>
     <span class='ocr_line' id='line_1_14' title="bbox 437 2149 2026 2252; baseline 0.002 -31"><span class='ocrx_word' id='word_1_142' title='bbox 437 2149 592 2224; x_wconf 87' lang='lat' dir='ltr'><strong>fructum</strong></span> <span class='ocrx_word' id='word_1_143' title='bbox 609 2153 748 2226; x_wconf 87' lang='lat' dir='ltr'><strong>arboris</strong></span> <span class='ocrx_word' id='word_1_144' title='bbox 764 2153 838 2225; x_wconf 89' lang='lat' dir='ltr'><strong>sive</strong></span> <span class='ocrx_word' id='word_1_145' title='bbox 853 2176 1006 2252; x_wconf 92' lang='lat' dir='ltr'><strong>pomum</strong></span> <span class='ocrx_word' id='word_1_146' title='bbox 1022 2175 1290 2250; x_wconf 90' lang='lat' dir='ltr'><strong>quamcumque</strong></span> <span class='ocrx_word' id='word_1_147' title='bbox 1306 2151 1494 2224; x_wconf 83' lang='lat' dir='ltr'><strong>utilitatem</strong></span> <span class='ocrx_word' id='word_1_148' title='bbox 1506 2152 1592 2248; x_wconf 86' lang='lat' dir='ltr'><strong>ligni</strong></span> <span class='ocrx_word' id='word_1_149' title='bbox 1609 2149 1798 2249; x_wconf 90' lang='lat' dir='ltr'><strong>intelligat,</strong></span> <span class='ocrx_word' id='word_1_150' title='bbox 1812 2177 1889 2224; x_wconf 93' lang='lat' dir='ltr'><strong>non</strong></span> <span class='ocrx_word' id='word_1_151' title='bbox 1906 2153 2026 2225; x_wconf 80' lang='lat' dir='ltr'><strong>absur-</strong></span> 
     </span>
     <span class='ocr_line' id='line_1_15' title="bbox 438 2269 2022 2371; baseline 0.001 -29"><span class='ocrx_word' id='word_1_152' title='bbox 438 2272 526 2343; x_wconf 91' lang='lat' dir='ltr'><strong>dum</strong></span> <span class='ocrx_word' id='word_1_153' title='bbox 543 2274 698 2361; x_wconf 91' lang='lat' dir='ltr'><strong>videtur,</strong></span> <span class='ocrx_word' id='word_1_154' title='bbox 717 2299 831 2371; x_wconf 90' lang='lat' dir='ltr'><strong>quum</strong></span> <span class='ocrx_word' id='word_1_155' title='bbox 851 2273 1071 2345; x_wconf 86' lang='lat' dir='ltr'><strong>infructuosa</strong></span> <span class='ocrx_word' id='word_1_156' title='bbox 1097 2297 1242 2370; x_wconf 90' lang='lat' dir='ltr'><strong>quoque</strong></span> <span class='ocrx_word' id='word_1_157' title='bbox 1262 2273 1358 2369; x_wconf 82' lang='lat' dir='ltr'><strong>ligna</strong></span> <span class='ocrx_word' id='word_1_158' title='bbox 1374 2269 1567 2344; x_wconf 87' lang='lat' dir='ltr'><strong>nonnullas</strong></span> <span class='ocrx_word' id='word_1_159' title='bbox 1582 2270 1740 2344; x_wconf 85' lang='lat' dir='ltr'><strong>babeant</strong></span> <span class='ocrx_word' id='word_1_160' title='bbox 1756 2273 1941 2363; x_wconf 85' lang='lat' dir='ltr'><strong>utilitates,</strong></span> <span class='ocrx_word' id='word_1_161' title='bbox 1960 2275 2022 2344; x_wconf 90' lang='lat' dir='ltr'><strong>etsi</strong></span> 
     </span>
     <span class='ocr_line' id='line_1_16' title="bbox 438 2391 2022 2492; baseline 0 -30"><span class='ocrx_word' id='word_1_162' title='bbox 438 2391 594 2464; x_wconf 91' lang='lat' dir='ltr'><strong>fructum</strong></span> <span class='ocrx_word' id='word_1_163' title='bbox 608 2392 763 2490; x_wconf 88' lang='lat' dir='ltr'><strong>aliquem</strong></span> <span class='ocrx_word' id='word_1_164' title='bbox 782 2417 858 2466; x_wconf 92' lang='lat' dir='ltr'><strong>non</strong></span> <span class='ocrx_word' id='word_1_165' title='bbox 876 2392 1080 2492; x_wconf 89' lang='lat' dir='ltr'><strong>producant</strong></span> <span class='ocrx_word' id='word_1_166' title='bbox 1096 2395 1132 2464; x_wconf 92' lang='lat' dir='ltr'><strong>in</strong></span> <span class='ocrx_word' id='word_1_167' title='bbox 1150 2415 1264 2465; x_wconf 78' lang='lat' dir='ltr'><strong>esum.</strong></span> <span class='ocrx_word' id='word_1_168' title='bbox 1285 2397 1328 2464; x_wconf 80' lang='lat' dir='ltr'><strong>lit</strong></span> <span class='ocrx_word' id='word_1_169' title='bbox 1344 2395 1430 2490; x_wconf 89' lang='lat' dir='ltr'><strong>quia</strong></span> <span class='ocrx_word' id='word_1_170' title='bbox 1446 2415 1520 2463; x_wconf 91' lang='lat' dir='ltr'><strong>non</strong></span> <span class='ocrx_word' id='word_1_171' title='bbox 1538 2407 1591 2463; x_wconf 92' lang='lat' dir='ltr'><strong>est</strong></span> <span class='ocrx_word' id='word_1_172' title='bbox 1612 2394 1650 2463; x_wconf 90' lang='lat' dir='ltr'><strong>in</strong></span> <span class='ocrx_word' id='word_1_173' title='bbox 1671 2392 1935 2487; x_wconf 88' lang='lat' dir='ltr'><strong>consuetudine</strong></span> <span class='ocrx_word' id='word_1_174' title='bbox 1949 2415 2022 2464; x_wconf 87' lang='lat' dir='ltr'><strong>ser-</strong></span> 
     </span>
     <span class='ocr_line' id='line_1_17' title="bbox 437 2510 2021 2612; baseline 0.001 -29"><span class='ocrx_word' id='word_1_175' title='bbox 437 2513 572 2603; x_wconf 90' lang='lat' dir='ltr'><strong>monis,</strong></span> <span class='ocrx_word' id='word_1_176' title='bbox 600 2526 640 2583; x_wconf 90' lang='lat' dir='ltr'><strong>ut</strong></span> <span class='ocrx_word' id='word_1_177' title='bbox 662 2537 813 2610; x_wconf 91' lang='lat' dir='ltr'><strong>pomum</strong></span> <span class='ocrx_word' id='word_1_178' title='bbox 828 2537 897 2612; x_wconf 91' lang='lat' dir='ltr'><strong>pro</strong></span> <span class='ocrx_word' id='word_1_179' title='bbox 914 2537 1141 2611; x_wconf 86' lang='lat' dir='ltr'><strong>quacumque</strong></span> <span class='ocrx_word' id='word_1_180' title='bbox 1157 2511 1307 2583; x_wconf 87' lang='lat' dir='ltr'><strong>utilitate</strong></span> <span class='ocrx_word' id='word_1_181' title='bbox 1323 2512 1415 2584; x_wconf 91' lang='lat' dir='ltr'><strong>sicut</strong></span> <span class='ocrx_word' id='word_1_182' title='bbox 1432 2510 1565 2583; x_wconf 87' lang='lat' dir='ltr'><strong>fructus</strong></span> <span class='ocrx_word' id='word_1_183' title='bbox 1587 2511 1793 2609; x_wconf 88' lang='lat' dir='ltr'><strong>accipiatur,</strong></span> <span class='ocrx_word' id='word_1_184' title='bbox 1812 2511 1896 2584; x_wconf 89' lang='lat' dir='ltr'><strong>ideo</strong></span> <span class='ocrx_word' id='word_1_185' title='bbox 1913 2537 2021 2609; x_wconf 89' lang='lat' dir='ltr'><strong>quum</strong></span> 
     </span>
     <span class='ocr_line' id='line_1_18' title="bbox 436 2629 2021 2733; baseline 0.001 -30"><span class='ocrx_word' id='word_1_186' title='bbox 436 2633 535 2732; x_wconf 91' lang='lat' dir='ltr'><strong>prius</strong></span> <span class='ocrx_word' id='word_1_187' title='bbox 551 2631 688 2705; x_wconf 89' lang='lat' dir='ltr'><strong>dictum</strong></span> <span class='ocrx_word' id='word_1_188' title='bbox 700 2631 746 2704; x_wconf 91' lang='lat' dir='ltr'><strong>sit</strong></span> <span class='ocrx_word' id='word_1_189' title='bbox 760 2663 777 2703; x_wconf 81' lang='lat' dir='ltr'><strong>u</strong></span> <span class='ocrx_word' id='word_1_190' title='bbox 791 2629 1026 2733; x_wconf 90' lang='lat' dir='ltr'><strong>pomiferum,</strong></span> <span class='ocrx_word' id='word_1_191' title='bbox 1042 2661 1060 2703; x_wconf 78' lang='lat' dir='ltr'><strong>u</strong></span> <span class='ocrx_word' id='word_1_192' title='bbox 1078 2646 1201 2732; x_wconf 89' lang='lat' dir='ltr'><strong>postea</strong></span> <span class='ocrx_word' id='word_1_193' title='bbox 1215 2633 1317 2730; x_wconf 89' lang='lat' dir='ltr'><strong>quasi</strong></span> <span class='ocrx_word' id='word_1_194' title='bbox 1332 2655 1400 2731; x_wconf 92' lang='lat' dir='ltr'><strong>pro</strong></span> <span class='ocrx_word' id='word_1_195' title='bbox 1416 2632 1641 2730; x_wconf 79' lang='lat' dir='ltr'><strong>expositione</strong></span> <span class='ocrx_word' id='word_1_196' title='bbox 1655 2633 1844 2730; x_wconf 90' lang='lat' dir='ltr'><strong>supposuit</strong></span> <span class='ocrx_word' id='word_1_197' title='bbox 1858 2661 1877 2700; x_wconf 79' lang='lat' dir='ltr'><strong>a</strong></span> <span class='ocrx_word' id='word_1_198' title='bbox 1894 2633 2021 2705; x_wconf 86' lang='lat' dir='ltr'><strong>faciens</strong></span> 
     </span>
     <span class='ocr_line' id='line_1_19' title="bbox 437 2751 2020 2852; baseline 0.002 -31"><span class='ocrx_word' id='word_1_199' title='bbox 437 2752 610 2842; x_wconf 89' lang='lat' dir='ltr'><strong>fructum,</strong></span> <span class='ocrx_word' id='word_1_200' title='bbox 632 2782 650 2821; x_wconf 78' lang='lat' dir='ltr'><strong>n</strong></span> <span class='ocrx_word' id='word_1_201' title='bbox 669 2753 741 2825; x_wconf 92' lang='lat' dir='ltr'><strong>hoc</strong></span> <span class='ocrx_word' id='word_1_202' title='bbox 758 2769 811 2826; x_wconf 86' lang='lat' dir='ltr'><strong>est</strong></span> <span class='ocrx_word' id='word_1_203' title='bbox 826 2753 964 2826; x_wconf 91' lang='lat' dir='ltr'><strong>habens</strong></span> <span class='ocrx_word' id='word_1_204' title='bbox 981 2777 1247 2852; x_wconf 87' lang='lat' dir='ltr'><strong>quamcumque</strong></span> <span class='ocrx_word' id='word_1_205' title='bbox 1262 2751 1465 2824; x_wconf 88' lang='lat' dir='ltr'><strong>utilitatem.</strong></span> <span class='ocrx_word' id='word_1_206' title='bbox 1492 2755 1641 2850; x_wconf 86' lang='lat' dir='ltr'><strong>Propter</strong></span> <span class='ocrx_word' id='word_1_207' title='bbox 1662 2775 1772 2850; x_wconf 82' lang='lat' dir='ltr'><strong>quam</strong></span> <span class='ocrx_word' id='word_1_208' title='bbox 1791 2753 1900 2824; x_wconf 89' lang='lat' dir='ltr'><strong>etiam</strong></span> <span class='ocrx_word' id='word_1_209' title='bbox 1916 2777 2020 2851; x_wconf 84' lang='lat' dir='ltr'><strong>expo·</strong></span> 
     </span>
     <span class='ocr_line' id='line_1_20' title="bbox 436 2871 2018 2972; baseline 0 -30"><span class='ocrx_word' id='word_1_210' title='bbox 436 2871 574 2943; x_wconf 90' lang='lat' dir='ltr'><strong>sitionis</strong></span> <span class='ocrx_word' id='word_1_211' title='bbox 591 2871 928 2946; x_wconf 89' lang='lat' dir='ltr'><strong>determinationem</strong></span> <span class='ocrx_word' id='word_1_212' title='bbox 945 2897 1058 2972; x_wconf 91' lang='lat' dir='ltr'><strong>quum</strong></span> <span class='ocrx_word' id='word_1_213' title='bbox 1074 2873 1283 2972; x_wconf 81' lang='lat' dir='ltr'><strong>praemittat,</strong></span> <span class='ocrx_word' id='word_1_214' title='bbox 1305 2898 1323 2940; x_wconf 80' lang='lat' dir='ltr'><strong>a</strong></span> <span class='ocrx_word' id='word_1_215' title='bbox 1342 2871 1475 2943; x_wconf 86' lang='lat' dir='ltr'><strong>facturn</strong></span> <span class='ocrx_word' id='word_1_216' title='bbox 1491 2885 1545 2942; x_wconf 87' lang='lat' dir='ltr'><strong>est</strong></span> <span class='ocrx_word' id='word_1_217' title='bbox 1564 2871 1632 2959; x_wconf 83' lang='lat' dir='ltr'><strong>ito,</strong></span> <span class='ocrx_word' id='word_1_218' title='bbox 1658 2899 1676 2940; x_wconf 82' lang='lat' dir='ltr'><strong>u</strong></span> <span class='ocrx_word' id='word_1_219' title='bbox 1695 2871 1816 2943; x_wconf 89' lang='lat' dir='ltr'><strong>statim</strong></span> <span class='ocrx_word' id='word_1_220' title='bbox 1832 2872 1991 2969; x_wconf 87' lang='lat' dir='ltr'><strong>adjungit</strong></span> <span class='ocrx_word' id='word_1_221' title='bbox 2009 2898 2018 2942; x_wconf 76' lang='grc' dir='ltr'><strong><em>ε</em></strong></span> 
     </span>
     <span class='ocr_line' id='line_1_21' title="bbox 439 2991 1108 3090; baseline 0.006 -34"><span class='ocrx_word' id='word_1_222' title='bbox 439 3019 457 3058; x_wconf 87' lang='lat'>«</span> <span class='ocrx_word' id='word_1_223' title='bbox 474 2993 519 3061; x_wconf 89' lang='lat' dir='ltr'><strong>Et</strong></span> <span class='ocrx_word' id='word_1_224' title='bbox 533 2991 684 3090; x_wconf 89' lang='lat' dir='ltr'><strong>protulit</strong></span> <span class='ocrx_word' id='word_1_225' title='bbox 701 3005 796 3064; x_wconf 88' lang='lat' dir='ltr'><strong>te&#39;rra</strong></span> <span class='ocrx_word' id='word_1_226' title='bbox 811 2991 981 3082; x_wconf 88' lang='lat' dir='ltr'><strong>herbam,</strong></span> <span class='ocrx_word' id='word_1_227' title='bbox 1001 3007 1070 3064; x_wconf 91' lang='lat' dir='ltr'><strong>etc.</strong></span> <span class='ocrx_word' id='word_1_228' title='bbox 1090 3021 1108 3061; x_wconf 81' lang='lat' dir='ltr'><strong>n</strong></span> 
     </span>
    </p>
   </div>
   <div class='ocr_carea' id='block_1_3' title="bbox 1081 3215 1387 3277">
    <p class='ocr_par' dir='ltr' id='par_1_4' title="bbox 1081 3215 1387 3277">
     <span class='ocr_line' id='line_1_22' title="bbox 1081 3215 1387 3277; baseline -0.013 -12"><span class='ocrx_word' id='word_1_229' title='bbox 1081 3218 1126 3266; x_wconf 79' lang='lat' dir='ltr'><strong>nr</strong></span> <span class='ocrx_word' id='word_1_230' title='bbox 1149 3215 1291 3277; x_wconf 78' lang='lat' dir='ltr'><strong>Quanra</strong></span> <span class='ocrx_word' id='word_1_231' title='bbox 1315 3215 1387 3262; x_wconf 80' lang='lat' dir='ltr'><strong>nm.</strong></span> 
     </span>
    </p>
   </div>
   <div class='ocr_carea' id='block_1_4' title="bbox 411 3353 2022 4536">
    <p class='ocr_par' dir='ltr' id='par_1_5' title="bbox 437 3353 2020 3814">
     <span class='ocr_line' id='line_1_23' title="bbox 487 3353 2020 3454; baseline -0.001 -28"><span class='ocrx_word' id='word_1_232' title='bbox 487 3389 506 3428; x_wconf 76' lang='lat' dir='ltr'><strong>a</strong></span> <span class='ocrx_word' id='word_1_233' title='bbox 525 3361 628 3431; x_wconf 79' lang='lat' dir='ltr'><strong>Fiant</strong></span> <span class='ocrx_word' id='word_1_234' title='bbox 643 3358 847 3431; x_wconf 88' lang='lat' dir='ltr'><strong>luminaria.</strong></span> <span class='ocrx_word' id='word_1_235' title='bbox 868 3388 885 3427; x_wconf 76' lang='lat' dir='ltr'><strong>n</strong></span> <span class='ocrx_word' id='word_1_236' title='bbox 910 3363 1007 3432; x_wconf 89' lang='lat' dir='ltr'><strong>Inter</strong></span> <span class='ocrx_word' id='word_1_237' title='bbox 1027 3358 1246 3430; x_wconf 88' lang='lat' dir='ltr'><strong>creationem</strong></span> <span class='ocrx_word' id='word_1_238' title='bbox 1267 3356 1471 3454; x_wconf 86' lang='lat' dir='ltr'><strong>plantarum</strong></span> <span class='ocrx_word' id='word_1_239' title='bbox 1488 3355 1564 3450; x_wconf 84' lang='lat' dir='ltr'><strong>jam</strong></span> <span class='ocrx_word' id='word_1_240' title='bbox 1584 3354 1737 3445; x_wconf 85' lang='lat' dir='ltr'><strong>factam,</strong></span> <span class='ocrx_word' id='word_1_241' title='bbox 1761 3369 1797 3426; x_wconf 87' lang='lat' dir='ltr'><strong>et</strong></span> <span class='ocrx_word' id='word_1_242' title='bbox 1817 3353 2020 3426; x_wconf 83' lang='lat' dir='ltr'><strong>animalium</strong></span> 
     </span>
     <span class='ocr_line' id='line_1_24' title="bbox 438 3473 2018 3574; baseline -0.004 -24"><span class='ocrx_word' id='word_1_243' title='bbox 438 3478 657 3566; x_wconf 87' lang='lat' dir='ltr'><strong>faciendam,</strong></span> <span class='ocrx_word' id='word_1_244' title='bbox 677 3477 867 3551; x_wconf 89' lang='lat' dir='ltr'><strong>luminaria</strong></span> <span class='ocrx_word' id='word_1_245' title='bbox 884 3477 993 3567; x_wconf 83' lang='lat' dir='ltr'><strong>fiunt,</strong></span> <span class='ocrx_word' id='word_1_246' title='bbox 1020 3491 1061 3548; x_wconf 89' lang='lat' dir='ltr'><strong>ut</strong></span> <span class='ocrx_word' id='word_1_247' title='bbox 1076 3473 1195 3548; x_wconf 87' lang='lat' dir='ltr'><strong>calore</strong></span> <span class='ocrx_word' id='word_1_248' title='bbox 1211 3477 1373 3573; x_wconf 90' lang='lat' dir='ltr'><strong>ipsorum</strong></span> <span class='ocrx_word' id='word_1_249' title='bbox 1394 3473 1526 3574; x_wconf 83' lang='lat' dir='ltr'><strong>plantae</strong></span> <span class='ocrx_word' id='word_1_250' title='bbox 1547 3473 1736 3546; x_wconf 79' lang='lat' dir='ltr'><strong>lbveantur</strong></span> <span class='ocrx_word' id='word_1_251' title='bbox 1757 3488 1794 3545; x_wconf 88' lang='lat' dir='ltr'><strong>et</strong></span> <span class='ocrx_word' id='word_1_252' title='bbox 1813 3473 2018 3571; x_wconf 87' lang='lat' dir='ltr'><strong>proficiant,</strong></span> 
     </span>
     <span class='ocr_line' id='line_1_25' title="bbox 437 3591 2017 3691; baseline -0.003 -24"><span class='ocrx_word' id='word_1_253' title='bbox 437 3611 473 3667; x_wconf 91' lang='lat' dir='ltr'><strong>et</strong></span> <span class='ocrx_word' id='word_1_254' title='bbox 491 3621 617 3668; x_wconf 89' lang='lat' dir='ltr'><strong>eorum</strong></span> <span class='ocrx_word' id='word_1_255' title='bbox 633 3596 713 3668; x_wconf 91' lang='lat' dir='ltr'><strong>luce</strong></span> <span class='ocrx_word' id='word_1_256' title='bbox 729 3594 897 3668; x_wconf 88' lang='lat' dir='ltr'><strong>animalia</strong></span> <span class='ocrx_word' id='word_1_257' title='bbox 913 3593 1080 3667; x_wconf 88' lang='lat' dir='ltr'><strong>solatium</strong></span> <span class='ocrx_word' id='word_1_258' title='bbox 1096 3593 1271 3684; x_wconf 88' lang='lat' dir='ltr'><strong>habeant,</strong></span> <span class='ocrx_word' id='word_1_259' title='bbox 1299 3617 1346 3665; x_wconf 92' lang='lat' dir='ltr'><strong>ne</strong></span> <span class='ocrx_word' id='word_1_260' title='bbox 1361 3593 1462 3691; x_wconf 86' lang='lat' dir='ltr'><strong>quasi</strong></span> <span class='ocrx_word' id='word_1_261' title='bbox 1482 3615 1575 3664; x_wconf 85' lang='lat' dir='ltr'><strong>eaeca</strong></span> <span class='ocrx_word' id='word_1_262' title='bbox 1598 3591 1767 3664; x_wconf 87' lang='lat' dir='ltr'><strong>oberrent</strong></span> <span class='ocrx_word' id='word_1_263' title='bbox 1787 3593 1825 3663; x_wconf 91' lang='lat' dir='ltr'><strong>in</strong></span> <span class='ocrx_word' id='word_1_264' title='bbox 1846 3591 2017 3678; x_wconf 86' lang='lat' dir='ltr'><strong>tenebris,</strong></span> 
     </span>
     <span class='ocr_line' id='line_1_26' title="bbox 438 3713 1440 3814; baseline -0.002 -27"><span class='ocrx_word' id='word_1_265' title='bbox 438 3731 478 3788; x_wconf 88' lang='lat' dir='ltr'><strong>ut</strong></span> <span class='ocrx_word' id='word_1_266' title='bbox 494 3730 531 3787; x_wconf 90' lang='lat' dir='ltr'><strong>st</strong></span> <span class='ocrx_word' id='word_1_267' title='bbox 547 3713 717 3788; x_wconf 88' lang='lat' dir='ltr'><strong>alimenta</strong></span> <span class='ocrx_word' id='word_1_268' title='bbox 734 3739 797 3787; x_wconf 90' lang='lat' dir='ltr'><strong>sua</strong></span> <span class='ocrx_word' id='word_1_269' title='bbox 815 3716 943 3811; x_wconf 87' lang='lat' dir='ltr'><strong>eligere</strong></span> <span class='ocrx_word' id='word_1_270' title='bbox 960 3715 1112 3814; x_wconf 91' lang='lat' dir='ltr'><strong>possint.</strong></span> <span class='ocrx_word' id='word_1_271' title='bbox 1437 3793 1440 3802; x_wconf 32' lang='lat'><strong>,</strong></span> 
     </span>
    </p>

    <p class='ocr_par' dir='ltr' id='par_1_6' title="bbox 411 3829 2020 4154">
     <span class='ocr_line' id='line_1_27' title="bbox 488 3829 2018 3931; baseline 0 -30"><span class='ocrx_word' id='word_1_272' title='bbox 488 3863 506 3902; x_wconf 74' lang='lat' dir='ltr'><strong>a</strong></span> <span class='ocrx_word' id='word_1_273' title='bbox 520 3839 562 3906; x_wconf 86' lang='lat' dir='ltr'><strong>ln</strong></span> <span class='ocrx_word' id='word_1_274' title='bbox 579 3833 806 3907; x_wconf 88' lang='lat' dir='ltr'><strong>firmamento</strong></span> <span class='ocrx_word' id='word_1_275' title='bbox 823 3835 915 3907; x_wconf 86' lang='lat' dir='ltr'><strong>coeli.</strong></span> <span class='ocrx_word' id='word_1_276' title='bbox 936 3864 954 3903; x_wconf 80' lang='lat' dir='ltr'><strong>n</strong></span> <span class='ocrx_word' id='word_1_277' title='bbox 974 3834 1199 3908; x_wconf 78' lang='lat' dir='ltr'><strong>intransitive</strong></span> <span class='ocrx_word' id='word_1_278' title='bbox 1219 3833 1319 3931; x_wconf 91' lang='lat' dir='ltr'><strong>quod</strong></span> <span class='ocrx_word' id='word_1_279' title='bbox 1341 3832 1535 3904; x_wconf 88' lang='lat' dir='ltr'><strong>novissime</strong></span> <span class='ocrx_word' id='word_1_280' title='bbox 1557 3829 1687 3903; x_wconf 88' lang='lat' dir='ltr'><strong>coelum</strong></span> <span class='ocrx_word' id='word_1_281' title='bbox 1707 3844 1762 3902; x_wconf 90' lang='lat' dir='ltr'><strong>est</strong></span> <span class='ocrx_word' id='word_1_282' title='bbox 1783 3829 2018 3928; x_wconf 85' lang='lat' dir='ltr'><strong>appellatum,</strong></span> 
     </span>
     <span class='ocr_line' id='line_1_28' title="bbox 437 3948 2020 4054; baseline -0.004 -28"><span class='ocrx_word' id='word_1_283' title='bbox 437 3955 554 4052; x_wconf 85' lang='lat' dir='ltr'><strong>aquis,</strong></span> <span class='ocrx_word' id='word_1_284' title='bbox 574 3969 613 4025; x_wconf 91' lang='lat' dir='ltr'><strong>ut</strong></span> <span class='ocrx_word' id='word_1_285' title='bbox 629 3953 766 4026; x_wconf 87' lang='lat' dir='ltr'><strong>dictum</strong></span> <span class='ocrx_word' id='word_1_286' title='bbox 787 3969 857 4044; x_wconf 92' lang='lat' dir='ltr'><strong>est,</strong></span> <span class='ocrx_word' id='word_1_287' title='bbox 876 3954 1145 4054; x_wconf 87' lang='lat' dir='ltr'><strong>interpositum,</strong></span> <span class='ocrx_word' id='word_1_288' title='bbox 1166 3969 1201 4026; x_wconf 90' lang='lat' dir='ltr'><strong>et</strong></span> <span class='ocrx_word' id='word_1_289' title='bbox 1217 3952 1263 4026; x_wconf 90' lang='lat' dir='ltr'><strong>ab</strong></span> <span class='ocrx_word' id='word_1_290' title='bbox 1279 3952 1346 4025; x_wconf 91' lang='lat' dir='ltr'><strong>illis</strong></span> <span class='ocrx_word' id='word_1_291' title='bbox 1364 3952 1487 4050; x_wconf 89' lang='lat' dir='ltr'><strong>aquis,</strong></span> <span class='ocrx_word' id='word_1_292' title='bbox 1510 3973 1600 4048; x_wconf 92' lang='lat' dir='ltr'><strong>quas</strong></span> <span class='ocrx_word' id='word_1_293' title='bbox 1620 3949 1783 4048; x_wconf 88' lang='lat' dir='ltr'><strong>superius</strong></span> <span class='ocrx_word' id='word_1_294' title='bbox 1803 3948 1944 4040; x_wconf 83' lang='lat' dir='ltr'><strong>firmat,</strong></span> <span class='ocrx_word' id='word_1_295' title='bbox 1963 3949 2020 4020; x_wconf 90' lang='lat' dir='ltr'><strong>fir·</strong></span> 
     </span>
     <span class='ocr_line' id='line_1_29' title="bbox 411 4076 827 4154; baseline -0.012 -2"><span class='ocrx_word' id='word_1_296' title='bbox 411 4141 419 4154; x_wconf 84' lang='lat'><em>,</em></span> <span class='ocrx_word' id='word_1_297' title='bbox 437 4091 660 4149; x_wconf 87' lang='lat' dir='ltr'><strong>mamentum</strong></span> <span class='ocrx_word' id='word_1_298' title='bbox 677 4076 827 4148; x_wconf 90' lang='lat' dir='ltr'><strong>dictum.</strong></span> 
     </span>
    </p>

    <p class='ocr_par' dir='ltr' id='par_1_7' title="bbox 435 4189 2022 4536">
     <span class='ocr_line' id='line_1_30' title="bbox 486 4189 2022 4294; baseline -0.003 -28"><span class='ocrx_word' id='word_1_299' title='bbox 486 4229 504 4268; x_wconf 78' lang='lat' dir='ltr'><strong>a</strong></span> <span class='ocrx_word' id='word_1_300' title='bbox 524 4203 569 4271; x_wconf 88' lang='lat' dir='ltr'><strong>Et</strong></span> <span class='ocrx_word' id='word_1_301' title='bbox 584 4196 760 4271; x_wconf 89' lang='lat' dir='ltr'><strong>dividant.</strong></span> <span class='ocrx_word' id='word_1_302' title='bbox 783 4227 800 4265; x_wconf 78' lang='lat' dir='ltr'><strong>u</strong></span> <span class='ocrx_word' id='word_1_303' title='bbox 829 4195 882 4268; x_wconf 76' lang='lat' dir='ltr'><strong>td</strong></span> <span class='ocrx_word' id='word_1_304' title='bbox 903 4219 992 4294; x_wconf 88' lang='lat' dir='ltr'><strong>quas</strong></span> <span class='ocrx_word' id='word_1_305' title='bbox 1012 4195 1180 4268; x_wconf 88' lang='lat' dir='ltr'><strong>utilitates</strong></span> <span class='ocrx_word' id='word_1_306' title='bbox 1207 4193 1295 4266; x_wconf 90' lang='lat' dir='ltr'><strong>fiant</strong></span> <span class='ocrx_word' id='word_1_307' title='bbox 1319 4193 1465 4292; x_wconf 85' lang='lat' dir='ltr'><strong>exponit</strong></span> <span class='ocrx_word' id='word_1_308' title='bbox 1485 4220 1493 4264; x_wconf 92' lang='lat'><strong>:</strong></span> <span class='ocrx_word' id='word_1_309' title='bbox 1513 4192 1632 4290; x_wconf 91' lang='lat' dir='ltr'><strong>primo</strong></span> <span class='ocrx_word' id='word_1_310' title='bbox 1658 4189 1705 4263; x_wconf 90' lang='lat' dir='ltr'><strong>ad</strong></span> <span class='ocrx_word' id='word_1_311' title='bbox 1730 4189 2022 4286; x_wconf 83' lang='lat' dir='ltr'><strong>distinguendum</strong></span> 
     </span>
     <span class='ocr_line' id='line_1_31' title="bbox 435 4311 2022 4416; baseline -0.007 -23"><span class='ocrx_word' id='word_1_312' title='bbox 435 4345 500 4393; x_wconf 91' lang='lat' dir='ltr'><strong>sua</strong></span> <span class='ocrx_word' id='word_1_313' title='bbox 517 4317 777 4391; x_wconf 90' lang='lat' dir='ltr'><strong>illuminatione</strong></span> <span class='ocrx_word' id='word_1_314' title='bbox 794 4318 965 4391; x_wconf 93' lang='lat' dir='ltr'><strong>diurnum</strong></span> <span class='ocrx_word' id='word_1_315' title='bbox 985 4333 1127 4416; x_wconf 91' lang='lat' dir='ltr'><strong>tempus</strong></span> <span class='ocrx_word' id='word_1_316' title='bbox 1148 4339 1190 4388; x_wconf 87' lang='lat' dir='ltr'><strong>ac</strong></span> <span class='ocrx_word' id='word_1_317' title='bbox 1208 4329 1440 4387; x_wconf 89' lang='lat' dir='ltr'><strong>nocturnum.</strong></span> <span class='ocrx_word' id='word_1_318' title='bbox 1465 4313 1642 4384; x_wconf 86' lang='lat' dir='ltr'><strong>Diurnum</strong></span> <span class='ocrx_word' id='word_1_319' title='bbox 1664 4311 1799 4412; x_wconf 91' lang='lat' dir='ltr'><strong>quippe</strong></span> <span class='ocrx_word' id='word_1_320' title='bbox 1810 4325 1956 4411; x_wconf 85' lang='lat' dir='ltr'><strong>&#39;tempus</strong></span> <span class='ocrx_word' id='word_1_321' title='bbox 1971 4325 2022 4382; x_wconf 87' lang='lat' dir='ltr'><strong>est</strong></span> 
     </span>
     <span class='ocr_line' id='line_1_32' title="bbox 436 4429 2021 4536; baseline -0.007 -26"><span class='ocrx_word' id='word_1_322' title='bbox 436 4436 537 4536; x_wconf 94' lang='lat' dir='ltr'><strong>quod</strong></span> <span class='ocrx_word' id='word_1_323' title='bbox 554 4438 629 4510; x_wconf 91' lang='lat' dir='ltr'><strong>sole</strong></span> <span class='ocrx_word' id='word_1_324' title='bbox 646 4437 880 4527; x_wconf 90' lang='lat' dir='ltr'><strong>illuminatur,</strong></span> <span class='ocrx_word' id='word_1_325' title='bbox 899 4437 990 4508; x_wconf 87' lang='lat' dir='ltr'><strong>sicut</strong></span> <span class='ocrx_word' id='word_1_326' title='bbox 1012 4449 1232 4507; x_wconf 89' lang='lat' dir='ltr'><strong>nocturnum</strong></span> <span class='ocrx_word' id='word_1_327' title='bbox 1253 4433 1353 4532; x_wconf 89' lang='lat' dir='ltr'><strong>quod</strong></span> <span class='ocrx_word' id='word_1_328' title='bbox 1378 4433 1465 4505; x_wconf 84' lang='lat' dir='ltr'><strong>luna</strong></span> <span class='ocrx_word' id='word_1_329' title='bbox 1485 4445 1521 4504; x_wconf 87' lang='lat' dir='ltr'><strong>et</strong></span> <span class='ocrx_word' id='word_1_330' title='bbox 1545 4430 1721 4504; x_wconf 81' lang='lat' dir='ltr'><strong>sideribus</strong></span> <span class='ocrx_word' id='word_1_331' title='bbox 1740 4429 1950 4518; x_wconf 85' lang='lat' dir='ltr'><strong>illustratur,</strong></span> <span class='ocrx_word' id='word_1_332' title='bbox 1967 4429 2021 4500; x_wconf 89' lang='lat' dir='ltr'><strong>vel</strong></span> 
     </span>
    </p>
   </div>
   <div class='ocr_carea' id='block_1_5' title="bbox 433 4555 2023 5261">
    <p class='ocr_par' dir='ltr' id='par_1_8' title="bbox 436 4555 923 4629">
     <span class='ocr_line' id='line_1_33' title="bbox 436 4555 923 4629; baseline 0 -1"><span class='ocrx_word' id='word_1_333' title='bbox 436 4556 520 4628; x_wconf 91' lang='lat' dir='ltr'><strong>solis</strong></span> <span class='ocrx_word' id='word_1_334' title='bbox 536 4555 798 4628; x_wconf 90' lang='lat' dir='ltr'><strong>illuminatione</strong></span> <span class='ocrx_word' id='word_1_335' title='bbox 814 4569 923 4629; x_wconf 90' lang='lat' dir='ltr'><strong>caret.</strong></span> 
     </span>
    </p>

    <p class='ocr_par' dir='ltr' id='par_1_9' title="bbox 433 4667 2023 5261">
     <span class='ocr_line' id='line_1_34' title="bbox 486 4667 2023 4774; baseline -0.003 -30"><span class='ocrx_word' id='word_1_336' title='bbox 486 4681 573 4749; x_wconf 84' lang='lat' dir='ltr'><strong>«Et</strong></span> <span class='ocrx_word' id='word_1_337' title='bbox 599 4679 713 4773; x_wconf 86' lang='lat' dir='ltr'><strong>signa.</strong></span> <span class='ocrx_word' id='word_1_338' title='bbox 739 4705 757 4744; x_wconf 80' lang='lat' dir='ltr'><strong>n</strong></span> <span class='ocrx_word' id='word_1_339' title='bbox 788 4681 868 4749; x_wconf 91' lang='lat' dir='ltr'><strong>Non</strong></span> <span class='ocrx_word' id='word_1_340' title='bbox 895 4701 974 4774; x_wconf 88' lang='lat' dir='ltr'><strong>quae</strong></span> <span class='ocrx_word' id='word_1_341' title='bbox 1002 4674 1168 4748; x_wconf 87' lang='lat' dir='ltr'><strong>vanitatis</strong></span> <span class='ocrx_word' id='word_1_342' title='bbox 1204 4689 1256 4746; x_wconf 88' lang='lat' dir='ltr'><strong>est</strong></span> <span class='ocrx_word' id='word_1_343' title='bbox 1286 4671 1497 4762; x_wconf 88' lang='lat' dir='ltr'><strong>observare,</strong></span> <span class='ocrx_word' id='word_1_344' title='bbox 1525 4672 1617 4743; x_wconf 86' lang='lat' dir='ltr'><strong>sicut</strong></span> <span class='ocrx_word' id='word_1_345' title='bbox 1649 4671 1686 4740; x_wconf 92' lang='lat' dir='ltr'><strong>in</strong></span> <span class='ocrx_word' id='word_1_346' title='bbox 1717 4667 1886 4767; x_wconf 81' lang='lat' dir='ltr'><strong>auspiciis</strong></span> <span class='ocrx_word' id='word_1_347' title='bbox 1916 4683 2023 4765; x_wconf 84' lang='lat' dir='ltr'><strong>atque</strong></span> 
     </span>
     <span class='ocr_line' id='line_1_35' title="bbox 435 4779 2021 4894; baseline -0.007 -26"><span class='ocrx_word' id='word_1_348' title='bbox 435 4798 613 4892; x_wconf 87' lang='lat' dir='ltr'><strong>auguriis,</strong></span> <span class='ocrx_word' id='word_1_349' title='bbox 647 4796 711 4869; x_wconf 90' lang='lat' dir='ltr'><strong>sed</strong></span> <span class='ocrx_word' id='word_1_350' title='bbox 744 4798 782 4869; x_wconf 91' lang='lat' dir='ltr'><strong>in</strong></span> <span class='ocrx_word' id='word_1_351' title='bbox 813 4795 988 4894; x_wconf 90' lang='lat' dir='ltr'><strong>quasdam</strong></span> <span class='ocrx_word' id='word_1_352' title='bbox 1017 4779 1197 4868; x_wconf 84' lang='lat' dir='ltr'><strong>naturales</strong></span> <span class='ocrx_word' id='word_1_353' title='bbox 1234 4794 1457 4866; x_wconf 87' lang='lat' dir='ltr'><strong>ostensiones</strong></span> <span class='ocrx_word' id='word_1_354' title='bbox 1489 4791 1692 4863; x_wconf 88' lang='lat' dir='ltr'><strong>futurorum</strong></span> <span class='ocrx_word' id='word_1_355' title='bbox 1721 4802 1920 4860; x_wconf 87' lang='lat' dir='ltr'><strong>eventuum</strong></span> <span class='ocrx_word' id='word_1_356' title='bbox 1949 4788 2021 4860; x_wconf 90' lang='lat' dir='ltr'><strong>sive</strong></span> 
     </span>
     <span class='ocr_line' id='line_1_36' title="bbox 433 4907 2019 5018; baseline -0.004 -32"><span class='ocrx_word' id='word_1_357' title='bbox 433 4918 674 5016; x_wconf 86' lang='lat' dir='ltr'><strong>praesentium.</strong></span> <span class='ocrx_word' id='word_1_358' title='bbox 722 4923 842 4992; x_wconf 87' lang='lat' dir='ltr'><strong>Nautae</strong></span> <span class='ocrx_word' id='word_1_359' title='bbox 884 4921 1020 5018; x_wconf 90' lang='lat' dir='ltr'><strong>quippe</strong></span> <span class='ocrx_word' id='word_1_360' title='bbox 1064 4916 1222 4989; x_wconf 90' lang='lat' dir='ltr'><strong>siderum</strong></span> <span class='ocrx_word' id='word_1_361' title='bbox 1260 4916 1483 5016; x_wconf 89' lang='lat' dir='ltr'><strong>inspectione</strong></span> <span class='ocrx_word' id='word_1_362' title='bbox 1519 4913 1566 4986; x_wconf 85' lang='lat' dir='ltr'><strong>ad</strong></span> <span class='ocrx_word' id='word_1_363' title='bbox 1605 4935 1694 5011; x_wconf 85' lang='lat' dir='ltr'><strong>quas</strong></span> <span class='ocrx_word' id='word_1_364' title='bbox 1733 4925 1855 5008; x_wconf 81' lang='lat' dir='ltr'><strong>partes</strong></span> <span class='ocrx_word' id='word_1_365' title='bbox 1895 4907 2019 5010; x_wconf 83' lang='lat' dir='ltr'><strong>mundi</strong></span> 
     </span>
     <span class='ocr_line' id='line_1_37' title="bbox 433 5031 2018 5137; baseline -0.005 -27"><span class='ocrx_word' id='word_1_366' title='bbox 433 5039 593 5112; x_wconf 92' lang='lat' dir='ltr'><strong>ferantur</strong></span> <span class='ocrx_word' id='word_1_367' title='bbox 617 5065 833 5137; x_wconf 91' lang='lat' dir='ltr'><strong>cognoscere</strong></span> <span class='ocrx_word' id='word_1_368' title='bbox 860 5041 998 5131; x_wconf 88' lang='lat' dir='ltr'><strong>solent,</strong></span> <span class='ocrx_word' id='word_1_369' title='bbox 1017 5056 1053 5112; x_wconf 91' lang='lat' dir='ltr'><strong>et</strong></span> <span class='ocrx_word' id='word_1_370' title='bbox 1072 5038 1118 5112; x_wconf 94' lang='lat' dir='ltr'><strong>de</strong></span> <span class='ocrx_word' id='word_1_371' title='bbox 1143 5036 1409 5111; x_wconf 89' lang='lat' dir='ltr'><strong>commutandis</strong></span> <span class='ocrx_word' id='word_1_372' title='bbox 1438 5033 1659 5134; x_wconf 88' lang='lat' dir='ltr'><strong>temporibus</strong></span> <span class='ocrx_word' id='word_1_373' title='bbox 1685 5032 1798 5105; x_wconf 89' lang='lat' dir='ltr'><strong>multa</strong></span> <span class='ocrx_word' id='word_1_374' title='bbox 1822 5031 1955 5105; x_wconf 88' lang='lat' dir='ltr'><strong>indicia</strong></span> <span class='ocrx_word' id='word_1_375' title='bbox 1978 5052 2018 5102; x_wconf 75' lang='lat' dir='ltr'><strong>er</strong></span> 
     </span>
     <span class='ocr_line' id='line_1_38' title="bbox 433 5153 2016 5261; baseline -0.006 -27"><span class='ocrx_word' id='word_1_376' title='bbox 433 5159 509 5234; x_wconf 88' lang='lat' dir='ltr'><strong>sole</strong></span> <span class='ocrx_word' id='word_1_377' title='bbox 532 5174 567 5232; x_wconf 90' lang='lat' dir='ltr'><strong>et</strong></span> <span class='ocrx_word' id='word_1_378' title='bbox 589 5157 676 5234; x_wconf 85' lang='lat' dir='ltr'><strong>luna</strong></span> <span class='ocrx_word' id='word_1_379' title='bbox 691 5159 748 5234; x_wconf 91' lang='lat' dir='ltr'><strong>vel</strong></span> <span class='ocrx_word' id='word_1_380' title='bbox 763 5161 939 5234; x_wconf 90' lang='lat' dir='ltr'><strong>sideribus</strong></span> <span class='ocrx_word' id='word_1_381' title='bbox 963 5161 1166 5261; x_wconf 90' lang='lat' dir='ltr'><strong>capiuntur,</strong></span> <span class='ocrx_word' id='word_1_382' title='bbox 1184 5183 1298 5259; x_wconf 92' lang='lat' dir='ltr'><strong>quum</strong></span> <span class='ocrx_word' id='word_1_383' title='bbox 1323 5157 1435 5232; x_wconf 92' lang='lat' dir='ltr'><strong>modo</strong></span> <span class='ocrx_word' id='word_1_384' title='bbox 1457 5157 1602 5230; x_wconf 87' lang='lat' dir='ltr'><strong>alterius</strong></span> <span class='ocrx_word' id='word_1_385' title='bbox 1628 5154 1759 5230; x_wconf 88' lang='lat' dir='ltr'><strong>coloris</strong></span> <span class='ocrx_word' id='word_1_386' title='bbox 1784 5154 1841 5228; x_wconf 92' lang='lat' dir='ltr'><strong>vel</strong></span> <span class='ocrx_word' id='word_1_387' title='bbox 1866 5153 2016 5238; x_wconf 85' lang='lat' dir='ltr'><strong>caloris,</strong></span> 
     </span>
    </p>
   </div>
   <div class='ocr_carea' id='block_1_6' title="bbox 0 0 2266 6103">
    <p class='ocr_par' dir='ltr' id='par_1_10' title="bbox 0 0 2266 6103">
     <span class='ocr_line' id='line_1_39' title="bbox 0 0 2266 6103; baseline 0 0"><span class='ocrx_word' id='word_1_388' title='bbox 0 0 2266 6103; x_wconf 95' lang='lat' dir='ltr'><strong> </strong></span> 
     </span>
    </p>
   </div>
  </div>
 </body>
</html>
