4588 6106
890 691 1123 764 urtstotAE.
1732 697 1801 765 tut

226 833 300 905 cit?
317 835 354 903 si
371 831 600 930 pontificibus
617 835 718 930 ipsis,
740 849 775 904 et
794 833 954 905 Ecclesiae
975 849 1103 906 sanctae
1122 833 1334 924 rectoribus,
1359 837 1387 905 si
1407 834 1563 931 denique
1583 835 1803 906 monasteriis

226 951 437 1023 clericorum
456 953 532 1022 sine
552 949 686 1023 offensa
698 951 864 1024 carnibus
880 953 985 1023 etiam
1000 953 1093 1022 vesci
1111 951 1206 1039 licet,
1226 955 1308 1050 quia
1328 953 1423 1024 nulla
1442 955 1574 1026 scilicet
1586 951 1803 1051 professione

226 1071 273 1142 ab
291 1073 340 1143 eis
357 1071 569 1167 religantur3
590 1072 670 1166 quis
691 1070 755 1142 has
775 1071 894 1169 culpet
916 1071 1055 1142 leminis
1077 1071 1271 1167 indulgeri,
1294 1074 1446 1144 maxime
1466 1075 1495 1143 si
1518 1074 1553 1142 in
1572 1073 1704 1144 caeteris
1728 1096 1803 1141 rna·

224 1192 340 1286 jurem
358 1191 509 1264 tolerent
519 1191 799 1263 districtionem?
814 1191 948 1263 Sufficit
965 1193 1097 1290 quippe
1114 1191 1288 1290 discipulo
1303 1207 1341 1263 ut
1354 1195 1397 1263 sit
1410 1193 1498 1264 sicut
1516 1195 1679 1290 magister
1694 1193 1769 1286 ejus
1781 1197 1802 1278 ¹,

227 1328 261 1382 et
280 1337 406 1409 magna
426 1311 567 1383 videtur
590 1307 796 1401 credulitas,
825 1314 853 1382 si
876 1312 973 1409 quod
1000 1312 1220 1382 monasteriis
1244 1312 1453 1384 clericorum
1480 1313 1701 1409 indulgetur,
1721 1337 1804 1386 mc·

227 1433 385 1503 nasteriis
407 1431 617 1503 feminarum
635 1430 877 1529 prohibeatur.
895 1437 966 1504 Nec
979 1455 1127 1530 parvum
1147 1433 1252 1503 etiam
1271 1433 1515 1504 aestimandum
1535 1450 1603 1523 est,
1620 1436 1649 1504 si
1667 1433 1804 1503 feminae

225 1573 337 1647 quum
357 1566 481 1622 caetera
505 1551 708 1622 monasterii
724 1551 960 1641 districtione,
982 1554 1017 1621 in
1038 1550 1106 1622 hac
1126 1577 1195 1623 una
1213 1553 1371 1623 carnium
1395 1553 1613 1650 indulgentia
1636 1553 1803 1649 religione

226 1671 382 1744 fidelium
397 1671 567 1744 laicorum
581 1669 763 1744 inferiores
776 1697 849 1744 non
864 1673 955 1763 sint3
970 1674 1161 1778 praesertim
1172 1697 1303 1770 quum,
1318 1673 1666 1770 testeChrysostomo
1677 1677 1700 1760 ²,
1715 1674 1804 1744 nihil

225 1792 303 1864 licet
324 1791 555 1882 secularibus,
574 1791 673 1890 quod
691 1816 764 1863 non
782 1792 883 1864 liceat
906 1793 1107 1881 monachis,
1134 1809 1281 1891 excepto
1306 1793 1545 1865 concumbere
1563 1807 1700 1864 tanturn
1720 1817 1802 1862 cum

226 1935 346 1982 uxore.
366 1915 490 1982 Beatus
507 1935 652 2009 quoque
672 1911 907 2007 Hieronymus
926 1909 1134 1982 clericorum
1153 1911 1360 2008 religionem
1378 1937 1454 2014 uon
1472 1911 1675 1982 inferiorem
1697 1937 1804 2008 quam

226 2029 485 2102 monachorum
503 2012 689 2126 judicans,
711 2031 801 2101 ait³z
822 2033 964 2117 «Quasi
983 2031 1156 2127 quidquid
1175 2031 1210 2100 in
1230 2031 1426 2102 monachos
1443 2030 1572 2102 dicitur
1586 2055 1660 2102 non
1673 2033 1804 2104 redun-

225 2151 285 2221 det
309 2152 347 2220 in
373 2150 538 2242 clericos,
570 2152 631 2247 qui
661 2165 742 2222 sunt
769 2165 885 2248 patres
910 2149 1219 2222 monachorum.»
1244 2151 1332 2237 Quis
1356 2151 1461 2220 etiam
1489 2152 1627 2246 ignoret
1656 2154 1804 2223 omnino

225 2269 427 2340 discretioni
446 2270 664 2342 contrarium
688 2293 781 2358 esse,
803 2269 833 2338 si
849 2283 946 2340 tauta
964 2268 1139 2342 debilibus
1159 2284 1291 2365 quanta
1310 2268 1458 2340 fortibus
1470 2269 1807 2367 imponanturone·

226 2387 450 2460 minitante
471 2389 610 2461 leminis
633 2404 765 2486 quanta
784 2391 867 2459 viris
891 2389 1093 2485 injungatur
1116 2389 1352 2460 abstinentia?
1372 2393 1424 2461 De
1447 2414 1520 2486 quo
1541 2391 1645 2462 etiam
1671 2393 1699 2462 si
1726 2395 1805 2488 quis

224 2531 329 2605 supra
347 2510 464 2606 ipsum
482 2524 614 2580 naturae
632 2509 888 2580 documentum
907 2510 1152 2588 auctoritatem
1169 2509 1348 2606 efflagitet,
1369 2509 1512 2580 beatum
1535 2535 1678 2608 quoque
1701 2539 1806 2611 super

224 2627 294 2698 boc
306 2631 518 2725 Gregorium
539 2629 712 2701 consulat.
733 2631 797 2701 llic
818 2630 951 2729 qnippe
970 2653 1119 2727 magnus
1143 2631 1304 2704 Ecclesia
1322 2646 1395 2703 tam
1418 2647 1533 2702 rector
1551 2655 1659 2728 quam
1680 2631 1807 2704 doctor

225 2747 269 2818 de
286 2745 357 2818 buc
374 2773 519 2845 quoque
536 2763 679 2820 caeteros
700 2749 858 2821 Ecclesiae
877 2750 1042 2822 doctores
1071 2735 1270 2846 diligenter
1282 2749 1478 2838 instruens,
1506 2749 1585 2821 libri
1609 2754 1806 2825 Pastorulr's

223 2865 379 2963 capitulo
405 2871 528 2954 xxrv‘,
557 2869 603 2939 ita
630 2869 791 2940 meminit
807 2896 822 2952 :¹
836 2899 853 2936 a
871 2867 975 2940 Aliter
997 2869 1102 2965 igitur
1126 2867 1345 2940 admonendi
1366 2884 1449 2939 sunt
1466 2869 1554 2956 viri,
1578 2884 1683 2966 atque
1705 2871 1805 2941 aliter

225 2986 364 3059 feminae
381 3017 388 3058 :
405 2990 487 3084 quia
517 2989 584 3060 illis
609 2991 748 3086 grauiam
779 2989 854 3060 istis
883 3014 968 3061 vero
999 3003 1082 3061 sunt
1111 2989 1327 3086 injungenda
1345 2988 1499 3077 leviora3
1528 3005 1562 3061 et
1582 2990 1660 3061 illos
1679 3015 1805 3088 magna

226 3122 433 3198 exerceant,
458 3109 541 3180 istas
563 3131 649 3181 vero
673 3107 762 3182 levia
790 3109 1029 3181 demulcendo
1054 3123 1273 3181 convertant.
1298 3113 1387 3196 ‘Quae
1407 3109 1501 3180 enirn
1526 3135 1632 3208 parva
1656 3125 1739 3181 sunt
1768 3114 1803 3182 in

226 3228 394 3317 sortibus,
415 3253 541 3327 magna
559 3245 767 3328 reputantur
790 3231 823 3300 in
849 3228 1068 3300 debilibus.»
1086 3230 1257 3316 Quamvis
1271 3227 1348 3299 haec
1364 3253 1508 3326 quoque
1528 3229 1648 3300 vilium
1666 3229 1805 3302 licentia

225 3347 385 3419 carnium
407 3351 524 3422 minus
543 3350 670 3422 babeat
688 3349 938 3422 oblectamenti
956 3373 1064 3446 qtram
1081 3350 1164 3446 ipsae
1181 3349 1329 3445 piscium
1350 3348 1405 3419 vel
1419 3341 1537 3420 avitim
1554 3373 1700 3438 carnes,
1720 3373 1808 3447 qrras

227 3469 373 3540 minime
397 3483 515 3542 tamen
538 3469 641 3542 nobis
666 3469 790 3542 beatus
813 3468 989 3542 interdicit
1016 3468 1236 3540 Benedictus.
1258 3471 1310 3539 De
1328 3467 1457 3564 quibus
1474 3470 1579 3540 etiam
1600 3468 1806 3566 Apostolus,

225 3613 338 3683 quum
350 3590 505 3663 diversas
522 3591 655 3688 species
669 3590 783 3661 carnis
800 3589 1030 3686 distingueret
1047 3615 1054 3658 ε
1075 3619 1091 3656 u
1105 3593 1184 3659 Non
1199 3589 1333 3678 omnis,
1349 3615 1366 3654 u
1382 3589 1496 3684 inquit
1507 3593 1532 3678 ⁵,
1553 3617 1571 3656 «
1584 3613 1668 3659 caro
1682 3589 1806 3660 eadem

226 3731 324 3797 caro,
346 3711 408 3781 sed
426 3711 494 3782 alia
513 3711 720 3798 bominum,
746 3709 813 3781 alia
839 3733 1031 3807 pecorum,
1059 3707 1126 3779 alia
1146 3708 1350 3798 volucrum,
1376 3707 1442 3778 alia
1469 3709 1630 3804 piscium.
1650 3737 1667 3774 u
1684 3711 1726 3778 Et
1744 3734 1809 3806 pe-

226 3853 350 3902 corum
369 3831 515 3929 quidem
533 3813 567 3904 et
587 3833 705 3903 avium
729 3856 852 3902 carnes
873 3834 907 3902 in
927 3829 1097 3902 sacrificio
1116 3830 1261 3901 Domini
1283 3829 1338 3901 lex
1357 3831 1478 3927 ponit;
1505 3830 1618 3925 pisces
1641 3853 1726 3900 vero
1745 3855 1807 3900 ne·

225 3973 403 4048 quaquam
421 3977 429 4020 ε
452 3966 490 4022 ut
511 3976 619 4023 nemo
639 3951 790 4050 piscium
809 3975 909 4022 esum
928 3950 1155 4020 mundiorem
1173 3953 1250 4021 Deo
1268 3973 1376 4045 quam
1398 3950 1558 4021 carnium
1584 3950 1714 4020 credat.
1736 3953 1807 4036 Qui

222 4069 327 4140 etiam
349 4085 449 4141 tanto
465 4085 517 4141 est
534 4071 721 4141 onerosior
739 4069 936 4167 paupertati
954 4068 1008 4139 vel
1029 4068 1155 4152 carior,
1177 4082 1311 4165 quanto
1331 4069 1478 4166 piscium
1500 4069 1617 4139 minor
1633 4082 1685 4138 est
1704 4070 1807 4166 copia

222 4209 330 4282 quam
360 4191 543 4274 carnium,
571 4204 605 4260 et
633 4189 751 4260 minus
778 4187 956 4259 infirmam
984 4186 1192 4258 corroborat
1219 4201 1403 4276 naturam3
1433 4201 1471 4257 ut
1498 4187 1533 4258 in
1560 4187 1671 4257 altero
1695 4190 1805 4281 magis

224 4323 364 4401 gravet,
387 4310 423 4380 in
446 4309 557 4381 altero
574 4310 683 4406 magis
701 4307 896 4380 subveniat.
918 4311 991 4378 Nos
1013 4307 1132 4404 itaque
1155 4306 1303 4377 lortunae
1320 4307 1451 4404 pariter
1471 4319 1505 4376 et
1528 4322 1661 4377 naturae
1684 4305 1807 4375 homi-

225 4451 311 4498 num
327 4427 570 4518 consulentes,
598 4427 685 4498 nihil
706 4429 740 4498 in
761 4427 955 4517 alimentis,
982 4442 1022 4497 ut
1044 4427 1217 4515 diximuS,
1239 4425 1305 4496 nisi
1324 4425 1602 4523 superfluitatem
1627 4425 1806 4495 interdici-

224 4569 314 4618 mus.
349 4553 469 4644 lpsum
498 4549 615 4646 itaque
641 4547 801 4618 carnium
828 4547 901 4617 sive
925 4559 1133 4617 caeteromm
1161 4569 1261 4616 esum
1286 4560 1544 4642 temperamus,
1574 4558 1613 4612 ut
1640 4542 1806 4613 omnibus

224 4669 415 4758 concessu,
434 4667 547 4764 major
565 4667 609 4738 sit
626 4666 838 4738 abstinentia
859 4663 1086 4756 monialium,
1103 4688 1211 4762 quam
1229 4663 1443 4761 quibusdam
1458 4663 1673 4752 interdictis,
1695 4661 1806 4732 modo

224 4785 265 4855 sit
284 4785 558 4857 monachorum.
580 4785 689 4881 lgitur
706 4785 823 4884 ipsum
837 4807 981 4881 quoque
1000 4783 1160 4856 carnium
1176 4805 1276 4854 esum
1292 4783 1340 4854 ita
1358 4783 1547 4880 temperari
1562 4781 1747 4869 volumus,
1770 4795 1808 4851 ut

226 4927 297 4975 non
319 4906 470 5004 amplius
493 4931 602 5003 quam
625 4904 733 4978 semel
761 4905 796 4974 in
822 4903 881 4975 die
905 4916 1046 4973 sumant
1058 4956 1068 4994 ,
1089 4927 1156 4974 nec
1178 4901 1316 4974 diversa
1332 4889 1417 4972 inde
1435 4899 1564 4972 fercula
1586 4897 1702 4971 eidem
1729 4923 1807 4997 per-

255 5135 262 5160 ·
282 5133 385 5196 Μιιιῑι.,
399 5149 453 5200 cap.
474 5151 488 5184 1
502 5172 509 5195 ,
529 5151 551 5184 r.
574 5135 614 5185 at.
627 5161 646 5170 -
666 5089 715 5184 lla
727 5133 806 5196 Epist.
823 5135 857 5182 aa
870 5133 999 5188 Hebraeos,
1033 5147 1060 5196 p.
1069 5129 1117 5190 ΙΙΙ,
1128 5143 1183 5198 cap.
1197 5147 1218 5191 r,
1231 5129 1292 5194 opp.
1305 5139 1323 5180 t.
1337 5128 1373 5190 ll,
1383 5128 1432 5179 col.
1446 5126 1534 5180 35.-·⁸
1545 5125 1652 5178 Carlatlt.
1663 5125 1754 5188 μαψ.
1764 5139 1806 5180 ιν,

224 5233 278 5284 etp.
293 5235 332 5280 n,
345 5218 411 5269 horn.
423 5233 454 5268 ru
466 5257 472 5276 ,
486 5219 547 5280 θρρ.
561 5229 578 5268 t.
592 5216 648 5278 xli,
667 5233 692 5284 p.
716 5215 828 5266 ttae-⁸
839 5213 916 5281 Epist.
928 5229 1000 5275 aaut,
1034 5230 1057 5265 r.
1073 5216 1113 5264 39.
1660 5237 1663 5244 ·

228 5305 260 5352 tut
277 5305 393 5361 rtrum,
409 5301 469 5364 opp.
492 5313 510 5352 t.
534 5299 573 5362 ut,
590 5303 638 5353 ccl.
654 5303 711 5352 656.
731 5329 749 5337 -
768 5299 876 5364 ‘Reque
894 5311 1001 5362 parton,
