4588 6106
902 662 1140 778 trts‘totm.
1753 667 1824 740 205

236 809 350 878 Nemo
367 828 454 876 vero
473 803 654 878 studiosus
671 820 725 877 est
742 804 779 876 in
796 804 1054 897 custodiendo,
1076 807 1144 878 nisi
1160 807 1224 904 qui
1241 805 1391 905 pavidus
1408 803 1513 878 suerit
1529 805 1567 878 in
1581 805 1821 904 suscipiendo.

235 929 278 998 Et
295 948 405 998 nemo
423 924 474 996 sic
492 908 693 1023 perseverat
713 926 751 998 in
767 941 908 1025 coepto,
930 927 1022 1000 sicut
1037 927 1099 1025 qui
1120 927 1242 1000 tardus
1260 943 1313 999 est
1335 939 1372 1000 et
1396 925 1570 1026 providus
1587 923 1635 998 ad
1653 925 1826 1028 incipien-

235 1045 335 1120 dum.
359 1051 401 1118 ln
420 1071 496 1144 quo
514 1045 662 1143 quidem
682 1059 782 1118 tanto
803 1046 1016 1120 seminarum
1031 1048 1077 1120 sit
1092 1045 1337 1146 providentia,
1352 1061 1490 1144 quanto
1502 1071 1626 1120 earum
1637 1045 1825 1122 infirmitas

236 1191 366 1266 magna
384 1168 504 1240 minus
521 1166 649 1240 tolerat
667 1191 800 1258 onera,
823 1181 859 1241 et
876 1168 996 1266 quiete
1014 1168 1208 1267 plurimum
1228 1183 1282 1242 est
1300 1167 1466 1240 fovenda.

284 1287 478 1386 Speculum
499 1289 628 1360 animm
648 1289 868 1388 Scriptorum
891 1313 1031 1362 sacram
1047 1302 1186 1362 constat
1208 1312 1303 1376 esse,
1325 1289 1362 1360 in
1380 1311 1491 1386 quam
1508 1285 1656 1384 quilibet
1672 1288 1826 1386 legendo

235 1411 377 1500 vivens,
396 1407 628 1506 intelligendo
653 1408 865 1508 proficiens,
888 1433 1030 1482 morum
1054 1433 1201 1483 suoram
1223 1408 1526 1509 pulchritudinem
1547 1411 1746 1508 cognoscit,
1767 1411 1824 1484 rel

235 1527 496 1602 deformitatem
516 1528 772 1628 deprehendit:
799 1545 840 1602 ut
863 1529 960 1602 illam
983 1529 1148 1604 videlicet
1170 1554 1319 1628 augere,
1344 1529 1439 1602 banc
1462 1528 1602 1604 studeat
1622 1553 1819 1604 removere.

235 1653 311 1722 Hoc
343 1649 448 1722 nobis
478 1650 663 1750 speculum
688 1649 812 1724 beatus
837 1673 1126 1725 commemorans
1147 1652 1341 1750 Gregorius
1369 1651 1406 1722 io
1441 1654 1470 1722 ll
1495 1649 1690 1724 Moralium
1708 1655 1717 1689 ¹
1743 1653 1819 1723 ait:

237 1771 451 1870 «Scriptura
467 1795 567 1842 sacra
585 1769 713 1844 mentis
736 1771 849 1844 oeulis
865 1774 968 1870 quasi
984 1770 1170 1869 quoddam
1192 1771 1376 1872 speculum
1394 1771 1607 1870 opponitur,
1627 1784 1668 1842 ut
1684 1771 1824 1844 interna

235 1905 356 1964 nosue
373 1889 478 1962 facies
500 1893 538 1962 in
554 1892 631 1990 ipsa
649 1890 824 1964 videatur.
845 1892 898 1964 lbi
916 1893 1049 1966 etenim
1067 1892 1161 1966 freda
1177 1893 1446 1991 cognoscimus,
1468 1891 1518 1964 ihi
1535 1889 1685 1991 pulchra
1702 1905 1824 1964 nostra

234 2009 486 2108 conspicimus.
503 2009 557 2082 lbi
572 2012 745 2084 sentimus
761 2027 936 2108 quantum
956 2011 1185 2110 proficimus,
1199 2012 1451 2110 ibiaprofectu
1470 2033 1580 2109 quarn
1597 2011 1705 2108 longe
1718 2010 1824 2084 dista·

234 2155 351 2202 mus.»
363 2131 563 2218 Quiautem
569 2131 789 2228 Scriptorum
798 2133 972 2228 conspicit
978 2157 1088 2226 quam
1099 2155 1174 2203 non
1182 2131 1356 2228 intelligit,
1371 2132 1473 2229 quasi
1488 2145 1690 2204 eecusante
1700 2131 1825 2204 oculos

235 2248 434 2349 [speculum
442 2248 471 2349 l]
482 2264 591 2336 tenet,
604 2249 641 2322 in
653 2273 728 2348 quo
740 2248 909 2347 qualis-sit
921 2271 1138 2346 cognoscere
1150 2275 1225 2322 non
1235 2251 1349 2340 valet,
1364 2274 1432 2321 nec
1443 2248 1643 2322 doctrinam
1652 2252 1777 2350 quaerit
1787 2253 1824 2325 in

235 2371 428 2470 Scriptura,
437 2369 484 2442 ad
493 2394 603 2469 qnam
614 2368 1015 2470 ipsaesttantummodo
1029 2370 1133 2460 facte,
1146 2385 1362 2466 ettanquanr
1371 2369 1492 2441 asinus
1507 2369 1707 2468 applicatur
1717 2371 1762 2443 ad
1774 2371 1825 2467 ly·
1942 2426 1945 2434 .

235 2513 323 2581 ram,
342 2490 539 2562 sicotiosus
548 2488 648 2562 sedet
657 2489 704 2562 ad
714 2490 946 2588 Scripturam,
957 2502 993 2560 et
1001 2490 1103 2586 quasi
1110 2513 1240 2586 paoem
1249 2489 1454 2588 appositum
1462 2486 1583 2581 habet,
1597 2479 1672 2586 quo
1682 2489 1826 2585 jejunus

234 2633 308 2682 non
325 2609 500 2701 reficitur,
520 2608 609 2682 dum
621 2608 771 2682 verbum
789 2609 855 2680 Dei
872 2630 939 2680 nec
955 2632 994 2680 se
1010 2633 1075 2706 per
1091 2607 1360 2704 intelligentiam
1375 2621 1605 2706 penetrante,
1627 2633 1694 2682 nec
1709 2610 1779 2682 elio
1793 2614 1825 2684 ei

141 2727 143 2736 '
234 2729 400 2802 docendo
414 2729 610 2827 frangente,
626 2728 798 2804 inutiliter
810 2727 931 2800 cibum
942 2726 1051 2800 habet
1065 2729 1128 2827 qui
1140 2728 1173 2800 ei
1185 2727 1386 2802 nullatenus
1399 2727 1557 2826 prodest.
1571 2730 1675 2802 Unde
1686 2729 1722 2802 et
1734 2735 1832 2830 Apo*

233 2849 344 2922 stolus
355 2848 620 2947 generaliterad
630 2845 1134 2948 Scriptumrumstudiumnos
1142 2847 1681 2944 adhortens¹chuaeounque,»
1692 2850 1820 2947 inquit,
1969 2903 1972 2910 «

235 2999 253 3038 r
271 2971 401 3070 scripta
417 2985 520 3062 sunt,
535 2969 582 3042 ad
600 2984 760 3043 nosbam
776 2968 979 3041 doctrinam
997 2967 1127 3066 scn'pta
1144 2982 1246 3057 sunt;
1264 2980 1303 3039 ut
1316 2990 1381 3064 per
1394 2967 1601 3065 patientiam
1614 2983 1650 3040 et
1662 2970 1824 3044 consola-

234 3092 372 3164 tionem
387 3093 649 3190 scripturarum
675 3113 776 3190 spem
794 3089 1003 3162 habeamus.
1019 3115 1038 3157 u
1058 3092 1103 3161 Et
1119 3087 1221 3160 alibi⁸
1237 3115 1245 3158 ε
1270 3117 1288 3156 n
1302 3087 1504 3186 lmplemlni
1528 3088 1660 3186 Spiritu
1675 3104 1820 3180 sancto,

232 3211 420 3312 loquentes
440 3213 701 3311 vobismetipsis
725 3213 763 3284 in
790 3211 958 3311 psalmis,
977 3225 1014 3283 et
1027 3208 1193 3306 hymnis,
1219 3224 1256 3282 et
1274 3210 1421 3282 canticis
1441 3210 1694 3308 spiritualibus.
1713 3241 1731 3280 a
1750 3212 1823 3286 Sibi

232 3333 367 3433 quippe
383 3333 439 3406 vel
456 3359 577 3406 secum
599 3333 776 3430 loquitur,
799 3333 861 3429 qni
876 3330 977 3429 quod
997 3330 1134 3431 profert
1155 3330 1333 3428 intelligit,
1356 3331 1413 3402 vel
1431 3329 1477 3402 de
1492 3330 1722 3428 intelligentia
1737 3358 1823 3406 ver·

231 3453 363 3527 horum
380 3478 530 3527 suorum
548 3455 704 3526 lincurm
720 3453 816 3529 facit.
832 3454 931 3526 ldem
945 3449 996 3522 nd
1014 3451 1249 3524 Trinotlream⁸
1266 3479 1276 3522 :
1294 3455 1419 3524 «Dum
1431 3452 1551 3544 venio,
1563 3479 1581 3520 »
1597 3453 1726 3550 inquit,
1745 3470 1821 3526 «at-

233 3573 340 3647 tende
356 3574 514 3665 lectioni,
530 3574 783 3665 exhortationi,
800 3573 1008 3646 doctrinae.»
1018 3577 1062 3645 Et
1073 3573 1239 3646 iterum⁸z
1259 3577 1434 3645 «Tovem
1447 3597 1619 3672 permane
1632 3575 1669 3644 in
1685 3574 1728 3644 iis
1743 3597 1822 3672 quae

233 3692 408 3786 didicisti,
429 3710 467 3768 et
487 3695 623 3769 credita
642 3709 727 3766 sunt
747 3694 831 3782 tibi;
852 3695 1003 3766 sciense
1024 3718 1099 3790 quo
1116 3692 1304 3784 didiceris,
1323 3707 1361 3766 et
1374 3694 1460 3791 quia
1476 3693 1522 3766 ab
1541 3691 1689 3766 infantia
1705 3717 1821 3768 sacras

232 3814 364 3890 litteras
380 3818 488 3909 nosti,
506 3841 586 3916 quae
602 3832 637 3889 te
651 3829 804 3915 possunt
821 3816 997 3888 instruere
1013 3813 1060 3887 ad
1076 3813 1241 3904 salutem,
1256 3837 1321 3913 per
1341 3812 1453 3886 fidem
1468 3837 1548 3911 quae
1565 3828 1618 3886 est
1629 3815 1667 3886 in
1680 3815 1820 3888 Christo

232 3941 327 4012 lesu.
348 3941 477 4012 Omnis
494 3939 674 4038 Scriptura
689 3937 859 4010 divinitus
872 3937 1053 4034 inspirata,
1066 3934 1160 4006 utilis
1173 3949 1225 4006 est
1235 3933 1282 4006 ad
1291 3932 1515 4025 docendum,
1527 3933 1574 4006 ad
1582 3935 1818 4032 arguendum,

232 4058 279 4132 ed
295 4057 587 4158 corripiendum,
605 4057 652 4130 ad
668 4055 906 4130 erudiendum
922 4055 1123 4152 injustitia,
1137 4069 1176 4126 ut
1192 4053 1369 4152 perlectus
1384 4069 1438 4126 est
1450 4054 1562 4126 homo
1576 4055 1642 4126 Dei
1655 4055 1702 4128 ad
1714 4082 1824 4130 onme

233 4203 323 4278 opus
340 4177 479 4252 bonum
497 4181 701 4251 instructus.
719 4205 738 4245 u
755 4177 827 4266 Qui
844 4178 950 4248 etiam
969 4175 1015 4247 ad
1039 4175 1306 4273 intelligentiam
1326 4175 1516 4273 Scripturas
1536 4176 1742 4250 Corinthios
1762 4179 1824 4250 ed·

233 4323 384 4374 monens
393 4303 424 4391 ⁸,
438 4315 480 4372 ut
494 4325 573 4399 quae
590 4297 756 4371 videlicet
769 4298 828 4370 alii
837 4296 883 4370 de
895 4298 1076 4395 Scriptura
1089 4296 1288 4394 loquuntur
1299 4319 1480 4393 exponere
1490 4295 1651 4370 valeant:
1669 4327 1687 4366 a
1706 4301 1824 4370 Secta·

87 4409 92 4418 “
232 4416 332 4507 mini,
348 4417 510 4514 eloquit,
531 4445 549 4486 r
565 4413 787 4506 charitatem,
797 4411 1014 4486 aemulamini
1027 4411 1220 4510 spiritualia
1233 4439 1242 4482 ε
1255 4411 1367 4508 magis
1380 4424 1500 4484 autem
1513 4414 1728 4512 spiritus⁷ut
1736 4437 1821 4514 pro·
1885 4501 1889 4510 ¹

233 4535 414 4633 phetetis⁸.
428 4537 500 4624 Qui
511 4536 608 4608 enim
622 4535 781 4633 loquitur
792 4533 935 4630 lingua,
948 4555 1023 4605 non
1038 4531 1246 4608 hominibus
1256 4531 1434 4629 loquitur,
1446 4531 1510 4604 sed
1519 4536 1609 4606 Deo.
1623 4534 1694 4621 Qui
1703 4548 1821 4607 autem

233 4655 444 4755 prophetat,
455 4655 650 4730 Eochsmm
661 4653 825 4727 aedificat.
847 4656 891 4726 tr
909 4653 993 4726 ideo
1006 4655 1069 4751 qni
1079 4651 1240 4752 loquinu
1252 4653 1392 4750 lingua,
1409 4667 1487 4726 oret
1501 4668 1540 4728 ut
1555 4654 1818 4754 interpretetur.

233 4776 355 4850 Orabo
373 4777 516 4877 spiritu,
538 4776 652 4850 orabo
671 4789 708 4849 et
730 4789 863 4848 mente.
881 4773 1034 4848 Psallam
1056 4775 1200 4873 spiritu,
1219 4773 1369 4874 psallam
1391 4789 1427 4847 et
1449 4789 1582 4848 mente.
1602 4779 1775 4848 Ceterum
1793 4775 1822 4846 si

232 4897 456 4972 benedixeris
477 4898 621 4998 spiritu,
643 4897 725 4994 quis
741 4894 903 4994 implebit
921 4894 1042 4968 locum
1065 4894 1227 4968 idiotae'?
1251 4894 1447 4984 Quomodo
1467 4894 1564 4970 dicet
1583 4918 1689 4970 amen
1713 4920 1822 4994 super

266 5132 274 5158 ‘
286 5132 340 5183 tib.
352 5131 389 5192 tl,
400 5147 457 5199 cap.
467 5149 493 5193 r,
505 5133 567 5196 opp.
577 5141 597 5182 t.
606 5131 633 5194 l,
645 5130 692 5182 col.
705 5127 792 5181 at.-·
803 5129 885 5187 lion„
897 5143 953 5194 cap.
964 5145 1005 5188 ar.
1040 5127 1049 5155 ⁸
1061 5128 1203 5187 anethi,
1212 5143 1267 5196 cap.
1279 5145 1362 5190 amr.
1376 5135 1384 5180 1
1398 5141 1422 5180 et
1431 5145 1469 5196 sq.
1481 5155 1510 5166 -·
1519 5129 1640 5192 'Spiritus
1651 5128 1721 5179 deest
1730 5127 1821 5179 invul-

233 5231 256 5264 ι.
269 5216 471 5280 4.-Ἐρ1ιοι,
484 5231 539 5282 cap.
560 5232 586 5278 r,
603 5231 627 5266 r.
651 5218 680 5266 ts
698 5225 724 5266 et
745 5212 849 5266 tte-⁰
864 5215 965 5266 ttautt.
981 5215 1006 5270 1,
1039 5209 1212 5275 gat-'attor
1219 5211 1510 5277 nummatum.
1523 5232 1529 5263 ι
1540 5213 1822 5264 mesenatae

234 5315 288 5368 etp.
303 5317 336 5362 rr,
347 5317 372 5352 r.
384 5303 423 5352 tt.
441 5327 463 5341 ι-
477 5300 600 5352 'timoth
621 5299 661 5360 11,
677 5313 733 5366 sap,
747 5315 787 5360 nt,
802 5313 826 5350 r.
840 5299 870 5348 tt
888 5308 913 5350 et
925 5311 964 5364 aq.
975 5323 1008 5336 -
1040 5301 1184 5360 mrpirttas
1195 5300 1427 5362 qatrmtaetccarn
1438 5299 1535 5357 teate.
1547 5299 1819 5360 resumimus.
