4510 6108
896 642 1140 717 SERMONES.

791 1043 794 1051 '
853 1071 931 1160 nu
977 1068 1189 1161 sauss.

926 1349 1038 1396 statuo
1063 1349 1126 1396 xn.

280 1559 423 1642 Quanta
433 1553 627 1626 devotione
647 1525 836 1624 dominicae
852 1552 975 1624 Crucis
991 1551 1259 1623 venerationem
1275 1553 1445 1649 prosequi
1461 1552 1678 1644 debeamus,
1694 1554 1819 1628 beatus
1908 1631 1912 1640 ,

234 1673 423 1772 Apostolus
439 1674 487 1747 ad
502 1674 645 1746 Galatas
670 1673 829 1745 scribens
845 1671 1032 1768 diligenter
1049 1671 1244 1744 declarat¹:
1268 1672 1386 1744 «Mihi
1402 1687 1521 1744 autem
1544 1673 1636 1746 absit
1657 1673 1817 1770 gloriari,

233 1793 300 1864 nisi
317 1795 354 1864 in
371 1797 485 1866 Cruce
506 1794 654 1866 Domini
674 1793 787 1865 nostri
809 1795 892 1864 Jesu
912 1791 1088 1864 Christi.»
1112 1797 1225 1864 Tanto
1247 1793 1380 1891 quippe
1406 1793 1558 1892 amplius
1578 1797 1672 1867 Crux
1701 1794 1819 1868 dorni·

231 1911 329 2001 nica,
349 1914 476 2011 inqua
495 1938 619 1986 sumus
645 1911 845 2011 redempti,
871 1936 892 1984 a
912 1910 1018 1983 nobis
1043 1925 1097 1984 est
1116 1910 1366 2008 glorificanda,
1389 1927 1526 2010 quanto
1546 1914 1663 1985 verius
1684 1939 1726 1985 ex
1748 1914 1820 1985 hoc

233 2053 361 2124 genere
382 2032 641 2131 redemptionis
661 2031 774 2104 homo
795 2031 1002 2129 redemptus
1025 2031 1167 2128 gloriari
1188 2030 1295 2104 valet.
1324 2032 1420 2119 Quid
1441 2048 1494 2104 est
1515 2047 1634 2104 autem
1655 2033 1818 2129 gloriari,

231 2150 300 2222 nisi
324 2175 578 2249 quemcunque
601 2177 639 2224 se
663 2151 798 2249 aliquid
823 2175 996 2248 magnum
1023 2165 1059 2224 et
1078 2153 1276 2251 pretiosum
1296 2153 1492 2224 aetimare?
1516 2158 1555 2224 In
1579 2153 1680 2225 nullo
1701 2168 1821 2226 autem

231 2269 398 2366 quaelibet
417 2295 474 2342 res
495 2273 620 2368 quanti
645 2273 690 2342 sit
715 2273 765 2342 ita
788 2273 958 2367 cognosci
978 2285 1118 2370 potest,
1141 2273 1232 2343 sicut
1252 2273 1289 2342 in
1309 2275 1426 2371 pretio
1453 2274 1541 2370 ejus.
1569 2275 1627 2346 Sic
1648 2290 1684 2345 et
1708 2273 1821 2345 homo

230 2391 357 2486 quanti
383 2389 488 2462 luerit
509 2390 606 2490 apud
629 2395 768 2480 Deum,
797 2405 970 2488 quantam
995 2415 1137 2491 semper
1165 2391 1441 2463 sollicitudinem
1464 2392 1587 2464 divina
1610 2417 1822 2490 supereum

230 2510 377 2605 gesserit
396 2509 604 2600 clementia,
627 2525 840 2610 quantaeque
861 2510 1002 2609 pietatis
1022 2509 1219 2581 visceribus
1238 2535 1321 2581 eum
1342 2512 1388 2580 sit
1408 2509 1644 2609 amplexatus,
1667 2513 1822 2609 pretium

228 2631 349 2726 ipsum
380 2653 446 2727 pro
477 2629 729 2728 redemptione
755 2628 914 2700 hominis
944 2629 1069 2700 datum
1098 2640 1262 2721 patenter
1293 2627 1462 2698 insinuat.
1498 2629 1607 2716 Quod
1635 2629 1823 2726 diligenter

229 2747 423 2847 Apostolus
436 2749 598 2838 intuens,
618 2764 654 2820 et
670 2748 717 2820 de
732 2747 804 2815 hoc
819 2743 1044 2838 singulariter
1061 2739 1233 2837 glorians,
1252 2745 1344 2814 sicut
1358 2768 1467 2843 snpra
1483 2747 1729 2837 meminimus,
1747 2752 1796 2821 ait
1813 2781 1820 2821 :

140 2875 143 2884 '
231 2897 250 2936 κ
263 2867 352 2940 Mihi
372 2883 492 2939 autem
518 2867 611 2939 absit
633 2865 795 2962 gloriari,
821 2877 889 2934 etc.
906 2891 924 2929 »
942 2865 991 2932 Ac
1008 2862 1038 2932 si
1054 2873 1219 2959 patenter
1234 2861 1330 2932 dicat
1351 2891 1359 2931 ε
1378 2862 1586 2936 Glorientur
1606 2866 1666 2938 alii
1682 2870 1719 2939 in
1737 2895 1824 2967 quo·

228 3010 375 3084 cunque
403 2984 602 3074 voluerint,
634 2985 811 3082 pretiosos
841 3005 880 3052 se
912 2981 1088 3052 aestiment
1116 2979 1391 3078 quibuscunque
1420 2982 1552 3056 divitiis
1577 2985 1634 3057 vel
1661 2987 1820 3078 honore3

229 3106 320 3179 mihi
346 3121 467 3178 autem
492 3106 585 3177 absit
610 3103 753 3201 gloriari
779 3103 847 3174 nisi
872 3103 909 3173 in
935 3101 1007 3172 hoc
1031 3100 1290 3199 redemptionis
1318 3126 1405 3172 meae
1430 3127 1577 3199 genere,
1603 3107 1703 3204 quod
1724 3111 1822 3208 apud

227 3225 394 3298 infideles
415 3225 687 3322 ignominiosius
704 3222 885 3320 judicatur
905 3235 942 3292 et
965 3221 1082 3293 vilius.
1108 3225 1191 3308 Quo
1211 3223 1309 3292 enirn
1329 3223 1506 3294 Dominus
1529 3224 1733 3320 indigniora
1755 3254 1821 3327 pro

227 3347 381 3418 homine
406 3346 589 3435 sustinuit,
614 3344 815 3441 digniorem
836 3341 933 3441 apud
949 3365 987 3413 se
1008 3355 1046 3412 et
1070 3341 1262 3437 gratiorem
1283 3365 1367 3412 eum
1394 3340 1521 3414 haberi
1548 3344 1819 3420 demonstravit.

229 3467 377 3538 Nullum
398 3480 518 3538 autem
539 3464 740 3565 patibulum
762 3460 995 3535 execrabilius
1011 3483 1117 3532 cruce
1138 3461 1334 3560 antiquitus
1347 3461 1586 3570 censebatur,
1605 3464 1705 3538 nulla
1725 3493 1823 3540 mors

227 3586 324 3658 adeo
342 3586 456 3683 turpis
468 3599 513 3656 et
533 3581 752 3656 detestabilis
768 3580 1010 3678 judicabatur.
1035 3578 1140 3651 Unde
1161 3594 1197 3650 et
1216 3578 1289 3650 hoc
1305 3603 1416 3676 genus
1436 3581 1589 3680 patibuli
1608 3608 1683 3657 non
1698 3586 1823 3659 solum

227 3705 275 3776 ad
293 3729 444 3803 poenam
460 3704 608 3792 Christi,
627 3701 864 3774 verumetiam
880 3700 926 3774 ad
943 3700 1179 3796 ignominiam
1194 3700 1295 3799 impii
1311 3699 1440 3798 eligere
1456 3701 1714 3794 decreverunt,
1733 3708 1824 3779 sicut

226 3841 316 3898 ante
329 3851 394 3925 per
406 3826 624 3925 Sapientiam
639 3824 687 3895 de
703 3824 787 3922 ipsis
804 3821 1059 3920 prophetatum
1076 3821 1191 3892 luerat
1207 3821 1444 3894 dicentibus':
1460 3853 1478 3892 κ
1488 3827 1603 3898 Morte
1618 3829 1824 3924 turpissima

227 3949 520 4020 condemnemus
536 3970 632 4018 eum.
649 3973 666 4013 u
686 3950 731 4015 Et
741 3941 942 4042 Apostolus,
957 3964 1069 4037 quum
1086 3938 1245 4011 dixisset⁸
1260 3969 1268 4011 :
1285 3947 1440 4014 «Factus
1457 3941 1630 4018 obediens
1646 3973 1761 4046 usque
1777 3951 1823 4023 ad

226 4085 409 4156 mortem,
429 4097 446 4136 u
465 4069 567 4166 quasi
583 4091 712 4166 parurn
727 4065 799 4136 hoc
814 4063 1013 4151 videretur,
1038 4061 1106 4132 nisi
1122 4062 1231 4132 etiam
1246 4063 1365 4161 ipsum
1381 4089 1493 4160 genus
1509 4070 1634 4176 mortis
1650 4083 1824 4168 tanquam

225 4185 477 4260 abominabile
494 4187 768 4274 determinaret,
787 4183 907 4255 statim
928 4180 1078 4277 adjecit:
1101 4207 1119 4248 u
1140 4194 1294 4252 mortem
1316 4196 1437 4254 autem
1458 4185 1585 4256 crucis.
1604 4215 1622 4253 a
1645 4189 1754 4274 Quod
1770 4206 1823 4262 est

225 4307 371 4395 dicere,
387 4331 464 4378 non
480 4305 597 4377 solnm
614 4327 727 4402 usque
744 4303 791 4376 ad
809 4315 981 4390 mortem,
996 4298 1190 4397 sedusque
1205 4299 1252 4372 ad
1268 4315 1343 4372 tam
1359 4302 1635 4398 ignominiosam
1651 4321 1819 4398 mortem,

224 4453 298 4524 qua
322 4425 528 4525 specialiter
543 4423 762 4523 blasphemi,
781 4422 852 4494 hoc
873 4422 1009 4518 estqui
1030 4421 1067 4491 in
1089 4417 1245 4518 aliquam
1266 4419 1526 4520 blasphemiam
1548 4425 1614 4496 Dei
1633 4450 1822 4524 praesume·

223 4545 339 4638 bant,
361 4545 617 4646 puniebantur.
638 4544 743 4617 Unde
763 4557 799 4616 et
815 4543 973 4614 Domino
989 4541 1274 4639 improperantes
1296 4542 1396 4640 quod
1416 4567 1455 4614 se
1474 4541 1588 4616 lilium
1607 4546 1674 4618 Dei
1690 4545 1823 4621 diceret

223 4669 396 4741 aiebant*
412 4695 419 4737 ε
443 4695 460 4734 α
472 4665 747 4765 Blasphemavit.
767 4663 863 4752 Quid
880 4661 999 4736 adhuc
1014 4659 1258 4735 desideramus
1273 4664 1400 4736 testes?
1412 4692 1430 4732 >r
1448 4667 1492 4736 Et
1507 4667 1609 4762 quasi
1624 4665 1695 4740 hoc
1711 4692 1823 4764 genus

223 4789 363 4860 mortis
390 4810 431 4858 ex
456 4783 682 4884 blasphemia
701 4783 974 4883 promeruisset,
1001 4777 1288 4853 exclamabant:
1315 4811 1332 4850 ιι
1352 4781 1605 4880 Cruciligaturl
1623 4813 1642 4854 u
1669 4789 1723 4859 De
1748 4813 1821 4885 quo

221 4909 338 4983 etiarn
379 4931 509 5003 genere
540 4905 688 4996 mortis,
727 4929 837 5003 quam
869 4900 1076 4976 detestabile
1112 4901 1310 5012 rideretur,
1348 4918 1384 4976 et
1420 4903 1541 4979 divina
1572 4906 1822 4983 maledictione

255 5176 263 5201 ⁴
285 5175 398 5230 Galat„
410 5185 465 5237 cap.
482 5185 521 5232 rr,
532 5186 556 5222 r.
574 5171 614 5221 ll.
627 5191 661 5209 ·-
673 5168 683 5195 ¹
694 5169 765 5232 Sap,
780 5183 837 5234 cap.
852 5184 883 5230 n,
896 5182 919 5216 v.
934 5168 975 5217 20.
987 5193 1017 5203 —
1030 5165 1039 5192 ⁸
1051 5165 1153 5230 Putas„
1171 5181 1226 5232 cap.
1242 5183 1273 5228 n,
1289 5183 1313 5217 r.
1329 5169 1353 5218 8.
1367 5195 1392 5204 -
1407 5168 1526 5231 ‘lteru.‚
1541 5185 1597 5236 cap.
1616 5189 1692 5238 xxvi,
1705 5191 1729 5225 v.
1740 5176 1780 5226 65.
1790 5201 1824 5217 ·-

223 5263 233 5287 ⁵
245 5261 327 5326 lbid.,
342 5273 408 5324 cop.
420 5273 502 5321 nvn,
513 5274 538 5309 r.
549 5259 591 5308 2³.
