4520 6104
903 648 1140 722 errsrose.
1197 689 1203 698 -
1364 613 1367 622 ⁴
1749 649 1820 723 tar

233 793 462 867 interdictum
480 804 554 882 est,
577 805 613 864 et
633 804 894 888 nonnunquam
912 792 1138 891 impudenter
1156 790 1329 884 sumitur,
1353 792 1450 864 unde
1466 791 1661 863 maximum
1673 789 1825 863 scaudii·'

234 917 308 987 lum
334 927 533 1012 generatur.
562 913 659 1002 Quid
684 934 770 986 vero
794 915 888 985 inter
904 915 1067 985 universa
1089 913 1278 986 hominum
1299 915 1466 987 alimenta
1486 929 1558 985 tam
1580 911 1821 1010 periculosum

234 1025 308 1125 est,
327 1035 386 1106 'vel
405 1035 642 1124 damnosum,
664 1048 700 1106 et
716 1033 879 1131 religioni
897 1049 1027 1106 nostrat
1043 1033 1099 1106 rel
1120 1050 1249 1106 sanetae
1265 1035 1374 1132 quieti
1392 1035 1630 1122 contrarium,
1647 1047 1823 1130 quantum

236 1159 359 1230 viuum
372 1157 393 1234 i,
401 1153 509 1244 Quod
529 1155 702 1225 maximus
719 1153 779 1225 ille
798 1155 1011 1252 sapientium
1023 1153 1210 1251 diligenter
1223 1155 1424 1243 attendens,
1445 1151 1490 1224 ab
1506 1152 1577 1224 hoc
1589 1146 1743 1224 maxime
1756 1174 1822 1224 uos

235 1278 445 1356 dehortatur
462 1276 584 1348 dicens
606 1304 613 1344 :
637 1304 656 1342 a
671 1276 864 1348 Luxuriosa
881 1299 937 1346 res
956 1276 1101 1365 tinum,
1128 1289 1166 1347 et
1182 1273 1399 1347 tumultuosa
1420 1275 1582 1347 ebrietas.
1608 1273 1823 1370 Quicunque

117 1483 120 1492 λ
235 1401 290 1472 his
306 1400 523 1489 delectatur,
544 1421 618 1469 uon
637 1395 892 1497 eritsapienst
911 1400 978 1470 Cui
998 1421 1069 1488 vae,
1091 1398 1191 1495 cujus
1208 1398 1300 1495 patri
1318 1421 1390 1488 vae,
1412 1397 1470 1468 cui
1486 1397 1589 1486 rixae,
1610 1397 1668 1467 cui
1686 1395 1819 1484 loreae,

235 1524 294 1594 cui
311 1523 389 1593 sine
406 1543 512 1592 causa
531 1519 699 1609 vulnera,
719 1521 778 1591 'cui
797 1519 943 1591 suffosio
961 1520 1177 1592 oculorum?
1194 1542 1316 1591 nonne
1330 1515 1386 1590 his
1397 1519 1458 1617 qui
1471 1521 1657 1590 moiuntur
1670 1517 1706 1588 lu
1721 1515 1819 1606 titttt‘,

236 1659 272 1716 et
300 1642 446 1714 student
470 1641 638 1713 calicibus
655 1621 874 1739 'epotabdisi
900 1642 1144 1714 Ne'intuearis
1172 1641 1296 1713 vinum
1326 1639 1473 1738 quando
1503 1639 1675 1730 flavescit,
1709 1659 1822 1736 quum

235 1745 456 1863 splenduerit
479 1764 516 1833 in
537 1763 630 1833 vitro
654 1759 757 1832 color
774 1737 861 1858 ejus.
884 1758 1085 1858 ingreditur
1103 1759 1255 1852 blande,
1279 1761 1402 1833 sedin
1429 1759 1626 1832 novissimo
1646 1755 1825 1830 mordebit

236 1899 277 1954 ut
293 1879 461 1972 coluber,
482 1897 518 1954 et
542 1883 631 1954 sicut
651 1881 792 1979 regulus
808 1901 945 1953 venena
965 1880 1154 1954 diffirndet.
1176 1879 1281 1953 Oculi
1301 1882 1353 1954 tui
1371 1876 1544 1952 videbunt
1562 1893 1767 1967 extraneas,
1788 1888 1825 1949 st

236 2027 298 2075 cor
315 2014 417 2075 tuum
436 2001 603 2099 loquetur
618 2022 805 2099 perversa,
827 2015 862 2072 et
878 2003 947 2072 eris
966 2002 1057 2074 sicut
1074 2001 1256 2074 dormiens
1274 2001 1312 2074 in
1331 1999 1452 2073 medio
1470 2001 1581 2097 mari,
1601 2013 1637 2072 et
1649 2000 1750 2098 quasi
1768 2023 1825 2069 soa

236 2125 330 2226 pitns
349 2123 565 2221 gubernator
583 2124 714 2194 amisso
732 2122 855 2213 claro,
877 2137 911 2195 et
930 2123 1050 2195 dices:
1075 2121 1358 2196 verberaverunt
1369 2144 1429 2194 me
1444 2135 1479 2194 et
1491 2145 1566 2193 nou
1579 2117 1698 2207 dolui;
1714 2118 1826 2190 traxe*

237 2251 411 2336 mnt'tne,
427 2260 461 2316 et
478 2265 544 2341 ego
557 2264 632 2314 non
645 2245 750 2315 sensi.
765 2271 781 2310 s
797 2243 979 2330 «Quando
997 2243 1183 2341 evigilabo,
1202 2273 1219 2310 >r
1240 2263 1381 2332 rursus‚.
1392 2267 1411 2312 t<
1424 2259 1459 2315 et
1470 2242 1553 2315 vina
1568 2243 1743 2340 reperiam
1756 2241 1821 2310 'ln

236 2371 326 2438 item
347 2394 354 2436 :
378 2395 396 2434 r
416 2363 496 2436 Noli
514 2362 677 2460 regibus,
699 2363 908 2454 oLamuel,
932 2361 1009 2435 noli
1027 2361 1168 2461 regibus
1189 2359 1275 2437 dard
1293 2365 1416 2436 tinum
1430 2419 1439 2454 ,
1454 2365 1537 2462 quia
1553 2357 1693 2435 nullum
1712 2387 1825 2435 secre-

236 2497 312 2559 tum
342 2499 392 2558 est
421 2485 482 2557 ubi
504 2499 628 2584 regnat
655 2484 817 2556 ebrietas.
842 2485 894 2556 Ne
924 2483 1013 2556 forte
1038 2483 1164 2556 bibant
1190 2501 1225 2556 et
1254 2481 1765 2580 obliviscenturjudiciomm,
1791 2479 1826 2556 et

235 2611 378 2680 mittant
395 2627 539 2678 eattsam
557 2594 713 2676 liliorum
731 2605 896 2703 pauperis
907 2605 930 2673 ¹.
953 2632 973 2670 u
991 2603 1033 2674 n
1048 2603 1092 2675 io
1106 2603 1353 2676 Ecclesiastico
1372 2597 1544 2703 scriptum
1562 2606 1638 2676 est⁸
1663 2629 1671 2673 t
1697 2613 1713 2673 i<
1729 2601 1825 2702 Ope-³

235 2731 350 2802 rarius
381 2727 540 2800 ebriosus
567 2742 643 2798 non
675 2723 968 2824 locupletabitur,
999 2724 1115 2822 etqui
1136 2729 1271 2824 spernit
1289 2726 1452 2818 modica,
1477 2725 1647 2825 paulatim
1664 2721 1823 2798 decidet.

236 2852 369 2921 Vinum
394 2865 429 2920 et
457 2845 623 2919 mulieres
651 2856 851 2944 apostatare
878 2843 1011 2918 iaciunt
1027 2848 1224 2946 sapientes,
1246 2863 1282 2919 et
1306 2859 1459 2944 arguunt
1487 2861 1658 2919 sensatos.
1680 2875 1697 2914 s
1721 2847 1827 2920 isaias

236 2992 382 3070 quoque
401 2971 585 3040 universos
601 2967 803 3066 praeteriens
817 2963 933 3058 cibos,
950 2967 1067 3039 solum
1084 2968 1121 3038 iu
1143 2990 1285 3039 causam
1300 2969 1509 3067 captivitatis
1525 2962 1651 3069 populi
1669 2992 1826 3040 comme-

237 3105 355 3162 morat
368 3089 491 3161 tinum
509 3117 517 3159 ε
542 3118 559 3156 t<
574 3091 656 3176 Vae,
677 3113 694 3156 a
714 3085 863 3186 inquit',
883 3117 900 3157 r
916 3087 979 3185 qui
992 3087 1205 3185 consurgitis
1217 3110 1321 3161 mane
1339 3089 1384 3161 ad
1400 3084 1605 3194 ebrietatem
1619 3086 1824 3160 sectandam

238 3227 272 3283 et
291 3204 493 3310 potandum
513 3233 625 3307 usque
646 3209 693 3281 ad
713 3233 920 3308 vesperam,
942 3223 979 3280 ut
992 3209 1079 3280 rino
1093 3211 1257 3281 aestuetis.
1275 3205 1417 3281 Cithara
1431 3224 1466 3282 et
1479 3209 1554 3306 lyra
1566 3225 1600 3282 et
1612 3223 1825 3309 tympanum

237 3347 272 3403 et
290 3319 375 3403 tibia
393 3345 428 3402 et
446 3330 570 3402 vinnm
586 3331 624 3401 in
641 3329 813 3401 conviviis
830 3328 974 3412 vestris,
998 3341 1031 3400 et
1050 3347 1142 3429 opus
1163 3327 1308 3400 Domini
1330 3348 1404 3401 non
1423 3326 1607 3428 respicitis.
1635 3333 1827 3428 Propterea

237 3453 398 3552 captivus
417 3451 546 3523 ductus
569 3465 621 3523 est
640 3445 796 3550 populus
815 3470 938 3540 meus,
961 3451 1137 3546 quianon
1158 3447 1282 3521 habuit
1302 3451 1496 3523 scientiam.
1516 3455 1576 3523 Vae
1589 3448 1651 3550 qul
1663 3467 1826 3551 potentes

238 3575 321 3644 estis
337 3564 594 3644 adhibendum
609 3573 749 3663 vinum,
776 3586 812 3642 et
828 3569 892 3643 viri
913 3565 1021 3644 sortes
1037 3565 1083 3642 ad
1102 3566 1322 3644 miscendam
1343 3570 1561 3644 ebrietatem
1583 3601 1600 3639 s
1625 3575 1695 3660 Qui
1720 3575 1825 3646 ctiam

238 3687 284 3768 de
306 3693 442 3793 populo
470 3689 651 3792 usquead
678 3692 880 3764 sacerdotes
910 3707 945 3764 et
974 3692 1167 3792 prophetas
1193 3693 1454 3790 querimoniam
1482 3694 1699 3785 extendens,
1723 3695 1821 3766 ait⁸z

239 3845 256 3882 r
278 3817 413 3886 Verum
434 3813 458 3884 ii
485 3835 632 3911 quoque
658 3834 731 3911 pne
765 3813 850 3884 vino
882 3811 1107 3901 nescierunt,
1142 3825 1178 3882 et
1204 3833 1276 3910 prae
1304 3812 1474 3885 ebrietate
1505 3827 1725 3887 erraverunt.
1764 3817 1825 3886 Sa·

237 3937 365 4008 cerdos
394 3950 430 4008 et
450 3933 626 4034 propheta
646 3933 849 4005 nescierunt
867 3955 938 4031 prae
960 3927 1149 4019 ebrictate,
1172 3929 1331 4031 absorpti
1352 3949 1472 4005 sunta
1492 3935 1597 4024 vino,
1619 3950 1827 4008 erraverunt

238 4056 274 4126 iu
294 4055 485 4145 ebrietate,
504 4056 708 4126 nescierunt
728 4053 927 4144 videntem,
950 4053 1204 4150 ignoraverunt
1218 4051 1406 4149 judicium.
1425 4059 1560 4127 Omnes
1578 4056 1673 4127 enim
1698 4081 1827 4128 niensae

237 4175 380 4272 repletae
400 4188 483 4245 sunt
501 4173 656 4245 vomitus
675 4171 928 4270 sordiumque,
956 4171 1004 4243 ita
1022 4185 1155 4244 utnon
1178 4186 1268 4244 esset
1295 4172 1386 4244 ultra
1410 4173 1523 4246 locus.
1545 4179 1662 4263 Quem
1684 4169 1828 4248 docebit

234 4295 443 4386 scientiam,
463 4308 499 4367 et
516 4317 626 4392 qoem
640 4271 834 4391 intelligere
854 4291 958 4364 laciet
975 4291 1164 4364 auditum?
1179 4321 1198 4362 a
1213 4291 1473 4392 Dominusper
1486 4294 1563 4366 Joel
1581 4292 1688 4369 dieit⁷
1705 4323 1712 4364 :
1733 4325 1750 4362 ι(
1764 4285 1826 4367 tn-

232 4414 479 4512 pergiscimini
506 4409 612 4502 ebrii,
649 4428 684 4485 et
718 4413 799 4486 flete
824 4413 887 4510 qui
913 4407 1033 4484 busiris
1061 4413 1185 4484 vinum
1214 4413 1251 4484 in
1281 4408 1521 4485 dulcedine.»
1547 4415 1626 4485 Non
1652 4417 1747 4486 euim
1777 4417 1824 4488 uti

228 4533 407 4635 prohibet
424 4535 509 4606 vino
523 4535 559 4606 io
578 4533 805 4626 necessitate,
820 4531 912 4605 sicut
927 4531 1115 4633 Apostolus
1133 4533 1217 4606 inde
1227 4527 1415 4606 Timotheo
1427 4520 1601 4606 consulit⁸
1618 4559 1625 4604 :
1645 4563 1663 4602 tt
1680 4525 1827 4634 Propter

226 4655 414 4729 stomachi
443 4655 645 4754 trequentes
675 4653 920 4745 infirmitates,
948 4682 966 4723 s
995 4678 1070 4727 non
1098 4666 1237 4727 tautum
1258 4646 1502 4745 infirmitates,
1524 4647 1593 4727 sed
1610 4656 1822 4754 frequentes.

225 4780 315 4851 Noe
333 4781 471 4879 primus
490 4779 632 4852 vineam
659 4778 872 4878 plantavit⁸,
902 4779 1063 4851 nesciens
1088 4769 1207 4851 adhue
1233 4777 1388 4850 fortassis
1409 4779 1587 4850 ebrietatis
1607 4779 1766 4870 rnalum,
1794 4797 1827 4852 et

224 4897 434 4971 inebriatus
453 4897 588 4970 femora
607 4893 825 4989 denudavit3
849 4899 934 4996 quia
954 4899 1038 4971 vino
1066 4897 1257 4997 conjuncta
1284 4913 1337 4971 est
1364 4885 1509 4971 luxurie
1530 4895 1726 4998 turpitudo.
1758 4903 1828 4990 Qui

269 5132 281 5158 ¹
305 5107 1019 5203 rra.,csp.'11‚s.1.-*rr0v.,0ap.mn‚v.ts
1051 5148 1106 5200 cap.
1128 5147 1220 5196 xxrru,
1242 5150 1266 5184 r.
1288 5137 1303 5182 t
1324 5107 1565 5202 etsq.-'ldei.',
1590 5149 1645 5200 cap.
1666 5109 1767 5196 1‚'v.'t
1799 5164 1825 5172 α

217 5232 252 5272 et
266 5234 314 5284 sq.
330 5244 353 5253 -
366 5207 376 5244 ⁶
390 5219 475 5277 Pron,
488 5232 545 5284 cap.
560 5235 636 5276 xxxt.
652 5235 676 5270 r.
694 5220 719 5270 l.
730 5245 761 5256 -
772 5213 782 5245 ¹
793 5212 883 5278 licctt,
893 5234 948 5286 cap.
961 5235 1016 5280 xix,
1052 5215 1062 5245 ⁸
1079 5217 1180 5270 rasori.
1198 5219 1226 5300 1,Ι
1235 5233 1291 5286 cap.
1303 5235 1327 5285 r,
1338 5236 1358 5268 r.
1370 5209 1475 5290 ¹23.-'-'
1486 5206 1583 5285 benni,
1592 5211 1648 5291 adp.
1661 5236 1695 5297 ¹¹5
1746 5290 1749 5300 Ι

217 5323 247 5356 v.
288 5301 534 5364 {etz-'bam
557 5317 614 5370 esp.
635 5319 660 5366 r,
682 5319 706 5354 r.
732 5305 757 5352 tt
781 5299 1018 5369 atsq.-⁸lbid.,
1047 5303 1051 5310 '
1430 5295 1433 5304 ¹
1581 5297 1584 5305 ¹
1614 5299 1616 5304 ’
