4590 6106
489 585 538 657 ιι
982 531 990 544 ’
1027 581 1524 669 amnemamnem

490 724 636 780 defecisset
649 723 820 779 subsannans
834 718 980 786 lsraelem,
998 720 1119 774 contrita
1132 731 1204 776 esset
1218 721 1386 778 malleatoris
1401 723 1480 776 incus
1494 731 1524 776 et
1535 717 1650 774 madens
1662 717 1805 772 mendacia
1818 717 1996 786 fabricantes,
2017 719 2067 774 de-

490 827 596 872 structa
606 815 727 890 denique
738 823 809 868 esset
821 811 950 868 machina
962 811 1104 876 salsitatisa
1115 824 1145 868 et
1156 813 1213 868 hoc
1225 832 1283 869 non
1295 815 1326 870 iu
1339 813 1521 869 multitudine
1533 813 1621 886 gravi,
1635 828 1692 866 nou
1704 809 1813 866 auxiliis
1823 810 1977 866 forinsecas
1987 829 2066 866 men-

490 909 605 980 dicatis,
617 925 673 962 uon
687 905 888 978 sophismatum
905 903 1094 976 premeditata
1110 905 1245 973 versutia,
1263 923 1321 960 nou
1335 905 1557 960 extraordinaria
1572 904 1775 976 comprimente
1792 900 1957 958 anctoritate
1974 918 2067 975 perso-

491 1003 563 1068 nali,
581 1000 629 1056 sed
650 997 686 1052 ab
701 997 821 1062 humili,
843 998 998 1064 constanti,
1022 997 1135 1053 erudito
1155 1007 1186 1053 et
1204 997 1296 1054 valido
1315 999 1441 1054 verium
1460 1008 1605 1054 assertore.
1622 1019 1636 1048 ι
1654 995 1715 1064 (Cl.
1732 996 1856 1052 llastmre
1876 995 2011 1050 littdmire
2032 993 2067 1048 de

489 1095 612 1156 France,
628 1103 650 1147 t.
667 1091 740 1159 XII,
756 1109 784 1164 p.
798 1090 1294 1160 so;Abetard,suct.1tsnuns‚t.
1308 1092 1377 1164 l,p
1391 1093 1427 1150 2l
1440 1101 1470 1146 et
1481 1091 1571 1165 seq.)}

1125 1228 1197 1284 llota
1216 1228 1297 1299 XIV,
1318 1247 1382 1304 pag.
1402 1231 1430 1286 ’1.

527 1355 681 1409 Certissima
690 1351 760 1406 milri
773 1361 865 1407 mater
875 1371 937 1407 mea
950 1352 1084 1410 lucie...
1097 1381 1134 1396 -
1143 1349 1343 1408 calendarium
1355 1352 1542 1426 paracletense
1555 1376 1562 1404 :
1579 1375 1593 1402 ι
1607 1369 1653 1406 arv
1665 1349 1720 1406 tat.
1734 1351 1892 1406 novembris
1902 1349 1972 1406 obiit
1983 1352 2065 1408 Lucia

488 1458 577 1502 mater
591 1447 716 1520 magistri
730 1445 819 1501 nostri
832 1445 945 1501 Petri.»

1132 1538 1206 1594 Nota
1223 1537 1290 1606 XV,
1310 1556 1375 1612 pag.
1394 1540 1421 1595 ’1.

525 1661 691 1716 Gnillelmus
703 1662 733 1716 irs
746 1663 907 1732 episcopatu
919 1660 1202 1715 cumlaunensi....-
1210 1661 1252 1716 De
1262 1659 1419 1717 Gnillelmc
1433 1660 1488 1716 boc
1504 1662 1561 1715 sire
1574 1659 1727 1718 Vnillelmo
1736 1661 1795 1732 jam
1808 1659 1994 1716 catalaunensi
2005 1662 2067 1732 epi·

487 1771 572 1827 scopo
584 1753 690 1808 mentio
699 1752 731 1808 iit
741 1752 818 1826 apud
826 1752 939 1807 Ironern
951 1763 1155 1819 carnotensem,
1165 1753 1373 1825 epist.ccr.av1n
1382 1775 1390 1820 ;
1398 1751 1474 1825 apnd
1480 1763 1607 1807 unctum
1616 1751 1801 1820 bernardum,
1811 1751 1894 1823 epist.
1906 1767 1945 1818 ιιι,
1953 1760 1983 1804 et
1994 1751 2068 1823 apud

489 1845 634 1901 Othonem
644 1843 850 1918 Frisingensem
861 1843 912 1900 lib.
923 1844 952 1916 1,
964 1843 1000 1898 de
1010 1845 1106 1900 liebus
1119 1847 1206 1918 gestis
1216 1845 1247 1900 F
1247 1843 1382 1899 ridericr'l
1388 1887 1395 1908 ,
1406 1863 1468 1918 cap.
1482 1862 1563 1898 xcvii.
1576 1844 1642 1899 Fuit
1653 1855 1749 1898 autem
1762 1861 1796 1898 ex
1805 1843 1938 1898 oenonico
1946 1842 2068 1916 regulari

487 1939 581 1994 Sancti
595 1937 720 1994 Victoris
736 1947 896 2011 assumptos
907 1936 942 1992 ad
957 1937 1149 2010 episcopatum
1162 1955 1236 1992 auno
1247 1935 1356 1992 Christi
1370 1938 1455 2005 titt,
1468 1946 1501 1991 ut
1513 1935 1654 2008 conjicere
1673 1945 1717 1990 est
1735 1953 1770 1991 ex
1783 1935 1919 1990 electione
1937 1933 2066 1991 Gildnini

488 2029 617 2104 discipuli
636 2030 696 2101 ejus
715 2030 745 2084 in
760 2029 889 2085 abbatem
910 2031 1033 2102 primum
1054 2030 1174 2085 ecclesie
1193 2031 1287 2087 Sancti
1307 2031 1449 2097 Victoris,
1465 2047 1525 2104 qua
1541 2029 1679 2085 celebrata
1696 2039 1740 2084 est
1761 2047 1835 2086 anno
1852 2033 1937 2094 1113,
1951 2039 1980 2085 et
1998 2045 2068 2084 onus

486 2123 642 2198 episcopale
655 2123 789 2179 sustinuit
801 2125 882 2179 annis
895 2133 1002 2197 septem
1014 2142 1045 2178 ac
1057 2123 1200 2179 mensibus
1213 2143 1269 2179 sex.
1283 2124 1329 2180 Sic
1342 2124 1418 2178 euim
1433 2123 1533 2178 tabule
1551 2123 1746 2195 manuscriptas
1757 2121 1992 2177 catalaunensium
2008 2123 2068 2194 epi-

486 2233 655 2290 scoporum:
672 2237 685 2264 ι
697 2213 870 2270 Gnillelmus
890 2215 1054 2271 venerabilia
1075 2217 1146 2272 rexit
1167 2217 1311 2270 ecclesiam
1332 2233 1419 2270 annos
1434 2225 1556 2288 septem,
1579 2231 1687 2269 menses
1707 2231 1764 2270 ses.
1777 2237 1792 2264 ι
1807 2212 1919 2284 Quibus
1934 2213 2065 2286 expletis,

486 2307 600 2364 demnrn
619 2309 677 2364 lato
696 2309 778 2363 cessit
797 2325 871 2364 anno
887 2313 958 2366 1119
981 2307 1028 2363 die
1052 2311 1089 2368 25
1105 2309 1247 2381 januarii,
1269 2309 1342 2364 sicut
1360 2327 1394 2364 ex
1413 2309 1459 2364 his
1479 2306 1629 2363 calendarii
1647 2307 1792 2361 victoriani
1812 2305 1903 2362 verbis
1921 2305 2063 2360 discitur:

487 2422 501 2451 a
517 2419 570 2454 vnr
582 2399 637 2455 hal.
651 2400 723 2455 lebr.
737 2401 958 2456 anniversarium
967 2401 1114 2460 Vnillelmi
1128 2401 1329 2457 catalaunensis
1343 2401 1483 2474 episcopi,
1493 2411 1523 2456 et
1535 2400 1625 2454 nostri
1636 2399 1773 2454 canonici.
1786 2423 1799 2449 ι
1811 2398 1868 2468 [Cl.
1883 2397 1960 2452 Gall.
1970 2397 2064 2452 christ.

485 2511 558 2562 nov,
570 2503 592 2547 t.
607 2490 664 2560 lX,
679 2511 706 2566 p.
720 2495 791 2558 sm
804 2493 881 2549 Huc.
899 2495 985 2550 litter.
996 2493 1032 2549 ele
1045 2495 1074 2550 la
1086 2494 1211 2564 Franco,
1225 2503 1248 2552 t.
1263 2491 1307 2562 X,
1321 2513 1350 2567 p.
1361 2496 1414 2552 sot
1424 2504 1453 2549 et
1466 2493 1540 2567 seq.]

1127 2651 1199 2707 Nota
1214 2651 1304 2720 XVI,
1316 2670 1381 2726 pag.
1393 2655 1422 2708 ΙΙ1.

520 2773 709 2848 Megisten...
723 2776 880 2831 Anselmus
889 2773 1260 2832 budanensis....—Plnres
1266 2775 1364 2832 eodem
1373 2793 1460 2850 prope
1470 2774 1728 2848 temporednselmi
1739 2773 1933 2830 laudunenses
1943 2774 2069 2832 luerunt.

486 2865 607 2922 Historia
618 2885 741 2942 namque
757 2867 981 2923 Restaurationis
996 2866 1123 2922 Ecclesia
1134 2867 1315 2924 laudunensis
1328 2887 1343 2923 a
1356 2868 1491 2924 canonico
1502 2867 1626 2942 quodam
1637 2867 1764 2940 ejusdem
1775 2867 1892 2923 ecclesie
1902 2869 2070 2942 conscripta,

484 2959 614 3015 meminit
624 2959 750 3015 Auselmi
762 2959 857 3016 Sancti
869 2959 1014 3018 Vincentii
1028 2959 1208 3016 laudunensis
1216 2961 1338 3030 abbatis,
1349 2962 1399 3035 qni
1411 2983 1426 3012 a
1437 2979 1526 3036 quum
1537 2961 1665 3017 coeuobio
1679 2978 1730 3017 sno
1745 2961 1805 3016 lere
1815 2959 1932 3016 decimis
1942 2969 1973 3015 et
1985 2961 2072 3034 septi·

484 3049 537 3106 mis
548 3051 629 3106 annis
642 3052 808 3126 prefuisset,
822 3063 851 3108 et
866 3071 919 3126 pro
933 3052 1056 3108 utilitate
1069 3052 1196 3125 ejusdem
1214 3054 1334 3109 coenobii
1347 3053 1466 3109 Romam
1482 3054 1624 3128 profectus
1636 3053 1749 3122 luisset,
1765 3073 1781 3108 a
1796 3053 1905 3109 clericis
1922 3063 2070 3108 tornacen-

484 3145 580 3217 sibus,
593 3147 642 3218 qui
654 3146 713 3217 jam
726 3145 942 3220 quadringentis
959 3146 1040 3200 annia
1055 3147 1173 3219 proprio
1190 3147 1321 3219 episcopo
1333 3158 1497 3215 aruerant,
1516 3145 1637 3202 mirabili
1649 3158 1766 3216 eventu,
1780 3147 1839 3202 Deo
1854 3145 2018 3212 ordinante,
2032 3144 2070 3200 ibi

484 3245 612 3309 repertus
629 3237 658 3290 in
673 3240 836 3310 episcopum
848 3237 952 3292 electus
964 3246 1023 3308 est,
1034 3246 1064 3291 et
1075 3255 1091 3289 a
1103 3236 1220 3292 domino
1233 3256 1304 3311 papa
1317 3239 1445 3312 Eugenio
1457 3239 1564 3295 inritus
1577 3249 1606 3294 et
1623 3238 1763 3294 reluctans
1778 3236 1945 3294 obedientie
1958 3236 2069 3292 vinculo

485 3327 652 3382 constrictus
661 3327 787 3400 pontifex
795 3337 973 3383 consecratus
982 3337 1042 3395 est,
1057 3327 1152 3400 sicque
1163 3345 1213 3400 per
1224 3347 1288 3383 eum
1301 3329 1458 3384 tornacensi
1469 3329 1589 3385 ecclesie
1598 3331 1713 3404 antiqua
1724 3329 1846 3403 dignitas
1857 3330 1985 3384 renituta
1996 3345 2069 3382 anno

483 3420 518 3473 ab
543 3420 734 3474 incarnatione
753 3419 869 3474 Domini
893 3421 1000 3478 1115.»
1017 3417 1112 3491 [Vide
1131 3417 1233 3492 Script.
1254 3439 1308 3475 rer.
1328 3421 1434 3493 gallio,
1450 3431 1472 3477 t.
1487 3421 1574 3489 XlV,
1591 3441 1616 3495 p.
1631 3421 1715 3495 311]
1738 3421 1869 3475 ldeniiuit
1893 3431 1922 3475 et
1945 3419 2069 3475 Anselmi

485 3510 600 3568 alterius
617 3513 799 3588 antiquioris,
814 3523 1002 3588 cognomento
1013 3513 1120 3582 Beessi,
1134 3535 1147 3562 ι
1159 3515 1209 3587 qui
1222 3531 1251 3569 se
1260 3513 1418 3569 simulando
1427 3515 1590 3588 religiosum
1603 3533 1659 3570 non
1675 3532 1775 3588 parum
1787 3514 1823 3569 ab
1834 3511 2070 3569 omnibuslauda-

486 3605 569 3661 batur
580 3615 609 3660 et
621 3605 824 3661 honorabatur.
839 3605 923 3661 Unde
936 3617 965 3662 et
981 3624 1034 3680 pro
1046 3605 1182 3681 religione
1195 3624 1245 3660 sna
1261 3605 1408 3661 thesaurus
1423 3607 1544 3662 ecclesie
1555 3606 1736 3664 laudunensis
1748 3608 1773 3662 ei
1789 3606 1939 3662 serrandus
1951 3605 2070 3661 traditus

486 3708 528 3753 est
539 3715 603 3752 cum
616 3695 677 3752 aliis
689 3697 867 3766 custodibus,
886 3697 1020 3773 quoniam
1039 3699 1154 3772 antiqua
1170 3699 1343 3754 consuetudo
1355 3709 1416 3754 erat
1433 3699 1559 3772 ejusdem
1578 3699 1717 3769 ecclesie,
1732 3710 1765 3754 ut
1783 3710 1889 3774 septem
1908 3697 2071 3755 custodibus

487 3791 703 3864 ipsetbesaurus
711 3791 948 3860 committeretur,
958 3810 1080 3867 quornm
1090 3803 1212 3866 quatuor
1219 3791 1411 3860 ecclesiastici,
1421 3802 1478 3848 tres
1487 3811 1552 3848 roro
1561 3804 1653 3848 essem
1662 3793 1735 3848 laici.
1747 3793 1811 3862 Sed,
1822 3804 1853 3849 ut
1863 3812 1897 3849 ex
1906 3793 1960 3848 fine
1969 3792 2069 3866 patuit,

488 3883 571 3958 longe
586 3884 658 3940 alius
671 3895 730 3940 erat
742 3886 773 3940 in
786 3886 870 3941 corde
878 3873 968 3960 'quana
979 3886 1108 3942 homines
1122 3886 1249 3942 riderent
1261 3887 1291 3941 in
1301 3886 1378 3941 lacie.
1396 3885 1505 3944 Videus
1516 3888 1593 3942 euim
1606 3886 1727 3942 multum
1741 3889 1795 3943 sibi
1808 3887 1843 3942 ab
1852 3887 1983 3942 omnibus
1994 3883 2072 3940 credi

485 3995 518 4032 ex
529 3994 599 4032 auro
612 3987 641 4032 et
653 3977 794 4051 lapidibus
805 3981 940 4053 preciosis
953 3979 1058 4055 quibus
1071 3997 1186 4048 croces,
1199 3980 1277 4034 sestis
1289 3979 1388 4035 diebus
1401 3997 1487 4054 super
1497 3979 1583 4036 altare
1596 3980 1748 4054 ponende,
1761 3981 1873 4036 inerant
1884 3989 2000 4053 operte,
2015 3995 2073 4033 non

485 4073 615 4147 exiguam
635 4082 744 4146 partem
769 4073 868 4128 lnrtins
885 4073 1045 4148 discerpens
1066 4073 1173 4128 aurifici
1194 4073 1305 4127 cuidam
1327 4073 1465 4128 vendendi
1486 4091 1567 4128 causa
1586 4073 1742 4129 tradidit.»
1764 4075 1891 4148 Denique
1907 4082 1937 4126 et
1954 4071 2070 4125 tertium

486 4164 650 4223 Auselmum
664 4163 865 4221 laudunensem
882 4178 1035 4236 memorat,
1049 4167 1098 4241 qui
1111 4183 1195 4239 snper
1207 4165 1261 4220 hoc
1279 4165 1402 4220 thesauri
1421 4165 1497 4222 lurto
1509 4166 1569 4238 jana
1587 4165 1698 4222 detecto
1716 4165 1858 4222 consultus
1872 4175 1915 4220 est
1926 4182 1941 4219 a
1953 4161 2072 4237 reliquis

486 4257 607 4314 ecclesie
617 4257 799 4314 laudunensis
811 4260 969 4328 canonicis,
983 4271 1012 4315 et
1024 4279 1039 4314 a
1052 4259 1175 4328 civibus,
1199 4267 1330 4332 tanquam
1346 4257 1424 4313 urbis
1442 4261 1529 4314 totius
1547 4258 1660 4314 lucerna
1672 4270 1702 4315 et
1718 4259 1824 4315 lumen.
1842 4254 1888 4314 Sic
1903 4257 1979 4312 enim
1993 4255 2069 4311 idern

484 4360 583 4406 auctor
595 4350 631 4406 de
643 4368 678 4405 eo
689 4349 816 4425 loquitur
827 4349 923 4424 [Vide
935 4353 1038 4424 Script.
1053 4371 1109 4406 rer.
1120 4351 1226 4424 gallic,
1237 4359 1258 4405 t.
1271 4349 1346 4416 xn,
1358 4368 1388 4423 p.
1398 4350 1476 4424 ili]
1491 4375 1497 4403 :
1510 4373 1525 4400 ι
1536 4350 1669 4406 Protinus
1680 4369 1759 4424 ergo,
1771 4373 1786 4402 s
1800 4349 1894 4425 inquit
1906 4370 1921 4398 a
1934 4346 2069 4424 generalis

485 4455 638 4500 conventus
650 4443 850 4500 canonicorum
863 4455 891 4499 et
904 4445 1008 4500 civium
1020 4453 1198 4512 convocatur,
1210 4441 1279 4517 quid
1290 4461 1361 4516 opus
1374 4445 1411 4499 sit
1423 4444 1495 4500 sacto
1507 4444 1674 4513 discutitur,
1688 4457 1717 4500 et
1729 4465 1785 4520 pre
1796 4444 1928 4500 omnibns
1939 4444 2072 4517 magister

482 4535 647 4602 Anmlmns,
660 4547 728 4592 tnnc
740 4537 876 4612 temporis
887 4538 974 4594 totius
986 4537 1065 4592 urbis
1075 4535 1203 4604 lucerna,
1219 4534 1384 4594 consulitur.
1398 4537 1464 4606 Ille,
1478 4547 1510 4592 ut
1525 4537 1625 4594 divine
1639 4538 1709 4612 legis
1719 4539 1920 4613 peritissimus,
1934 4537 2070 4592 mutinuo

483 4629 572 4683 Josne
586 4629 703 4702 replicat
717 4631 881 4700 historiam,
899 4629 1042 4707 quomodo
1059 4629 1165 4685 scilicet
1177 4629 1286 4684 furtum
1299 4631 1329 4685 in
1345 4631 1474 4699 llierico,
1494 4631 1573 4688 nullo
1590 4633 1712 4701 sciente,
1726 4633 1830 4687 tactum
1839 4631 1977 4687 ὓοιιιίιιιιι
1987 4629 2071 4702 jussit

484 4709 558 4776 sorte
574 4723 719 4796 perquiri,
739 4725 831 4796 primo
851 4741 902 4797 per
916 4723 1024 4792 tribus,
1038 4722 1140 4779 deinde
1153 4740 1204 4796 per
1220 4721 1339 4779 familias
1355 4741 1387 4778 ac
1407 4723 1521 4793 domos,
1543 4724 1580 4779 ad
1592 4724 1725 4780 ultimum
1745 4723 1907 4798 singillatim
1921 4741 1972 4798 per
1984 4723 2067 4777 sima.

484 4813 576 4886 instar
584 4813 670 4886 hujus
684 4824 741 4870 tam
750 4815 860 4871 subtilis
874 4817 1086 4891 perquisitionis
1099 4817 1222 4872 consulit
1236 4818 1371 4890 magister
1384 4818 1547 4885 huselmus,
1564 4829 1597 4874 ut
1608 4819 1679 4874 tanti
1693 4819 1825 4875 facinoris
1846 4829 1945 4874 auctor
1960 4815 2071 4889 jndicio

485 4924 562 4982 aquae
573 4907 795 4982 perquireretur,
804 4927 837 4963 ac
844 4908 881 4964 de
888 4909 1007 4983 singulis
1017 4908 1097 4965 urbis
1105 4910 1261 4984 parrochiis
1271 4927 1343 4966 nnus
1355 4909 1445 4966 infans
1457 4911 1591 4968 innocens
1602 4913 1631 4968 in
1643 4929 1705 4969 rase
1715 4931 1793 4989 aque
1803 4912 1955 4969 benedicas
1964 4910 2071 4985 repleto

487 5009 657 5071 poneretur,
670 5010 700 5055 et
711 5017 883 5076 quecunque
895 5003 1043 5076 parrochia
1055 5013 1130 5059 sorte
1143 5001 1290 5077 culpabilis
1302 5005 1488 5076 reperiretur,
1501 5004 1538 5059 de
1558 5005 1676 5079 singulis
1688 5005 1819 5061 domibus
1831 5005 1956 5078 ejusdem
1972 5021 2071 5078 parro-

486 5089 556 5146 chie
567 5109 641 5147 unns
653 5091 744 5147 inians
758 5093 788 5149 in
801 5111 873 5168 aqua
885 5106 1056 5168 poneretur,
1070 5105 1099 5151 et
1112 5113 1284 5171 quecunque
1297 5093 1398 5150 domus
1411 5095 1584 5171 deprebensa
1596 5097 1706 5166 fuisset,
1722 5117 1819 5154 omnes
1833 5101 1885 5154 riri
1904 5097 1947 5153 rel
1960 5096 2070 5152 lemine

483 5182 519 5239 ad
533 5201 593 5239 eam
606 5186 778 5260 pertinentes
788 5185 898 5259 jndicio
911 5207 987 5263 aque
995 5208 1024 5245 se
1035 5207 1158 5264 purgare
1170 5199 1348 5264 cogerentur.
1361 5211 1374 5240 s
1388 5189 1471 5246 Unde
1483 5201 1512 5248 et
1523 5203 1599 5264 patet
1611 5193 1687 5247 hunc
1696 5193 1879 5265 posteriorem
1894 5190 2067 5260 Anselmnm,
