4588 6106
472 615 540 688 196
898 614 1023 685 PETRl
1054 613 1285 686 luminant
1311 615 1366 686 ΕΤ
1391 615 1614 686 HELOlSSAE
1656 647 1660 656 ’

468 752 701 852 philosophos
718 774 860 834 tuorum
877 753 1095 833 aedificator:
1116 783 1133 821 u
1154 755 1400 851 Propositum,
1419 783 1435 822 u
1456 754 1569 850 inquit
1580 759 1609 842 ¹,
1633 767 1829 824 «nostrum
1849 768 1902 824 est
1919 777 2042 826 secun

468 871 554 951 dum
575 889 736 957 natumm
756 874 886 945 vivere.
905 879 981 949 Hoc
999 889 1122 946 contra
1142 888 1304 946 naturam
1322 889 1393 960 est,
1416 889 1579 971 torquere
1592 897 1724 970 corpus
1738 895 1863 962 suum,
1878 887 1913 944 et
1927 873 2041 946 faciles

467 991 582 1062 odisse
600 992 811 1081 munditias,
835 1008 870 1064 et
887 993 1095 1088 squalorem
1112 1008 1300 1090 appetere,
1319 1009 1356 1064 et
1374 991 1461 1063 cibis
1479 1006 1711 1064 non'tantum
1733 991 1858 1063 vililrus
1885 993 1957 1080 uti,
1977 993 2040 1063 sed

466 1111 562 1180 tetris
588 1125 622 1182 et
649 1111 812 1184 horridis,
834 1111 1147 1198 Quemadmodum
1176 1112 1374 1184 desiderare
1397 1112 1563 1184 delicatas
1588 1137 1643 1184 res
1671 1113 1817 1184 luxuriae
1839 1127 1908 1201 est,
1936 1113 2041 1183 itaet

466 1231 608 1302 usitatas
621 1247 655 1306 et
671 1258 744 1306 nou
765 1257 894 1329 magno
906 1232 1080 1332 parabiles
1091 1233 1208 1329 fugere
1220 1232 1670 1330 dementiae.Fmgalitatem
1685 1233 1790 1329 exigit
1802 1231 2036 1331 philosophia,

464 1373 536 1420 uon
565 1376 719 1446 poenam.
754 1357 873 1425 Potest
899 1369 1018 1427 tamea
1035 1374 1120 1426 esse
1143 1377 1216 1422 non
1235 1353 1470 1450 incomposita
1491 1351 1680 1448 frugalitas.
1706 1353 1771 1424 Hic
1799 1351 1887 1422 mihi
1914 1352 2040 1424 modus

463 1468 627 1564 placet.»
651 1471 752 1552 Unde
770 1487 806 1544 et
823 1473 1017 1569 Gregorius
1035 1471 1227 1544 Moralium
1251 1471 1341 1544 libro
1367 1476 1498 1560 XXX',
1520 1497 1631 1568 quum
1650 1473 1734 1569 ipsis
1753 1471 1941 1542 hominum
1963 1495 2039 1542 mo-

463 1588 560 1661 ribus
580 1615 653 1670 nou
673 1606 744 1662 tam
763 1591 929 1665 ciborum
948 1615 1056 1688 quarn
1075 1593 1277 1667 animorum
1295 1592 1500 1688 qualitatem
1520 1591 1771 1664 attendendam
1787 1615 1865 1662 esse
1881 1591 2035 1680 doceret,

462 1735 503 1780 ac
515 1709 605 1805 gulae
623 1711 833 1784 tentationes
846 1711 1076 1808 distingueret
1093 1737 1103 1779 ι
1123 1741 1140 1778 u
1157 1710 1373 1807 Aliquando,
1395 1711 1558 1807 eloquit,
1580 1740 1596 1778 u
1609 1710 1708 1782 cilios
1722 1709 1889 1782 lautiores
1902 1711 2035 1806 quaerit,

461 1829 653 1925 aliquando
682 1829 846 1926 quaelihet
868 1829 1045 1904 sumenda
1066 1831 1253 1926 praeparari
1273 1831 1470 1904 accuratius
1490 1831 1635 1928 appetit.
1663 1833 1929 1926 Nonnunquam
1955 1853 2038 1902 vero

462 1965 497 2036 et
514 1949 681 2044 abjectius
701 1949 868 2045 estquod
886 1948 1084 2036 desiderat,
1109 1964 1144 2018 et
1164 1964 1281 2021 tamen
1303 1949 1380 2045 ipso
1401 1963 1485 2020 aestu
1506 1948 1669 2022 immensi
1687 1947 1853 2020 desiderii
1869 1965 2003 2045 peceat.
2019 1979 2036 2018 r

462 2075 512 2168 Ex
530 2072 680 2166 AEgypto
697 2068 850 2168 populus
870 2068 1021 2144 eductus
1038 2070 1075 2140 iu
1095 2068 1241 2143 heremo
1264 2069 1455 2156 occubuit,
1484 2070 1566 2165 quia
1592 2068 1759 2166 despecto
1782 2093 1913 2140 manna
1941 2071 2039 2144 cibos

461 2190 621 2262 carnium
640 2189 757 2285 petiit,
781 2212 872 2284 quos
889 2188 1056 2260 lautiores
1073 2190 1221 2286 putavit.
1239 2193 1281 2260 Et
1298 2190 1615 2285 primogenitorum]
1631 2188 1779 2284 gloriam
1798 2193 1887 2262 Esau
1904 2191 2035 2276 amisit,

462 2311 545 2406 quia
560 2332 692 2404 magno¹
706 2321 790 2382 aestu
810 2306 975 2411 desiderii
989 2306 1093 2381 vilem
1112 2306 1245 2394 cibum,
1263 2307 1298 2378 id
1315 2323 1368 2380 est
1383 2307 1586 2380 lenticulam
1600 2308 1817 2406 concupivit,
1831 2328 1937 2404 quam
1950 2309 2037 2380 dum

464 2429 659 2510 vendendis
675 2429 780 2501 etiam
799 2427 1225 2525 primogenitispraelulit,
1239 2452 1312 2523 quo
1327 2428 1363 2498 in
1378 2426 1474 2497 illam
1485 2428 1648 2524 ,appetitu
1659 2417 1848 2498 anhelaret
1859 2428 2035 2502 indicavit.

464 2555 584 2646 Neque
596 2549 697 2632 ,enim
721 2547 840 2635 cibus,
860 2546 923 2618 sed
938 2547 1113 2645 appetitus
1127 2545 1165 2626 in
1179 2547 1263 2616 vitio
1283 2560 1345 2618 est.
1365 2545 1467 2618 Unde
1485 2560 1520 2616 et
1534 2544 1699 2622 lautiores
1711 2545 1810 2616 cibos
1830 2547 2040 2645 plerumque

463 2673 538 2745 sine
558 2669 663 2767 culpa
680 2668 871 2755 sumimus,
893 2681 929 2736 et
940 2665 1149 2762 abjectiores
1167 2691 1240 2738 non
1265 2667 1340 2738 sine
1358 2682 1455 2738 reatu
1480 2667 1703 2738 conscientiae
1720 2665 1958 2762 degustamus.
1977 2670 2039 2740 llic

462 2791 595 2887 quippe
621 2813 728 2884 quem
757 2787 909 2859 diximus
927 2789 1017 2859 Esau
1032 2789 1042 2822 ³
1060 2787 1249 2883 primatum
1270 2813 1335 2884 per
1352 2785 1555 2860 lenticulam
1572 2785 1727 2883 perdidit
1745 2801 1780 2858 et
1796 2786 1910 2858 Elias*
1927 2787 2040 2860 iuhe-

462 2933 570 2980 remo.
583 2911 744 2983 virtutem
762 2907 926 3004 corporis
941 2929 1065 2986 carnes
1083 2904 1225 2986 edendo
1247 2887 1409 2981 serravit.
1435 2905 1538 2980 Unde
1555 2921 1592 2978 et
1608 2906 1773 3002 antiquus
1797 2906 1929 2996 hostis,
1956 2887 2040 3003 quia
2085 2927 2090 2936 ’

463 3054 534 3100 non
563 3027 701 3114 cibum,
731 3027 793 3103 sed
825 3025 902 3096 cibi·
919 3025 1243 3122 concupiscentiam
1267 3049 1343 3096 esse
1366 3049 1510 3098 causam
1535 3023 1773 3096 damnationis
1799 3025 1979 3122 intelligit,
2005 3045 2039 3098 et

462 3153 616 3248 primum
639 3149 705 3220 sibi
725 3148 910 3236 hominem
927 3171 1000 3221 nou
1019 3169 1146 3234 carue,
1161 3145 1223 3218 sed
1240 3170 1350 3243 pomo
1369 3144 1543 3233 subdidit,
1560 3159 1595 3218 ct
1607 3145 1805 3218 secundmn
1821 3169 1895 3218 uon
1914 3169 2036 3235 carue,

461 3267 524 3338 sed
542 3292 633 3364 pane
656 3267 813 3338 tentavit.
841 3266 930 3338 Hinc
950 3279 1007 3350 est
1029 3263 1127 3360 quod
1156 3263 1366 3360 plerumque
1395 3264 1507 3338 Adam
1537 3263 1641 3360 culpa
1662 3264 1908 3353 committitur,
1934 3269 2038 3338 etiam

461 3411 573 3484 quum
597 3385 731 3480 abjecta
747 3401 781 3456 et
801 3384 880 3455 vilia
898 3399 1099 3459 sumuntur.
1119 3387 1167 3454 Ea
1180 3383 1299 3479 itaque
1312 3383 1485 3456 sumenda
1499 3399 1598 3473 sunt,
1613 3407 1692 3480 quae
1706 3397 1838 3456 nature
1854 3387 2039 3458 necessitas

462 3509 636 3603 quaeritet
651 3529 724 3579 nou
746 3529 824 3600 quae
841 3503 970 3579 edendi
989 3502 1100 3578 libido
1125 3505 1290 3599 suggerit.
1311 3503 1438 3574 Minori
1459 3527 1542 3576 vero
1563 3503 1739 3576 desiderio
1757 3505 2040 3602 concupiscimus

462 3651 541 3723 quse
554 3627 670 3696 minus
685 3625 846 3722 praetiosa
863 3647 938 3699 esse
958 3621 1135 3708 videmuS,
1156 3638 1195 3692 et.
1211 3647 1288 3718 quae
1311 3623 1421 3719 magis
1439 3621 1641 3712 abundant,
1666 3638 1702 3694 et
1722 3623 1823 3696 vilius
1845 3640 2035 3695 emuntur:

460 3748 550 3821 sicut
571 3760 621 3816 est
640 3745 888 3816 communium
910 3741 1010 3816 cibus
1036 3743 1216 3829 carnium,
1241 3743 1302 3838 qui
1321 3757 1357 3812 et
1373 3739 1551 3814 infirmam
1570 3757 1731 3812 naturam
1753 3742 1865 3814 multo
1890 3743 2040 3814 validius

460 3891 569 3963 quam
587 3866 699 3960 pisces
720 3864 915 3952 confortat,
937 3877 975 3945 et
990 3863 1145 3935 minores
1176 3885 1370 3960 expensas,
1394 3875 1430 3934 et
1457 3860 1648 3935 faciliorem
1678 3861 1787 3932 habet
1816 3877 2035 3960 apparatum.

462 3991 551 4056 Usus
571 3998 689 4056 autem
708 3985 869 4056 carnium
885 4003 926 4054 ac
946 3983 1037 4072 viui,
1057 3984 1147 4055 sicut
1165 3961 1201 4054 et
1218 3983 1366 4079 nuptiae,
1383 3981 1593 4054 intermedia
1612 3980 1750 4052 boniet
1769 3981 1875 4072 nuli,
1901 3982 1972 4055 hoc
1989 3999 2041 4056 est

460 4101 695 4176 indifferentia
715 4117 980 4202 computantur,
1002 4102 1239 4199 licetcopulat
1254 4101 1419 4200 nuptialis
1436 4125 1518 4172 usus
1544 4101 1694 4174 omuino
1720 4116 1866 4198 peccato
1889 4126 1964 4174 non
1986 4129 2041 4176 ca-

460 4239 552 4312 reat,
577 4238 612 4294 et
636 4223 757 4294 vinum
779 4221 945 4296 omnibus
967 4222 1142 4295 alimentis
1166 4221 1396 4319 periculosius
1417 4221 1553 4292 existat.
1577 4219 1685 4308 Quod
1707 4221 1868 4317 profecto
1893 4224 1922 4292 si
1949 4239 2041 4294 tem-

423 4371 424 4377 *
461 4321 579 4441 peitate
593 4358 776 4441 sumptum
795 4341 952 4438 religioni
972 4361 1046 4415 non
1066 4341 1298 4430 interdicitur,
1322 4339 1410 4436 quid
1428 4339 1578 4413 aliorum
1599 4341 1763 4411 timemus
1775 4339 2036 4431 alimentorum,

460 4463 658 4539 dummodo
675 4465 713 4534 in
733 4465 782 4534 cis
808 4461 936 4536 modus
962 4486 1036 4533 non
1055 4461 1270 4534 excedatur?
1293 4461 1331 4532 Si
1345 4459 1470 4532 beatus
1484 4461 1603 4558 ipsum
1621 4459 1830 4531 benedictus
1846 4461 1946 4557 quod
1967 4486 2040 4534 mo-

461 4583 657 4654 nachorum
679 4607 755 4653 non
771 4603 849 4652 esse
874 4580 1060 4677 profitetur
1071 4583 1094 4669 ⁵,
1119 4573 1275 4676 quadam
1300 4594 1417 4652 tamen
1442 4579 1704 4676 dispensatione
1724 4579 1907 4667 monachis
1937 4581 2042 4677 hujus

462 4701 744 4799 temporis,jam
765 4699 1008 4795 refrigescente
1026 4697 1372 4796 pristiuaeoharitatis
1386 4698 1550 4786 fervore,
1568 4697 1768 4768 concedere
1780 4698 1939 4793 cogitur-3
1954 4699 2040 4796 quid

462 4835 585 4894 caetera
605 4841 679 4904 nou
701 4819 883 4916 indulgere
902 4818 1049 4894 feminis
1060 4818 1274 4906 debeamus,
1295 4843 1373 4915 quae
1390 4818 1509 4892 adhuc
1526 4820 1576 4890 eis
1594 4816 1691 4898 nulla
1708 4817 1880 4914 professio
1898 4819 2042 4892 interdi-

498 5131 502 5153 ¹
524 5127 599 5192 Epist.
616 5143 638 5175 r.
652 5151 683 5162 -
695 5125 704 5150 '
716 5125 776 5192 Cap.
789 5143 860 5187 artu,
875 5129 936 5191 opp.
951 5139 967 5178 t.
981 5129 1005 5187 Ι,
1021 5128 1067 5180 ccl.
1080 5129 1137 5180 983.
1152 5156 1180 5166 -
1193 5127 1203 5155 ⁸
1218 5129 1313 5186 Gener„
1327 5141 1380 5192 cap.
1397 5141 1455 5186 xxv,
1471 5141 1494 5176 r.
1508 5123 1550 5175 il.
1562 5123 1615 5164 -‘
1628 5126 1689 5190 fleg.
1706 5125 1756 5188 ΙΙΙ,
1770 5139 1826 5191 cap.
1837 5141 1932 5189 xru,r.
1946 5128 2040 5191 letrq.

462 5243 494 5254 -
504 5217 513 5241 ⁵
525 5215 621 5280 Regni„
632 5231 687 5279 cap.
702 5231 737 5263 ιι.
