4522 6102
871 623 1105 698 EPISTOLAE.
1732 623 1788 690 75Ι

202 769 326 856 serim,
354 782 391 838 et
414 789 522 863 quam
550 763 759 842 miserabili¹
780 787 864 836 casu
895 789 1033 836 summa
1057 781 1091 834 et
1113 763 1245 860 ubique
1270 779 1355 834 nota
1381 745 1559 862 proditio¹
1583 787 1641 835 me
1667 764 1779 862 ipsam

204 911 346 986 quoque
365 885 452 958 mihi
470 900 588 958 tecum
600 885 802 974 abstulerit,
817 899 852 958 et
864 883 1201 982 incomparabiliter⁸
1214 883 1328 977 major
1344 884 1388 954 sit
1405 883 1510 954 dolor
1523 909 1565 953 ex
1583 883 1781 985 amissionis

205 1007 316 1080 modo
329 1029 436 1103 quarn
450 1007 514 1076 εκ*
532 1004 677 1078 damno.
695 1008 777 1092 Quo
796 1029 881 1079 vero
894 1004 1007 1099 major
1025 1017 1078 1074 est
1095 1001 1242 1073 dolendi
1260 1025 1384 1090 causa,
1399 1001 1533 1096 majora
1553 1016 1636 1071 sunt
1654 1024 1781 1072 conso·

206 1128 343 1200 lationis
364 1124 567 1198 adhibenda
587 1125 761 1215 remedia,
780 1149 853 1196 non
873 1125 995 1220 utique
1017 1121 1062 1196 ab
1079 1122 1166 1212 alio,
1187 1120 1282 1194 seda
1297 1122 1428 1220 teips0,
1452 1123 1566 1216 utqui
1584 1121 1680 1192 solus
1693 1145 1731 1192 es
1745 1121 1780 1192 in

207 1271 309 1318 causa
322 1245 489 1333 dolendi,
505 1246 602 1317 solus
615 1248 662 1317 sis
675 1247 712 1318 in
726 1247 836 1342 gratia
848 1242 1071 1316 consolandi.
1087 1243 1190 1314 Solus
1203 1243 1336 1339 quippe
1351 1265 1388 1312 es
1401 1243 1463 1338 qui
1477 1266 1535 1312 me
1552 1242 1779 1328 contristare,

205 1367 266 1464 qui
280 1390 339 1436 me
352 1364 546 1454 laetificare,
567 1391 630 1437 seu
644 1365 819 1440 consolari
834 1365 960 1436 valeas.
978 1367 1021 1434 Et
1038 1363 1135 1434 solus
1149 1387 1186 1434 es
1200 1363 1261 1458 qui
1279 1361 1474 1460 plurimum
1489 1359 1526 1432 id
1539 1361 1625 1432 mihi
1636 1360 1780 1447 debeas,

205 1501 239 1557 et
254 1501 338 1556 tunc
351 1486 504 1556 maxime
517 1510 629 1581 quum
643 1487 805 1558 universa
820 1507 898 1580 quae
907 1483 1051 1579 jusseris
1066 1484 1103 1553 in
1116 1497 1255 1553 tantum
1269 1481 1503 1578 impleverim,
1520 1495 1558 1552 ut
1573 1506 1685 1577 quum
1698 1495 1733 1552 te
1747 1483 1783 1552 iu

205 1605 325 1701 aliquo
355 1603 536 1676 olleudere
558 1629 632 1676 non
651 1629 814 1702 possem,
835 1604 1008 1699 meipsam
1030 1626 1097 1701 pro
1114 1603 1213 1698 jussu
1233 1617 1295 1672 tuo
1317 1600 1466 1699 perdere
1496 1601 1718 1672 sustinerem.
1741 1606 1785 1675 Et

205 1723 304 1821 quod
322 1725 436 1819 majus
453 1738 524 1812 est,
545 1725 713 1821 dictuque
738 1724 919 1812 mirabile,
947 1725 982 1794 in
1007 1735 1141 1796 tantmn
1165 1726 1310 1797 versus⁸
1331 1737 1385 1792 est
1407 1747 1509 1793 amor
1531 1723 1725 1810 insaniam,
1746 1739 1786 1794 ut

207 1843 305 1940 quod
318 1843 436 1916 solum
449 1843 658 1943 appetebat,
678 1843 750 1914 hoc
768 1847 843 1941 ipse
861 1841 925 1914 sibi
945 1843 1021 1914 sine
1039 1867 1101 1940 spe
1120 1842 1397 1940 recuperationis
1415 1842 1585 1932 auferret,
1607 1867 1720 1939 quum
1740 1842 1786 1913 ad

209 1980 305 2036 tuam
320 1965 437 2036 statim
452 1965 755 2058 jussionem⁸tam
768 1963 930 2034 habitum
943 1963 1018 2060 ipsa
1036 1985 1144 2058 quam
1161 1961 1320 2034 animum
1339 1963 1565 2040 immutarem
1583 1987 1590 2028 ε
1609 1977 1648 2032 ut
1662 1977 1696 2034 te
1714 1978 1787 2034 tam

210 2083 368 2182 corporis
382 2085 452 2156 mei
464 2108 573 2180 quam
585 2085 694 2156 animi
707 2084 852 2156 unicum
863 2105 1104 2180 possessorem
1114 2085 1124 2118 ⁷
1135 2081 1372 2155 ostenderem.
1391 2080 1483 2152 Nihil
1500 2105 1661 2179 unquam
1673 2082 1789 2176 (Deus

210 2201 297 2296 scit)
313 2203 350 2274 in
370 2216 404 2272 te
431 2202 555 2274 uisite
579 2202 763 2299 requisivi3
785 2217 948 2305 tepore,
976 2224 1051 2272 non
1078 2215 1139 2272 tua
1169 2201 1436 2298 concupiscens.
1467 2205 1545 2272 Non
1571 2201 1788 2272 matrimonii

210 2321 364 2414 loedera,
387 2347 461 2394 non
480 2323 583 2397 dotes
602 2322 737 2419 aliquas
757 2323 957 2420 expectavi,
978 2345 1052 2392 uon
1076 2320 1232 2417 denique
1251 2343 1347 2392 meas
1366 2320 1564 2417 voluptates
1582 2335 1643 2391 aut
1661 2321 1788 2391 volun·

208 2457 315 2530 tates,
332 2442 396 2514 sed
415 2457 515 2534 tuas,
532 2445 714 2542 sicutipse
728 2444 821 2514 nosti
839 2497 848 2532 ,
870 2433 1064 2540 adimplere
1082 2440 1213 2512 studui.
1233 2444 1274 2510 Et
1287 2442 1316 2510 si
1336 2441 1473 2514 uxoris⁸
1487 2464 1619 2511 nomen
1638 2441 1791 2512 sanctius

210 2589 250 2634 ac
267 2563 419 2636 validius
437 2564 596 2655 videtur,
623 2564 763 2636 dulcius
781 2565 869 2635 mihi
887 2587 1029 2660 semper
1046 2563 1158 2634 extitit
1176 2561 1298 2632 amicae
1316 2560 1548 2650 vocalaulum3
1569 2577 1647 2649 aut,
1668 2561 1695 2630 si
1716 2584 1790 2631 non

209 2683 420 2780 indigneris,
442 2685 651 2758 concubinae
668 2685 725 2756 vel
744 2685 871 2774 scorti;
893 2699 951 2773 ut,
973 2707 1047 2779 quo
1066 2707 1124 2753 me
1142 2680 1306 2752 videlicet
1324 2706 1391 2779 pro
1408 2699 1442 2752 te
1460 2680 1612 2779 amplius
1628 2679 1793 2751 humilia·

209 2829 302 2895 rem,
319 2805 530 2904 ampliorem
548 2805 645 2903 apud
659 2820 693 2876 te
704 2829 942 2902 consequerer
960 2804 1124 2900 gratiam,
1141 2803 1241 2873 etsie
1258 2802 1365 2874 etiam
1383 2800 1597 2872 excellentie.
1610 2803 1699 2872 tuae⁹
1717 2799 1792 2896 glo-

209 2927 300 2996 riam
323 2926 441 2996 minus
465 2923 643 3000 loederem.
664 2926 773 3012 Quod
792 2941 827 2996 et
848 2925 981 3022 tuipse
1000 2923 1051 2994 tui
1072 2921 1183 3019 gratia
1204 2919 1335 2992 oblitus
1354 2921 1495 3018 penitus
1514 2945 1588 2991 non
1616 2920 1734 3007 luisti,
1756 2920 1792 2990 in

209 3071 276 3136 ea,
293 3071 402 3143 quam
419 3069 526 3144 supra
547 3047 716 3134 memini,
736 3045 787 3116 ad
806 3048 971 3116 Amicum
989 3041 1138 3142 epistola
1154 3065 1221 3138 pro
1235 3039 1480 3111 consolatione
1498 3039 1650 3126 directa;
1678 3037 1739 3108 ubi
1758 3055 1794 3110 et

210 3167 366 3238 rationes
380 3165 570 3238 nonnullas
584 3219 593 3255 ,
611 3164 742 3262 quihus
757 3179 790 3234 te
809 3187 829 3236 a
843 3163 1011 3259 conjugio
1025 3175 1149 3232 nostro
1162 3159 1321 3231 infaustis
1333 3159 1496 3230 thalamis
1506 3184 1673 3232 revocare
1687 3183 1795 3231 cona·

210 3285 274 3358 bar
285 3340 296 3375 ,
309 3311 488 3385 exponere
502 3311 577 3360 non
586 3311 625 3358 es
637 3284 866 3382 dedignatus,
883 3283 946 3354 sed
959 3281 1137 3382 plerisque
1149 3280 1281 3366 tacitis,
1296 3277 1426 3376 quibus
1439 3302 1599 3350 amorem
1612 3281 1793 3376 conjugio,

209 3405 410 3478 libertatem
428 3405 571 3477 vinculo
589 3403 832 3503 praeferebam.
859 3407 975 3474 Deum
994 3416 1122 3474 testem
1143 3400 1295 3487 invo00,
1316 3400 1345 3470 si
1363 3423 1421 3470 me
1444 3401 1618 3494 Augustus
1633 3400 1796 3473 universo

210 3524 404 3622 praesidens
416 3523 554 3598 mundo
573 3524 791 3596 matrimonii
809 3522 950 3593 honore
969 3519 1191 3618 dignaretur,
1217 3533 1404 3615 totumque
1422 3517 1510 3588 mihi
1526 3517 1652 3590 orbem
1669 3519 1798 3590 confir-

210 3659 325 3716 maret
355 3645 393 3715 in
421 3658 598 3742 perpetuo
626 3639 914 3742 praesidendum,
944 3640 1061 3712 carius
1087 3637 1174 3709 mihi
1206 3652 1241 3710 et
1264 3637 1406 3734 dignius
1432 3635 1614 3708 videretur
1641 3651 1702 3709 tua
1728 3638 1797 3707 dici

210 3763 397 3852 meretrix,
419 3787 528 3860 quam
545 3762 638 3834 illius
654 3761 871 3860 imperatrix.
895 3764 974 3832 Non
998 3759 1095 3829 enim
1114 3781 1187 3853 quo
1206 3758 1357 3853 quisque
1375 3755 1484 3827 ditior
1507 3757 1580 3827 sive
1598 3757 1795 3854 potentior,

211 3881 294 3954 ideo
306 3895 349 3952 ¹et
367 3881 513 3970 melior3
535 3881 687 3953 fortunae
707 3879 794 3952 illud
815 3893 892 3968 est,
913 3877 982 3948 hoc
1000 3875 1150 3947 virtutis.
1170 3879 1242 3946 Nee
1257 3899 1295 3946 se
1313 3874 1460 3946 minime
1478 3872 1640 3946 venalem
1654 3875 1802 3946 aestimet

213 4024 289 4072 esse
307 4024 388 4097 quae
400 4000 566 4074 libentius
577 4000 698 4072 ditiori
716 4023 825 4097 quam
843 3996 991 4096 pauperi
1003 3993 1127 4084 nubit,
1149 4007 1185 4064 et
1197 3993 1277 4090 plus
1291 3995 1327 4065 in
1342 3995 1469 4064 marito
1482 4017 1545 4066 sua
1562 4017 1671 4091 quam
1682 3995 1799 4093 ipsum

213 4121 447 4218 concupiscit.
468 4123 571 4193 Certe
590 4142 844 4216 quamcunque
870 4115 916 4189 ad
933 4115 1074 4214 nuptias
1092 4112 1168 4184 haec
1192 4114 1482 4211 concupiscentia
1489 4117 1509 4151 ¹⁰
1529 4114 1644 4203 ducit,
1666 4140 1800 4186 merces

215 4241 249 4312 ei
268 4240 386 4336 potius
405 4263 513 4336 quam
532 4240 642 4336 gratia
656 4234 817 4310 debetur.
834 4240 979 4308 Certum
997 4235 1129 4332 quippe
1148 4247 1200 4304 est
1217 4255 1297 4303 eam
1316 4257 1372 4304 res
1390 4232 1504 4330 ipsas,
1526 4257 1601 4304 non
1614 4232 1799 4305 hominem
1883 4209 1889 4220 ¹

214 4360 333 4458 sequi,
356 4375 467 4450 etse,
487 4361 516 4432 si
531 4374 673 4458 posset,
691 4357 780 4430 velle
798 4357 1011 4455 prostituere
1028 4353 1160 4426 ditiori.
1182 4353 1281 4424 Sicut
1298 4352 1459 4424 inductio
1478 4353 1536 4425 illa
1559 4354 1708 4451 Aspasiae
1721 4352 1800 4450 phi-

216 4479 377 4576 losophae
388 4479 487 4578 apud
498 4479 712 4551 socraticum
730 4475 936 4548 AEsehinem
949 4497 1032 4546 eum
1045 4469 1285 4571 Xenophonte
1298 4487 1334 4543 et
1346 4496 1455 4542 uxore
1470 4471 1545 4567 ejus
1557 4469 1677 4542 habita
1689 4471 1800 4542 mani-

216 4598 300 4672 feste
322 4597 546 4674 convmcitfl.
581 4602 699 4686 Quam
723 4595 867 4694 quidem
895 4593 1142 4668 inductionem
1167 4617 1278 4690 quum
1304 4591 1471 4691 predicta
1505 4590 1720 4692 philosopha
1753 4591 1798 4661 ad

219 4718 502 4794 reconciliandos
529 4719 684 4792 invicem
708 4717 788 4790 illos
811 4717 1075 4815 proposuisset,
1096 4712 1157 4810 tali
1176 4712 1248 4786 fine
1272 4715 1385 4813 ipsam
1397 4715 1416 4750 ¹¹
1438 4710 1613 4784 conclusit
1639 4739 1646 4782 :
1675 4713 1800 4800 «Quia

254 4973 261 5000 ¹
281 4979 385 5028 aaran
405 4977 476 5028 ΜΒ.
493 5005 515 5014 -
533 4977 543 5006 ¹
560 4979 669 5029 Eviratio
689 4975 760 5026 tttts.
778 5001 806 5009 -
821 4975 831 5000 ⁸
844 4975 902 5026 Siue
922 4977 993 5026 dubio
1027 4975 1139 5026 atis-
1152 4972 1473 5038 ’⁰11oecauusacrasama
1486 4971 1554 5022 tttts.
1569 4997 1601 5009 -
1614 4971 1633 4997 ¹¹
1649 4971 1800 5022 Demonstrat

225 5057 290 5112 llllS.
302 5060 360 5103 ·-···‘
377 5061 493 5118 inseritur
511 5068 562 5124 ipsu
584 5061 654 5112 titis,
671 5087 704 5097 -
722 5060 733 5086 ⁸
751 5059 856 5109 'utatur
875 5058 946 5110 llllS.
966 5087 993 5096 -
1027 5057 1351 5110 tuis,-cicer.ue1mem.
1368 5055 1393 5116 l,
1408 5071 1477 5106 uxr.
1489 5083 1518 5092 -
1532 5053 1553 5081 ¹¹
1564 5055 1604 5106 sie
1618 5053 1685 5108 dBl).
1696 5056 1799 5118 dmum

228 5140 237 5167 ⁸
251 5144 297 5195 Teo
309 5147 435 5210 confestim
443 5147 511 5208 jussu
524 5143 593 5196 ntis,
613 5174 632 5182 -
648 5144 656 5172 ¹
670 5145 796 5196 omnum
809 5141 880 5194 ntis.
889 5141 940 5181 -·⁸
953 5143 995 5193 ln·
1028 5143 1098 5196 deest
1111 5143 1174 5193 Edd.

228 5228 481 5282 unsaramma
494 5229 565 5281 tttts
578 5228 631 5267 -⁰
646 5230 736 5280 indolis
751 5240 799 5279 trroe
814 5232 996 5291 perspicacioris
