4486 6100
543 792 632 865 CUM
657 791 784 865 PE'IRl
812 794 1041 866 sumtuum
1064 793 1381 868 sutuutorttssus
1694 793 1767 876 269

179 935 260 1032 qnia
278 933 517 1034 periculosum
532 948 585 1007 est
599 935 742 1030 jurare,
768 959 813 1026 ne
830 935 1074 1033 perjuremus,
1091 936 1259 1025 omnine,
1280 948 1456 1032 quantum
1469 956 1677 1032 possumus,
1692 891 1764 1144 bod

180 1077 384 1142 caveamus,
408 1078 454 1125 ne
474 1053 591 1150 aliqua
612 1053 804 1151 dignitate,
827 1078 934 1152 quam
950 1080 1006 1126 res
1021 1053 1170 1144 habeat,
1193 1079 1258 1154 per
1275 1054 1387 1151 ipsam
1402 1054 1522 1148 jurare
1540 1069 1730 1151 appetamu

182 1175 253 1246 sive
269 1174 346 1272 ipsa
366 1173 411 1244 sit
433 1177 548 1262 Deus,
573 1188 611 1244 ut
635 1188 720 1272 pote
743 1173 925 1265 Christus,
949 1199 1010 1246 seu
1035 1199 1256 1272 quaecunque
1273 1186 1434 1245 creatura
1456 1198 1498 1245 ex
1518 1177 1594 1246 Deo
1609 1198 1681 1271 prae
1701 1165 1761 1278 uel

184 1295 266 1364 teris
283 1290 418 1388 aliquid
437 1291 617 1389 dignitatis
633 1292 774 1393 adepta.
792 1297 915 1365 Jurare
929 1308 1048 1366 autem
1066 1319 1131 1392 per
1145 1293 1301 1391 aliquid,
1325 1307 1378 1364 est
1393 1314 1460 1362 nos
1474 1293 1507 1364 ei
1521 1293 1576 1364 cui
1587 1292 1763 1390 juramus}-

180 1412 399 1500 concedere,
423 1427 464 1484 ut
481 1412 569 1484 nihil
588 1413 803 1486 utilitatisin
825 1437 866 1485 ea
885 1439 940 1503 re,
963 1439 1028 1514 per
1047 1438 1155 1512 quam
1174 1415 1356 1510 juramus,
1376 1411 1574 1484 habeamus
1594 1413 1762 1503 ulterius,

181 1533 248 1604 nisi
274 1533 365 1622 hoc,
391 1534 491 1630 quod
506 1535 712 1630 juramento
733 1533 935 1626 firmamus,
956 1559 1092 1608 verum
1106 1537 1161 1607 sit.
1188 1539 1310 1623 Quum
1333 1548 1452 1605 autem
1469 1533 1507 1604 in
1525 1533 1766 1606 ecclesiasticis

182 1654 295 1726 causis
311 1655 429 1725 omnis
443 1656 706 1744 controversiae,
724 1671 764 1726 ut
775 1654 965 1754 Apostolus
979 1657 1067 1745 ait¹‚
1088 1654 1169 1727 linis
1181 1655 1224 1726 sit
1234 1655 1494 1750 juramentum,
1511 1675 1585 1725 non
1602 1655 1765 1726 hocloco

182 1774 359 1844 Dominus
386 1775 545 1873 praecipit
570 1797 645 1845 non
661 1776 801 1870 jurare,
824 1775 893 1846 sed
913 1779 1023 1873 magis
1041 1775 1262 1848 adhortatur.
1280 1773 1453 1862 Quaedam
1471 1797 1627 1871 namque
1643 1777 1764 1872 praeci·

180 1895 348 1991 piantur,
384 1894 548 1991 quaedam
579 1891 834 1992 prohibentur,
867 1895 1031 1991 quaedam
1063 1894 1278 1984 suadentur,
1310 1893 1473 1992 quaedam'
1497 1895 1763 1993 permittuntur.

179 2009 436 2112 Praecipiuntur
455 2014 513 2085 illa
532 2017 606 2086 sive
621 2013 877 2111 prohibentur,
901 2017 974 2086 sive
994 2015 1125 2113 quibus
1142 2017 1198 2088 vel
1214 2039 1296 2088 cum
1311 2015 1441 2112 quibus
1454 2037 1522 2085 nos
1538 2013 1662 2086 salvari
1678 2011 1763 2084 dilli-

180 2135 309 2206 dimus.
332 2133 423 2206 Mala
440 2135 562 2232 itaque
584 2133 820 2232 probibentur
835 2137 978 2226 omnia,
1003 2151 1039 2207 et
1055 2137 1152 2208 bona
1164 2137 1438 2235 praecipiuntur,
1459 2157 1534 2205 non
1554 2135 1687 2224 omnia,
1704 2135 1765 2206 sed

179 2254 238 2326 illa
258 2267 415 2343 tantum,
435 2277 513 2350 quae
527 2253 631 2324 saluti
647 2255 842 2326 necessaria
861 2254 1028 2325 videntur
1043 2285 1051 2325 :
1068 2255 1270 2327 utcredere
1283 2256 1319 2326 in
1333 2259 1468 2345 Deum,
1489 2269 1525 2327 et
1535 2255 1680 2352 diligere
1691 2279 1765 2330 non

179 2389 252 2444 tam
269 2374 386 2470 ipsum
402 2395 510 2469 quam
529 2373 747 2469 proximum,
771 2395 848 2442 non
868 2371 1072 2462 adulterari,
1088 2387 1124 2445 et
1137 2373 1276 2445 similia.
1297 2373 1358 2445 llla
1378 2373 1585 2464 verobona,
1599 2400 1678 2473 quae
1692 2401 1767 2446 non

177 2495 226 2564 ita
247 2493 443 2564 necessarie
457 2507 560 2582 sunt,
581 2493 655 2562 sive
671 2493 753 2588 quia
767 2492 967 2581 strictioris,
988 2493 1046 2563 vel
1060 2493 1201 2566 laxioris
1215 2508 1299 2565 sunt
1312 2495 1412 2583 vitae,
1431 2508 1467 2566 et
1480 2509 1650 2592 tanquam
1662 2498 1767 2567 nimis

178 2614 269 2699 alta,
299 2613 356 2686 vel
379 2613 485 2684 nimis
508 2611 650 2703 intima,
680 2613 746 2684 sub
769 2629 947 2712 praecepto
972 2619 1045 2684 non
1074 2615 1301 2705 clauduntur,
1332 2617 1393 2686 sed
1418 2616 1476 2689 vel
1500 2619 1766 2716 persuasionem

177 2734 320 2807 consilii
338 2733 497 2823 habent,
520 2749 556 2805 ut
573 2732 775 2830 virginitas,
790 2734 845 2805 vel
860 2731 1088 2832 indulgentie
1102 2738 1372 2834 permissionem
1387 2792 1395 2826 ,
1413 2752 1450 2809 ut
1465 2739 1607 2836 nuptiae.
1626 2740 1767 2838 Quippe

177 2861 204 2926 si
224 2871 444 2955 praeceptum
463 2855 507 2926 ad
527 2855 763 2951 virginitatem
784 2869 946 2950 cogeret,
967 2855 1223 2926 damnarentur
1243 2857 1375 2954 nuptiae
1395 2885 1402 2926 :
1426 2855 1479 2928 vel
1492 2857 1520 2927 si
1535 2857 1580 2928 ad
1599 2861 1764 2956 nuptiaS,

177 2979 412 3050 damnaretur
430 2977 622 3073 virginitas.
644 2975 839 3048 Consilium
852 2976 971 3072 itaque
985 2976 1059 3046 sive
1073 2975 1278 3074 persuasio,
1295 2991 1347 3047 est
1362 2976 1408 3047 de
1422 2976 1620 3074 potioribus
1634 2977 1740 3050 bonis
1754 3033 1764 3069 ,

177 3099 369 3198 permissio
388 3121 496 3186 vero,
517 3095 563 3168 de
582 3095 799 3183 minoribus,
825 3093 896 3165 hoc
912 3110 984 3186 est,
1004 3119 1083 3192 quae
1098 3095 1246 3165 minoris
1264 3110 1346 3167 sunt
1361 3096 1500 3185 meriti,
1523 3096 1669 3192 quando
1686 3122 1770 3168 con·

175 3219 296 3290 silium
318 3217 364 3288 de
386 3215 593 3288 melioribus
620 3213 737 3310 aliqua
761 3208 959 3286 diffidentia
980 3213 1036 3285 vel
1065 3213 1329 3314 dispensatione
1349 3239 1422 3285 non
1448 3217 1648 3314 suscipitur.
1679 3221 1765 3305 Quae

175 3362 264 3434 ergo
287 3353 360 3408 tam
377 3335 467 3426 lieri,
491 3359 600 3434 quam
618 3333 749 3406 dimitti
765 3333 866 3424 licet,
882 3347 1099 3432 preceptum
1112 3332 1359 3424 nonhabent,
1386 3333 1450 3406 sed
1464 3335 1761 3426 admonitionem,

175 3473 219 3528 ut
237 3459 388 3528 omnino
415 3481 489 3527 non
512 3455 654 3550 jurare,
684 3454 738 3526 vel
758 3453 1052 3552 permissionem,
1076 3467 1122 3524 ut
1138 3453 1210 3524 hoc
1228 3452 1290 3525 liat
1307 3479 1374 3554 pro
1401 3455 1632 3527 necessitate:
1656 3456 1765 3528 veluti

175 3601 295 3674 quum
311 3576 357 3648 ad
370 3575 635 3674 inquisitionem
655 3575 828 3664 veritatis,
850 3563 998 3646 testibus
1015 3599 1107 3673 opus
1126 3588 1190 3646 est.
1214 3575 1401 3646 Permissio
1420 3591 1540 3649 autem
1560 3591 1629 3663 est,
1652 3603 1764 3675 quum

173 3697 334 3768 dicitur¹
356 3723 364 3767 ε
384 3695 670 3792 «Unusquisque
689 3692 819 3766 habeat
839 3717 989 3766 uxorem
1011 3717 1112 3784 suam
1135 3709 1285 3791 propter
1309 3693 1601 3787 fomioationem3
1630 3725 1648 3762 u
1677 3722 1763 3794 prae·

171 3817 298 3913 ceptio
321 3839 429 3905 vero,
452 3837 565 3912 quum
584 3813 736 3890 dicitur⁸
763 3840 771 3879 ε
803 3842 820 3880 a
837 3811 1003 3909 Alligatus
1021 3836 1059 3883 es
1077 3811 1201 3884 uxori?
1222 3811 1298 3883 noli
1317 3836 1478 3909 quaerere
1497 3814 1724 3888 solutionem.
1745 3846 1760 3884 a
1831 3819 1834 3826 '

173 3936 368 4006 Persuasio
386 3959 472 4007 vero
491 3933 650 4023 consilii,
671 3956 784 4029 quum
805 3932 922 4005 statim
941 3931 1177 4030 supponitur*
1197 3959 1205 4000 :
1228 3959 1247 4000 a
1261 3931 1407 4005 Solutus
1419 3957 1457 4006 es
1474 3933 1522 4006 ab
1535 3937 1673 4009 uxore?
1692 3921 1763 4027 noll

169 4078 341 4149 quaerere
362 4078 558 4126 uxorem.»
1754 4055 1758 4078 ¹

723 4224 905 4274 Paestana
929 4223 1096 4273 motssm
1121 4223 1220 4271 xvttt.

224 4369 326 4457 Quid
340 4383 393 4441 est
409 4370 447 4470 in
465 4365 593 4440 eodem
612 4365 870 4472 euangelium:
895 4395 913 4434 a
930 4367 1044 4440 Nolite
1061 4365 1201 4438 solliciti
1219 4389 1294 4440 esse
1307 4363 1465 4441 dicentes
1485 4397 1492 4440 :
1510 4370 1597 4468 quid
1616 4373 1759 4470 mando,

161 4489 368 4562 cabimus?
383 4520 401 4558 a
423 4493 467 4560 Et
482 4513 622 4560 rursum
635 4491 646 4525 ⁶
663 4515 670 4558 :
695 4487 844 4559 «Nolite
861 4487 1001 4560 solliciti
1019 4512 1095 4559 esse
1110 4488 1148 4560 in
1162 4488 1367 4560 crastinum.
1385 4490 1566 4564 Crastinus
1579 4493 1676 4592 euim
1691 4476 1759 4569 diel

157 4609 353 4682 sollicitus
379 4611 447 4683 erit
475 4608 550 4692 sibi,
568 4606 647 4708 ipsi.
675 4605 811 4679 Sufficit
829 4607 925 4680 enirn
946 4606 1017 4680 diei
1038 4607 1170 4680 malitia
1192 4632 1268 4680 sua.
1298 4634 1315 4676 u
1339 4609 1507 4711 Nunquid
1529 4613 1623 4683 enirn
1642 4617 1745 4710 provi

156 4733 340 4805 dentiam
369 4730 536 4831 prohibet
557 4728 785 4831 futurorum?
806 4728 975 4827 Nunquid
994 4728 1121 4827 etipse
1140 4728 1316 4800 Dominus
1339 4753 1420 4802 eum
1448 4731 1510 4826 qui
1529 4745 1664 4803 turrem
1687 4733 1747 4804 vul

151 4850 368 4942 aedificare,
389 4849 436 4923 de
453 4847 652 4947 sumptibus
670 4849 825 4945 cogitare
842 4846 1037 4920 admonet?
1059 4851 1101 4918 Et
1120 4848 1329 4945 Apostolus⁷
1348 4876 1357 4919 ι
1386 4879 1403 4916 a
1420 4850 1491 4937 Qui
1507 4865 1655 4948 praeest,
1673 4880 1692 4919 a
1712 4855 1751 4925 in·

148 4975 282 5070 quit,
305 5001 321 5039 a
338 4973 374 5042 in
394 4969 649 5058 sollicitudine,
668 4997 686 5037 a
708 4969 798 5040 sicut
815 4983 850 5040 et
868 4971 943 5066 ipse
961 4967 1130 5064 faciebat,
1150 4966 1196 5040 de
1216 4966 1332 5066 seipso
1352 4967 1496 5040 dicens⁸
1523 4997 1530 5038 ε
1560 4971 1767 5046 «instantia

152 5117 261 5164 mea
281 5091 508 5189 quotidiana,
531 5087 733 5162 sollicitudo
753 5089 916 5159 omniurn
935 5087 1204 5160 ecclesiarum.»

189 5319 201 5345 ⁴
227 5313 959 5383 Katamana.tt.—¹ICortntlt.,eep.ur,r.t.
993 5328 1017 5364 v.
1037 5308 1499 5374 ar.-·tbtd.,v.st.-¹1tom.,
1521 5329 1577 5379 cap.
1596 5332 1680 5377 au‚r.
1697 5322 1768 5368 t.-

145 5427 183 5438 ·-
197 5401 212 5428 ⁸
230 5397 325 5462 thid..
343 5415 368 5450 r.
384 5401 427 5450 21.
441 5397 583 5464 -·1t›it.‚
598 5397 660 5458 itis,
673 5425 705 5438 -
715 5397 727 5425 ⁸
736 5396 834 5458 natu„
850 5413 908 5464 asp.
920 5411 961 5460 u,
994 5395 1125 5450 ‘conata
1137 5394 1175 5456 II,
1187 5409 1247 5462 erp.
1258 5413 1297 5459 ιι,
1307 5410 1331 5447 t.
1346 5397 1390 5447 28.
