4522 6102
490 586 535 653 88
927 583 1053 653 PETRI
1080 581 1316 653 ABAELAlllll
1344 581 1397 650 ΕΤ
1423 581 1647 654 HELOlSSAE

486 726 626 796 sceleris
640 747 744 795 causa
755 724 976 821 progenitam
989 721 996 793 !
1009 727 1043 794 Ο
1055 745 1233 794 summam
1246 723 1284 793 in
1296 723 1392 793 viros
1411 737 1617 826 summoset
1628 734 1835 794 cousuetam
1854 723 2063 800 feminarum

485 843 697 942 perniciem!
715 843 857 916 llincde
868 843 1016 916 muliere
1028 844 1186 928 carenda
1201 844 1371 942 sculptum
1387 859 1439 916 est
1452 845 1488 915 in
1500 843 1707 914 Proverbiis*
1720 865 1732 913 t
1747 849 1986 942 u·Nuncergo,
1998 846 2059 936 iili,

485 967 568 1036 audi
580 990 655 1054 me,
671 980 706 1036 et
717 964 861 1036 attende
873 965 991 1036 verbis
1004 966 1076 1036 oris
1088 965 1171 1037 mei.
1189 969 1239 1036 Ne
1254 964 1479 1036 abstrahatur
1495 967 1535 1036 in
1546 966 1612 1036 viis
1623 963 1716 1036 illius
1730 985 1831 1038 meus
1849 980 1926 1054 tna,
1947 989 2062 1064 neque

484 1085 810 1182 decipiarissemitis
818 1085 907 1180 ejus.
918 1084 1048 1156 Multos
1057 1083 1509 1180 enimvulneratosdejeeit,
1517 1099 1553 1156 et
1564 1083 1744 1155 fortissimi
1752 1085 2062 1181 quiqueinterfecti

484 1205 679 1276 suntabea.
691 1204 870 1276 Viaeinieri
878 1204 1092 1301 domusejus
1104 1218 1327 1303 penetrantes
1335 1205 1372 1275 iu
1380 1205 1716 1277 interioramortis.»
1729 1205 1815 1275 Etin
1824 1205 2060 1281 Ecclest'uste':

486 1355 503 1392 u
514 1327 669 1396 lustravi
680 1326 842 1396 universa
854 1327 975 1397 animo
985 1349 1082 1415 meo,
1093 1341 1129 1396 et
1142 1325 1262 1398 inveni
1271 1324 1484 1396 amariorem
1499 1339 1613 1396 morte
1623 1324 1821 1414 mulierem,
1832 1325 2062 1421 quaelaqueus

484 1461 695 1514 venatorum
714 1459 782 1534 est,
811 1459 845 1516 et
870 1467 997 1541 sagena
1020 1467 1083 1516 cor
1103 1445 1190 1539 ejus.
1213 1443 1360 1516 Vincula
1378 1445 1474 1516 enim
1499 1459 1582 1517 sunt
1600 1465 1727 1514 manus
1739 1443 1832 1537 ejus.
1857 1446 1927 1530 Qui
1950 1442 2063 1542 placet

484 1569 578 1653 Deo,
596 1563 739 1660 effugiet
756 1587 847 1634 eam.
869 1565 940 1652 Qui
957 1579 1077 1636 autem
1094 1579 1261 1661 peccator
1279 1579 1349 1653 est,
1369 1565 1529 1662 capietur
1541 1563 1587 1634 ab
1600 1563 1670 1636 itta.
1688 1592 1705 1628 n
1723 1563 1839 1632 Prima
1856 1563 1974 1634 statim
1988 1585 2063 1634 mu·

484 1685 548 1754 lier
566 1682 612 1754 de
631 1683 818 1782 paradiso³
837 1684 951 1754 tirum
975 1684 1164 1782 captivavit
1173 1685 1196 1772 ⁸,
1218 1699 1253 1754 et
1269 1707 1349 1780 quae
1366 1685 1398 1754 ei
1417 1707 1438 1753 a
1456 1683 1613 1754 Domino
1633 1697 1750 1754 creata
1773 1681 1886 1754 iuerat
1907 1681 1944 1752 iu
1968 1683 2063 1753 auxi-

484 1804 597 1891 lium,
637 1806 673 1873 in
705 1827 885 1874 summum
917 1804 950 1874 ei
979 1827 1151 1874 conversa
1181 1818 1235 1874 est
1262 1803 1419 1874 exitium.
1450 1803 1694 1877 Fortissimum
1731 1801 1829 1872 illum
1862 1804 2062 1872 Nazaraeum

484 1925 628 1994 Domini
646 1939 683 1994 et
701 1921 828 2019 angelo
848 1923 1034 1994 nuntiante
1057 1936 1274 2020 conceptum
1291 1921 1405 1995 Dalila
1423 1921 1498 1992 sola
1520 1923 1699 2020 superavit
1710 1926 1737 2011 ¹⁵,
1759 1933 1794 1992 et
1811 1943 1897 2010 eum
1913 1921 2063 2008 itrirnicis

485 2043 667 2139 proditum
687 2057 721 2113 et
739 2041 851 2114 oculis
868 2042 1047 2140 privatum
1064 2040 1111 2114 ad
1129 2041 1200 2113 hoc
1217 2041 1365 2114 tandem
1383 2041 1488 2112 dolor
1505 2040 1700 2139 compulit,
1722 2056 1761 2111 ut
1777 2065 1816 2112 se
1834 2041 1965 2138 pariter
1982 2065 2063 2112 cum

485 2165 586 2233 ruina
598 2163 757 2234 hostium
775 2163 1005 2260 opprimeret.
1025 2162 1331 2259 Sapientissimum
1345 2161 1509 2232 omnium
1522 2161 1751 2234 Salomonem
1775 2159 1851 2232 sola
1868 2181 1976 2256 quam
1999 2160 2063 2230 sibi

485 2282 712 2380 copulaverat
733 2280 861 2353 mulier
883 2282 1103 2372 infatuavit⁰,
1127 2297 1163 2354 et
1182 2282 1219 2352 in
1237 2295 1374 2352 tantam
1395 2281 1570 2378 compulit
1587 2281 1780 2368 insaniam,
1801 2295 1938 2354 etcum
1956 2303 2063 2377 quem

485 2400 530 2469 ad
548 2400 798 2474 aedifrcandum
821 2400 887 2471 sibi
905 2401 1081 2472 Dominus
1101 2400 1276 2500 templum
1302 2401 1473 2497 elegerat,
1499 2415 1599 2499 patre
1616 2400 1692 2495 ejus
1714 2400 1848 2487 David,
1869 2402 1932 2496 qui
1951 2402 2064 2495 justus
2118 2493 2125 2510 1

485 2519 609 2608 fuerat,
627 2521 663 2589 in
678 2518 748 2590 hoc
763 2519 967 2618 reprobato,
981 2519 1026 2591 ad
1040 2520 1278 2592 idololatriam
1292 2522 1367 2618 ipsa
1383 2520 1543 2617 usquein
1558 2519 1667 2590 finem
1679 2520 1757 2590 vitae
1771 2519 1955 2614 dejiceret,
1971 2522 2061 2618 ipso,

484 2663 592 2732 quem
606 2653 679 2708 tam
693 2636 811 2708 verbis
824 2663 931 2735 quam
946 2641 1084 2736 scriptis
1097 2639 1312 2738 praedicebat
1322 2655 1430 2735 atque
1443 2639 1615 2726 docebat,
1631 2638 1755 2710 divino
1769 2639 1864 2712 cultu
1880 2639 2059 2712 derelicto.

484 2757 551 2828 lob
570 2757 831 2860 sanctissimus⁷
848 2759 884 2828 in
908 2781 1017 2828 uxore
1043 2760 1269 2829 novissimam
1296 2773 1402 2855 atque
1429 2759 1670 2854 gravissimam
1694 2760 1858 2832 sustinuit
1882 2784 2059 2858 pugnam,

483 2902 560 2970 quae
584 2876 732 2947 eumad
757 2876 1043 2948 maledicendum
1075 2881 1152 2948 Deo
1189 2876 1403 2949 stimulabat.
1432 2879 1483 2947 lit
1515 2877 1760 2950 callidissimus
1796 2882 1971 2952 tentator⁰
1994 2880 2063 2951 hoc

483 2996 617 3092 optime
631 3009 796 3084 noverat,
811 2995 911 3092 quod
930 2997 1055 3093 saepius
1073 3010 1241 3093 expertus
1259 2995 1388 3084 flectat,
1411 2997 1569 3067 virorum
1589 2995 1752 3068 videlicet
1766 2998 1905 3068 ruinam
1922 2999 1958 3068 in
1978 3023 2064 3069 uro-

483 3115 580 3185 ribus
604 3139 681 3184 esse
701 3113 917 3185 facillimam.
939 3117 1009 3201 Qui
1031 3114 1187 3210 denique
1211 3116 1317 3185 etiam
1343 3115 1525 3212 usquead
1551 3139 1619 3186 nos
1642 3111 1852 3188 consuetam
1871 3120 2063 3190 extendens

484 3233 670 3322 malitiam,
694 3257 802 3328 quem
820 3232 866 3304 de
884 3234 1119 3303 fornicatione
1147 3248 1304 3305 sternere
1332 3257 1405 3304 non
1425 3235 1561 3331 putuit,
1582 3235 1629 3306 de
1647 3237 1815 3332 conjugio
1835 3241 1999 3326 tentavit3
2029 3254 2063 3309 et

483 3353 582 3422 bono
602 3351 694 3424 male
712 3368 765 3424 est
788 3377 890 3440 usus,
915 3354 979 3448 qui
1002 3352 1096 3422 malo
1119 3352 1210 3422 male
1234 3355 1285 3422 uti
1309 3376 1382 3424 non
1406 3367 1460 3424 est
1483 3355 1685 3450 permissus.
1709 3359 1785 3444 [leo
1809 3355 1935 3427 saltem
1958 3377 2063 3454 super

484 3471 554 3541 hoc
572 3473 719 3566 gratias,
738 3471 837 3569 quod
857 3497 914 3542 mc
931 3471 990 3543 ille
1010 3486 1050 3542 ut
1066 3495 1173 3568 supra
1188 3472 1321 3570 positas
1339 3471 1486 3544 feminas
1507 3475 1543 3544 in
1562 3472 1705 3572 culpam
1727 3497 1769 3546 ex
1792 3497 1969 3548 consensu
1990 3501 2062 3546 nou

485 3593 605 3681 traxit,
622 3615 730 3687 quam
745 3606 864 3662 tamen
883 3593 920 3662 in
939 3615 1082 3662 causam
1096 3592 1293 3664 commissa
1312 3591 1451 3664 malitiae
1474 3617 1517 3664 ex
1542 3595 1670 3666 ellectu
1688 3597 1875 3666 convertit.
1897 3595 2016 3668 Sedet
2034 3600 2064 3668 si

484 3726 610 3806 purget
622 3713 782 3782 animum
795 3735 915 3782 meum
927 3712 1151 3802 innocentia,
1171 3735 1237 3782 nec
1249 3711 1355 3808 hujus
1371 3727 1507 3784 reatum
1526 3713 1666 3786 sceleris
1678 3717 2061 3806 consensusincurrau

483 3847 627 3926 peccata
647 3847 764 3902 tamen
792 3832 902 3903 multa
919 3849 1194 3930 praecesserunt,
1215 3859 1293 3932 qnae
1312 3859 1370 3906 me
1389 3836 1531 3932 penitus
1549 3836 1755 3921 immunem,
1772 3837 1821 3908 ab
1841 3838 1945 3934 liujus
1963 3854 2063 3911 reatu

481 3953 623 4022 sceleris
641 3977 716 4022 esse
735 3977 808 4022 non
828 3953 959 4022 sinunt.
985 3952 1091 4038 Quod
1113 3952 1276 4025 videlicet
1293 3954 1354 4024 diu
1373 3970 1455 4025 aute
1473 3951 1670 4026 carnalium
1683 3959 1706 4044 ⁸,
1727 3949 1973 4029 illecebrarum
1999 3983 2064 4029 vo·

482 4068 674 4165 luptatibus
693 4069 864 4158 serviens,
882 4073 957 4168 ipsa
971 4085 1056 4141 tnnc
1070 4073 1186 4142 merui
1199 4071 1298 4167 quod
1315 4095 1412 4143 nunc
1429 4073 1578 4170 plector,
1598 4088 1633 4146 et
1650 4075 1926 4172 precedentium
1945 4078 1980 4147 in
2006 4103 2064 4150 me

482 4203 709 4284 peccatorum
728 4189 910 4287 sequentia
930 4192 1057 4261 merito
1074 4190 1163 4260 iacta
1178 4205 1261 4282 suut
1277 4214 1395 4288 poena.
1419 4192 1532 4262 Etiam
1555 4192 1655 4264 malis
1676 4193 1781 4266 initiis
1797 4219 1986 4292 perversus
2001 4198 2065 4267 im·

481 4311 661 4404 putandus
672 4325 724 4380 est
736 4311 861 4381 exitus.
880 4315 993 4406 litque
1005 4311 1141 4382 utinam
1154 4309 1259 4405 hujus
1273 4311 1449 4408 precipue
1462 4313 1643 4384 commissi
1654 4313 1797 4410 diguam
1810 4337 1913 4411 agere
1928 4316 2065 4388 valeam

482 4430 746 4524 prenitentiam,
764 4444 802 4501 ut
819 4453 933 4528 prenae
952 4429 1003 4500 illi
1023 4443 1090 4526 tuae
1108 4428 1263 4500 vulneris
1287 4430 1373 4501 illati
1391 4455 1433 4502 ex
1462 4431 1567 4528 longa
1590 4432 1714 4505 saltem
1736 4435 1952 4532 peanitentiae
1979 4459 2068 4506 con-

481 4549 623 4618 tritione
644 4550 755 4620 vicem
777 4572 926 4644 quoquo
951 4547 1063 4620 modo
1086 4572 1360 4647 recompensare
1371 4554 1391 4590 ¹⁰
1408 4574 1558 4648 queam3
1574 4567 1609 4624 et
1627 4553 1727 4649 quod
1746 4569 1783 4624 tu
1807 4553 1853 4624 ad
1874 4553 2004 4624 horam
2028 4557 2065 4625 in

481 4692 632 4763 corpore
651 4667 844 4762 pertulisti,
861 4692 928 4764 ego
948 4669 983 4740 in
1001 4669 1101 4740 omni
1116 4668 1212 4758 vita,¹
1223 4685 1261 4741 nt
1271 4669 1500 4764 justumest,
1522 4674 1558 4742 in
1572 4674 1787 4745 contritione
1804 4675 1935 4744 mentis
1953 4676 2069 4746 susci-

481 4786 596 4880 piam,
619 4801 652 4856 et
667 4787 738 4856 hoc
751 4787 815 4856 tibi
827 4787 949 4858 saltem
965 4787 1094 4878 modo,
1115 4790 1144 4859 si
1162 4813 1235 4860 non
1254 4793 1348 4878 Deo,
1370 4791 1591 4864 satisfaciam.
1609 4793 1645 4896 Si
1664 4793 1765 4896 enim}
1779 4817 1861 4864 vere
1874 4793 2070 4864 miserrimi

515 4990 522 5014 ⁴
543 4995 628 5051 Prou,
643 5009 697 5060 cap.
712 5009 758 5053 vu,
772 5009 795 5042 t.
808 4995 838 5042 ll
856 5003 881 5044 et
892 5011 930 5059 sq.
943 4993 995 5029 -'
1013 4995 1117 5048 Ecstor„
1132 5011 1189 5062 cap.
1203 5013 1252 5058 vu,
1285 5015 1340 5065 cap.
1363 5017 1389 5050 u.
1404 5027 1428 5036 -
1448 4999 1456 5026 ²
1472 4999 1539 5057 lou,
1560 5015 1615 5066 cap.
1636 5018 1667 5062 u,
1688 5017 1711 5050 v.
1731 5003 1746 5051 9
1767 5012 1790 5050 et
1812 5018 1851 5067 sq.
1862 5029 1894 5040 -
1905 5000 1914 5027 ⁸
1926 5004 2071 5064 interorum

482 5091 505 5122 t.
524 5080 553 5125 2¹3
573 5089 597 5128 et
612 5095 649 5146 sq.
659 5077 713 5116 -⁸
727 5079 822 5137 Gener„
843 5093 898 5145 cap.
919 5095 958 5138 ιιι,
971 5095 994 5127 v.
1007 5081 1032 5128 6.
1046 5105 1075 5116 -
1088 5077 1098 5106 ⁴
1111 5081 1253 5142 litaqueuvit
1283 5089 1393 5148 puucepr
1402 5083 1472 5135 llllS.
1482 5084 1530 5122 -·’
1542 5085 1681 5134 illicitarum
1693 5085 1801 5136 Rus-
1811 5085 1832 5112 '⁰
1843 5087 2071 5149 RependerellllS.

481 5163 718 5224 titis-'sum
739 5177 794 5229 cap.
815 5181 867 5222 ιιι,
886 5180 908 5212 ν.
928 5165 939 5209 l
962 5175 987 5214 et
1007 5181 1044 5228 sq.
1059 5163 1184 5229 -⁸llep.
1203 5166 1252 5224 lll,
1601 5199 1605 5207 ·
