4510 6108
600 559 644 632 lN
669 557 803 631 FERIA
827 557 1004 644 Qulutl
1030 553 1335 628 PENTECOSTES
1359 551 1519 624 stulto
1778 549 1861 622 499.

268 703 401 801 quippe
418 702 607 774 dominicae
629 700 877 801 conceptionis
893 696 1061 789 exordi0,
1078 723 1171 796 quo,
1193 711 1234 768 ut
1253 695 1455 794 expositum
1479 708 1551 784 est,
1570 708 1703 764 terram
1720 691 1850 789 tetigit,

268 826 318 896 ita
334 822 522 919 diligenter
538 820 625 920 quid
642 819 681 893 id
695 820 765 893 hac
780 836 876 892 terra
889 819 1020 916 egerit,
1038 816 1345 917 comprehendere
1367 813 1521 904 curavit,
1544 827 1585 916 ut
1606 836 1675 884 nec
1699 827 1854 884 mortem

268 944 396 1042 ipsius,
423 967 491 1014 nec
512 941 830 1032 resurrectionem,
858 961 926 1012 nec
952 938 1198 1011 ascensionem
1223 937 1512 1036 pretermittens,
1540 934 1587 1006 ad
1608 932 1854 1006 excellentiam

269 1065 466 1137 festivitatis
482 1063 666 1136 hodiernae
681 1058 1010 1135 commendandam
1028 1059 1242 1159 perveniret.
1262 1063 1430 1155 Congruo
1446 1056 1595 1155 quidem
1620 1054 1748 1128 ordine
1773 1070 1853 1126 tau·

267 1207 378 1282 quam
394 1209 415 1255 a
431 1184 547 1282 capite
563 1182 610 1255 ad
626 1181 788 1254 membra
804 1207 869 1282 per
885 1179 1086 1253 mirabilem
1102 1179 1216 1252 sancti
1231 1180 1382 1279 Spiritus
1398 1177 1646 1278 operationem
1657 1174 1852 1263 deducens,

268 1329 381 1403 quum
398 1305 472 1403 ipse
489 1302 639 1392 scilicet,
658 1303 758 1400 cujus
775 1303 986 1404 operatione
1002 1315 1198 1400 conceptus
1215 1314 1284 1389 est,
1299 1299 1475 1370 Dominus
1487 1296 1674 1396 apostolici
1684 1296 1854 1368 virtutem

268 1426 532 1496 consummavit
549 1425 734 1496 exercitus.

316 1547 397 1617 Tria
411 1546 532 1641 itaque
549 1566 569 1615 a
585 1545 743 1615 Domino
759 1558 852 1616 tacta
869 1541 1143 1640 quodammodo
1160 1541 1365 1630 tabescunt,
1383 1538 1472 1612 dum
1488 1539 1629 1637 abipso
1649 1537 1855 1610 humanitas

268 1678 450 1763 assumpta
466 1666 579 1761 us‘quc
594 1664 641 1737 ad
658 1664 933 1736 dissolutionem
949 1661 1121 1761 perducta
1138 1677 1192 1735 est
1208 1663 1346 1733 mortis.
1368 1660 1473 1732 Unde
1494 1673 1530 1730 ct
1549 1659 1701 1758 ipsemet
1721 1657 1768 1727 de
1787 1655 1856 1728 hac

268 1783 502 1857 dissolutione
512 1785 638 1856 mortis
648 1779 693 1856 ad
703 1789 844 1855 Patrem
852 1784 918 1854 ait¹
932 1811 940 1854 :
955 1811 973 1851 u
984 1787 1022 1852 ln
1033 1782 1219 1881 pulverem
1233 1781 1359 1852 mortis
1366 1778 1544 1851 deduxisti
1554 1801 1650 1848 me.»
1663 1779 1707 1848 Et
1714 1775 1799 1874 quia
1809 1774 1855 1846 de

268 1921 383 1976 morte
393 1904 502 2003 ipsius
515 1905 668 1976 maxime
679 1903 878 1976 contristati
894 1903 1047 2002 apostoli
1062 1901 1218 1991 filerunt,
1232 1900 1328 1975 hanc
1341 1901 1533 1973 maximam
1548 1896 1856 1992 eorumjustitiam

268 2024 403 2096 luctum
412 2025 567 2123 appellat
575 2024 765 2123 propheta,
776 2049 888 2122 quum
901 2023 1102 2121 subjungit:
1118 2051 1137 2091 a
1146 2027 1189 2093 Et
1197 2020 1370 2118 lugebunt
1380 2045 1506 2092 omncs
1514 2017 1717 2091 habitantes
1726 2017 1763 2087 in
1774 2040 1853 2088 ea.»

269 2149 320 2218 lle
330 2170 404 2242 quo
421 2147 528 2216 etiam
542 2144 639 2216 luctu
652 2146 752 2242 quasi
760 2143 979 2243 vespertino,
994 2157 1078 2214 ante
1088 2143 1302 2214 matutinam
1313 2141 1583 2212 resurrectionis
1596 2139 1672 2236 ejus
1684 2137 1854 2226 laetitiam,

269 2264 448 2336 Psalmista
458 2264 698 2363 praedixerat':
712 2294 728 2331 a
739 2264 793 2334 Ad
800 2287 989 2360 vesperum
997 2261 1244 2334 demorabitur
1253 2263 1414 2352 fletus,et
1421 2261 1468 2332 ad
1475 2261 1691 2332 matutinum
1698 2257 1855 2331 letitia.»
1881 2331 1885 2338 ,

268 2387 306 2454 ln
316 2385 516 2480 terraquasi
522 2382 726 2454 tabescente
734 2379 856 2452 fideles
867 2379 1141 2469 habitant,dum
1147 2381 1183 2452 in
1190 2395 1378 2479 assumptae
1385 2379 1618 2454 humanitatis
1628 2391 1745 2450 morte
1756 2401 1858 2490 spem

266 2529 337 2576 suae
349 2505 605 2602 redemptionis
622 2502 812 2574 collocant.
830 2505 947 2589 Quam
963 2500 1128 2574 videlicet
1139 2527 1241 2601 spem
1257 2526 1485 2602 nequaquam
1501 2503 1713 2589 retinerent,
1732 2500 1800 2572 nisi
1812 2499 1857 2571 de
1968 2531 1979 2554 ·

268 2625 392 2696 mortis
403 2649 488 2696 casu
502 2621 761 2694 conscenderet
770 2621 1009 2694 resuscitatus.
1026 2621 1128 2694 Unde
1141 2637 1178 2694 et
1188 2621 1353 2694 subditur
1369 2651 1377 2693 ε
1394 2651 1412 2690 a
1426 2625 1470 2694 Et
1479 2620 1649 2694 ascendet
1660 2621 1752 2692 sicut
1760 2621 1857 2691 rivus

266 2745 398 2832 amnis,
410 2760 447 2816 et
458 2742 592 2816 defluet
604 2743 696 2814 sicut
706 2741 835 2814 lluvius
848 2743 1002 2841 AEgypti.
1018 2771 1036 2810 »
1050 2743 1158 2813 Rivus
1172 2742 1331 2840 quandiu
1345 2744 1381 2812 in
1397 2743 1500 2828 alveo
1511 2765 1577 2814 suo
1590 2740 1779 2812 conclusus
1793 2764 1856 2811 co·

266 2863 422 2953 hibetur,
437 2888 504 2935 occ
520 2888 558 2934 se
570 2863 708 2958 erigens
723 2862 865 2933 alveum
877 2861 1028 2952 excedit,
1041 2885 1275 2960 nequaquam·
1284 2877 1396 2934 terras
1409 2861 1701 2958 circumjacentes
1710 2861 1856 2957 irrigare

264 2984 370 3056 valet.
379 2984 489 3072 Quasi
497 3008 581 3080 ergo
589 2982 635 3054 de
643 2981 744 3054 alveo
750 2981 852 3054 vivus
862 2983 978 3054 amnis
986 2982 1541 3080 ascendit,quumincarnataDei
1547 2979 1771 3079 sapientiade
1777 2981 1855 3078 ipso

265 3105 390 3177 mortis
406 3104 507 3194 loco,
521 3129 595 3200 quo
612 3104 795 3202 depositus
813 3102 944 3192 lucrat,
960 3102 1033 3174 hoc
1048 3118 1101 3175 cst
1117 3103 1163 3178 de
1177 3103 1342 3202 sepulcro
1366 3103 1530 3198 resurgit.
1552 3104 1651 3172 Tunc
1674 3099 1857 3198 circumja-

264 3240 405 3296 centem
426 3241 559 3298 tcrram
579 3226 701 3322 irrigat
720 3240 760 3296 ut
782 3223 994 3297 fructificare
1014 3225 1144 3323 possit,
1165 3224 1254 3296 dum
1270 3225 1458 3323 desperata
1478 3223 1577 3324 prius
1597 3221 1855 3321 discipulorum

264 3345 375 3418 corda
392 3344 463 3418 fide
479 3345 744 3434 corroboravit3
763 3360 804 3416 ut
819 3369 882 3442 spe
899 3344 1025 3418 luturae
1040 3345 1262 3436 beatudinis,
1280 3369 1390 3442 quam
1407 3344 1457 3416 eis
1473 3367 1660 3440 resurgens
1676 3342 1853 3434 exhibuit,

265 3464 447 3536 bonorum
463 3489 614 3563 operum
630 3461 765 3536 fructus
782 3462 980 3562 proferant.
1000 3463 1109 3551 Quod
1125 3479 1245 3537 autem
1261 3465 1379 3536 rivum
1395 3465 1510 3536 amnis
1525 3463 1625 3563 prius
1640 3461 1853 3563 appellavit,

263 3601 525 3684 consequenter
541 3583 692 3656 fluvium
709 3585 851 3682 AEgypti
867 3608 1095 3683 nuncupans,
1110 3584 1299 3682 diligenter
1320 3584 1490 3657 describit
1510 3608 1670 3682 congrua
1684 3583 1856 3683 parabola

262 3690 312 3776 illi
330 3704 441 3777 fluvio
458 3705 616 3802 AEgypti,
638 3704 701 3801 qui
721 3699 822 3774 Nilus'
845 3702 1059 3802 appellatur,
1086 3705 1285 3775 Dominum
1305 3729 1533 3803 comparans.
1552 3707 1606 3776 De
1623 3703 1697 3776 hoc
1720 3704 1855 3804 quippe

261 3826 391 3917 fluvio,
411 3841 447 3899 et
463 3825 631 3923 singulari
648 3825 806 3923 quadam
822 3824 898 3921 ejus
914 3839 1043 3897 natura
1059 3824 1154 3898 Beda
1169 3827 1207 3897 in
1224 3825 1317 3898 libro
1338 3825 1382 3896 de
1400 3831 1541 3898 Natura
1559 3829 1697 3898 ‘Rerum
1712 3827 1761 3898 ita
1777 3851 1853 3898 me-

262 3948 408 4019 minit⁸:
431 3947 543 4019 «Nilo
560 3945 709 4017 flumine
725 3969 793 4044 pro
809 3944 939 4043 pluviis
955 3945 1067 4018 utitur
1082 3950 1271 4044 AEgyptuS,
1288 3960 1436 4047 propter
1452 3947 1536 4019 solis
1550 3945 1708 4019 calorem
1720 3945 1853 4019 imbres

262 4081 299 4140 et
315 4065 439 4140 nubila
454 4089 638 4165 respuens.
658 4067 779 4136 Mense
800 4064 898 4134 enim
918 4065 1031 4153 maio,
1051 4064 1140 4136 dum
1161 4067 1251 4138 ostia
1275 4066 1350 4162 ejus
1376 4065 1508 4163 quibus
1530 4067 1566 4138 in
1593 4089 1692 4138 mare
1716 4057 1850 4156 influit,

262 4187 422 4288 zephyro
435 4187 562 4278 flante,
577 4185 684 4258 undis
700 4185 834 4282 ejectis,
848 4185 1040 4257 arenarum
1055 4187 1206 4258 cumulis
1222 4201 1493 4286 praestruuntru,
1509 4186 1681 4286 paulatim
1696 4186 1851 4259 intume-

262 4331 384 4410 scens,
402 4331 445 4379 ac
460 4323 556 4379 retro
578 4303 789 4406 propulsus,
807 4305 916 4403 plana
937 4305 1059 4403 irrigat
1079 4308 1233 4406 AEgypti.
1252 4311 1370 4380 Vento
1387 4323 1508 4380 autem
1523 4322 1702 4397 cessante,
1719 4306 1851 4406 ruptis·

263 4449 334 4522 que
350 4449 541 4498 arenarum
556 4424 725 4512 cumulis,
743 4448 810 4496 suo
827 4422 991 4497 redditur
1011 4424 1127 4498 alveo.
1148 4454 1166 4494 a
1186 4426 1284 4498 Nilus
1304 4427 1424 4526 itaque
1444 4426 1490 4498 de
1511 4424 1678 4525 paradiso
1700 4450 1851 4498 manans

264 4548 340 4644 ipsa
356 4549 421 4619 Dei
438 4549 611 4646 sapientia
620 4560 674 4618 est
685 4545 731 4617 de
740 4546 902 4643 supernis
915 4546 1155 4638 descendens,
1170 4563 1211 4620 ut
1221 4573 1289 4621 nos
1301 4549 1347 4622 de
1358 4549 1458 4622 fonte
1469 4573 1557 4620 vero
1568 4562 1728 4647 potaret,
1743 4564 1779 4621 ct
1788 4548 1851 4620 hu·

259 4667 318 4762 jus
335 4667 462 4739 mundi
478 4673 688 4766 AEgyptum,
707 4665 746 4737 id
762 4681 814 4738 est
830 4667 997 4740 tenebras
1014 4669 1091 4767 ipsa
1106 4671 1223 4742 camis
1239 4685 1427 4769 assumpte
1442 4670 1628 4768 praeseutia
1643 4667 1846 4760 illustraret,

258 4786 310 4857 -de
326 4811 398 4885 qua
414 4787 586 4886 scripturn
602 4788 676 4859 est*
696 4813 703 4856 :
725 4790 847 4858 «Erat
870 4786 930 4858 lux
956 4811 1057 4880 vera,
1083 4813 1164 4887 quae
1189 4789 1383 4880 illuminat,
1408 4805 1476 4864 etc.
1494 4819 1512 4856 u
1538 4789 1603 4861 Hic
1630 4787 1759 4862 fluvius
1785 4815 1850 4888 per

264 4921 401 5004 septem
415 4907 505 4979 ostia
519 4907 555 4977 in
571 4931 670 4978 mare
683 4904 812 4977 dicitur
825 4905 995 4979 delluere.
1010 4911 1097 4997 Quae
1109 4909 1242 4982 scilicet
1258 4911 1348 4983 ostia
1359 4910 1460 5000 dum,
1472 4924 1581 4981 vento
1595 4909 1717 5001 llantc,
1733 4912 1849 4984 arenis

218 5203 223 5213 ·
299 5183 306 5208 ¹
326 5181 412 5232 Psalm.
428 5199 484 5243 xxi,
499 5198 523 5232 v.
540 5185 577 5232 16.
591 5210 619 5220 -
629 5183 639 5210 ¹
649 5181 739 5236 enlm.
749 5198 822 5245 xxix,
834 5199 859 5234 v.
872 5185 897 5234 6.
907 5208 938 5222 -
948 5183 959 5212 ⁸
969 5184 1029 5251 Gap.
1042 5201 1114 5247 xnttt,
1129 5185 1191 5250 opp.
1203 5195 1221 5237 t.
1232 5185 1305 5253 ll,p.
1317 5187 1358 5236 38.
1373 5209 1399 5223 ·-
1412 5183 1423 5212 ⁸
1434 5185 1518 5247 loen„
1531 5199 1585 5250 cap.
1600 5175 1621 5244 r,
1633 5199 1657 5234 t.
1673 5185 1698 5235 t.
1741 5179 1747 5214 '-
