4522 6104
427 597 498 671 726
1101 596 1336 672 ttrunutx.

1196 785 1239 852 Χ.

478 936 666 1007 Alexander
680 936 868 1030 episcopus,
883 957 997 1004 servus
1013 957 1186 1004 servornm
1198 937 1276 1024 Dei,
1291 935 1421 1006 dilectis
1438 934 1473 1003 in
1487 933 1623 1006 Christo
1638 933 1768 1006 filiabus
1779 935 1939 1008 Heloissae
1952 941 2011 1010 ab·

432 1051 578 1143 batissae,
599 1055 792 1148 caeterisque
808 1052 980 1123 sororibus
1000 1054 1034 1121 in
1051 1053 1203 1123 oratorio
1219 1055 1331 1124 Sancti
1350 1053 1508 1148 Spiritus,
1528 1053 1619 1148 quod
1638 1054 1774 1150 inpage
1790 1058 1947 1128 Treoensi
1963 1061 2008 1128 si-

432 1193 503 1246 tnm
516 1190 578 1263 est,
597 1174 713 1242 divino
729 1170 903 1241 famulatui
919 1171 1136 1266 mancipatis,
1156 1187 1221 1243 etc.
1246 1170 1299 1268 [nt
1314 1175 1350 1241 in
1361 1169 1583 1268 proecedcnti
1594 1175 1747 1270 Eugenii
1756 1174 1900 1273 Epist}
1921 1181 2010 1247 Lon

430 1319 510 1365 vero
523 1293 567 1362 de
582 1287 789 1386 Triagnello,
808 1287 979 1378 Metelle,
998 1289 1191 1378 Neolorto¹,
1211 1291 1323 1360 Sancti
1342 1287 1474 1378 ttavin,
1493 1289 1776 1384 quemadmodum
1793 1292 1888 1362 vobis
1906 1301 2009 1364 ratio·

432 1413 589 1483 nobiliter
611 1435 767 1481 concessa
789 1425 886 1498 sunt,
911 1433 987 1480 oum
1009 1408 1173 1480 universis
1195 1408 1401 1505 appendiciis
1417 1409 1484 1478 suis
1501 1410 1700 1480 anctoritate
1716 1411 1812 1480 vobis
1828 1413 2009 1507 apostolica

431 1533 688 1618 confirmamus,
714 1546 778 1600 etc.
800 1532 926 1600 Datum
944 1528 1104 1618 Perisius,
1126 1551 1187 1624 per
1203 1553 1340 1600 manum
1354 1527 1540 1598 Hermanni
1555 1544 1676 1599 sanctae
1694 1553 1842 1600 romanae
1857 1531 2008 1602 Ecclesiae

430 1649 627 1721 subdianoni
641 1664 677 1718 et
688 1649 825 1734 notarii,
842 1672 911 1721 vrrr
927 1645 974 1717 id.
997 1644 1124 1742 aprilis,
1139 1645 1210 1716 ind.
1228 1673 1266 1735 x,
1285 1647 1527 1717 incarnationis
1539 1648 1726 1718 Dominicae
1744 1673 1834 1719 anno
1851 1673 2005 1740 recum,

433 1769 647 1864 pontificatus
664 1793 745 1837 vero
758 1767 888 1836 demini
905 1766 1084 1836 Alexandri
1099 1790 1194 1860 papae
1211 1767 1261 1834 111
1275 1789 1365 1836 anno
1384 1787 1433 1835 rr.

1191 1952 1253 2020 XI.

479 2105 551 2197 Ego
567 2104 681 2196 Hngo,
699 2101 763 2174 Dei
782 2101 888 2195 gratia
903 2100 1105 2172 senonensis
1118 2099 1405 2196 archiepiscopus,
1427 2113 1544 2170 notum
1560 2099 1718 2170 omnibns
1736 2097 1810 2170 fieri
1828 2099 1907 2171 volo
1926 2125 2009 2196 pre·

430 2222 579 2292 sentibus
590 2237 624 2291 et
641 2221 780 2308 suturis,
797 2220 889 2315 quod
908 2219 1059 2290 Heloissa
1075 2218 1308 2290 Paraolitensis
1323 2219 1489 2290 abbatissa
1506 2220 1697 2291 interventu
1717 2219 1950 2316 religiosorum
1961 2223 2010 2290 vi·

431 2363 547 2407 rorum
565 2339 729 2407 concessit
741 2335 886 2406 Blesensi
903 2338 1097 2423 comitissae,
1114 2335 1212 2406 laude
1226 2335 1445 2406 etvoluntate
1462 2337 1565 2407 totins
1582 2334 1720 2432 capituli
1734 2337 1802 2424 sni,
1822 2337 1934 2408 locum
1950 2342 2011 2408 Po-
2038 2311 2049 2323 .

432 2455 528 2525 merii
545 2455 587 2523 ad
605 2452 864 2524 construendam
881 2452 1067 2541 abbatiam,
1088 2455 1220 2523 statutis
1242 2453 1331 2525 inter
1348 2478 1384 2524 se
1400 2453 1600 2549 quibusdam
1621 2455 1912 2542 conventionibus,
1929 2480 2011 2549 quas

432 2577 586 2644 duximus
611 2551 834 2644 annotandas.
864 2575 1033 2644 Statutnm
1057 2575 1168 2668 itaque
1191 2574 1255 2644 fuit
1271 2588 1306 2643 et
1327 2572 1493 2662 divisum,
1518 2573 1609 2668 quod
1631 2574 1702 2644 haec
1724 2576 1832 2668 prima
1845 2574 2011 2644 abbatisse

432 2692 591 2781 Pomerii,
611 2717 685 2786 quae
704 2716 793 2761 nunc
811 2705 873 2778 est,
892 2691 1076 2761 constituta
1091 2690 1230 2761 domina
1250 2691 1420 2762 Gertrude
1437 2689 1544 2760 nobili
1562 2706 1595 2761 et
1616 2693 1757 2762 honesta
1774 2691 1919 2780 femina,
1938 2719 2011 2787 qne

430 2813 591 2882 canonice
607 2811 709 2880 electa
727 2810 791 2879 fuit
807 2810 896 2904 apud
918 2807 1119 2880 Paraclitnm
1135 2810 1177 2880 de
1194 2810 1395 2881 dominabus
1411 2809 1559 2903 ejusdem
1579 2809 1750 2899 Ecclesiae3
1773 2826 1917 2900 caeterae,
1939 2836 2010 2906 quae

432 2948 509 3028 post
528 2934 635 3026 ipsam
652 2931 795 3026 primam
816 2930 1062 2999 substituentur
1078 2930 1114 2998 in
1130 2929 1249 2999 eodem
1267 2928 1360 3019 loco,
1375 2931 1537 3000 canonice
1548 2927 1716 3023 eligentur
1733 2930 1916 3000 secundum
1933 2929 2010 3000 alia·

432 3077 507 3122 rum
521 3049 798 3120 consuetudinem
811 3045 1039 3135 ecclesiarum,
1055 3063 1088 3116 et
1099 3061 1310 3117 assumentur
1320 3046 1363 3117 de
1373 3047 1444 3142 ipsa
1456 3046 1616 3137 Ecclesia,
1633 3049 1660 3117 si
1670 3049 1705 3116 in
1721 3073 1759 3118 ea
1771 3049 1945 3142 potuerint
1959 3051 2009 3117 in·

433 3173 552 3240 veniri.
566 3173 626 3240 Sin
637 3186 763 3258 entem,
775 3167 966 3238 transibunt
976 3167 1017 3236 ad
1028 3166 1209 3238 Ecclesiam
1222 3167 1390 3256 Paracliti,
1402 3183 1436 3237 et
1447 3167 1489 3237 de
1498 3193 1538 3238 ea
1546 3168 1610 3238 sibi
1620 3169 2007 3256 assumentabbatissam,

432 3307 466 3359 et
479 3291 521 3360 ad
536 3289 637 3359 aliam'
651 3313 712 3383 per
728 3287 925 3357 electionem
944 3311 1012 3355 non
1030 3285 1144 3357 licebit
1160 3289 1207 3356 eis
1224 3286 1427 3381 pertransire
1446 3285 1646 3376 Ecclesiam,
1663 3287 1823 3382 quoniam
1839 3286 1942 3357 alium
1959 3311 2012 3356 or·

432 3411 546 3480 dinem
559 3411 623 3480 nisi
639 3408 897 3480 Paraolitensem
914 3432 985 3476 non
1001 3405 1115 3477 licebit
1132 3409 1180 3477 eis
1196 3407 1385 3477 observare.
1405 3407 1581 3477 Abbatissa
1592 3431 1672 3477 vero
1688 3403 1844 3478 Paracliti
1861 3407 1961 3478 semel
1978 3407 2012 3476 in

434 3553 525 3598 anno
539 3530 603 3596 ibit
617 3527 824 3615 Pomerium,
840 3541 873 3596 et
891 3525 1009 3594 sedens
1026 3526 1061 3594 in
1079 3525 1227 3620 capitulo
1240 3525 1433 3596 emendabit
1446 3528 1474 3597 si
1491 3526 1572 3621 qnid
1591 3527 1693 3598 suerit
1710 3527 1958 3598 emendandum
1971 3527 2013 3596 de

434 3646 566 3732 ordine,
581 3644 633 3714 vel
652 3644 694 3714 de
712 3643 824 3737 aliqua
840 3642 932 3712 read
951 3642 1106 3714 ordinem
1127 3644 1330 3737 pertinente.
1357 3645 1424 3712 Pro
1442 3645 1656 3716 concessione
1677 3669 1757 3714 sane
1777 3643 1927 3740 praedicti
1947 3643 2012 3712 loci

435 3764 530 3833 dedit
547 3765 715 3832 comitissa
725 3760 871 3832 ecclesiae
886 3758 1043 3832 Paraoliti
1061 3776 1128 3831 tres
1147 3760 1280 3832 modios
1293 3761 1455 3832 frumenti
1467 3787 1528 3857 per
1542 3761 1691 3858 singulos
1707 3785 1814 3833 annos
1832 3763 1868 3830 in
1884 3760 2012 3832 molen·

435 3883 517 3952 dino
538 3908 598 3952 suo
616 3882 754 3951 Pruvini
774 3881 836 3950 sub
856 3883 1038 3969 Crevecor,
1063 3879 1160 3950 laude
1185 3880 1322 3976 quidem
1343 3879 1492 3950 filiorum
1514 3906 1652 3951 suornm
1673 3882 1835 3951 comitum
1860 3881 2010 3968 Henriei,

435 3999 617 4069 Theobaldi
630 4015 663 4069 et
672 3999 847 4093 Stephani,
857 3999 1078 4093 promisitque
1087 4023 1157 4068 rem
1160 3999 1250 4092 juste
1259 3999 1439 4094 garantire.
1452 4001 1495 4068 Et
1506 3998 1690 4069 hocfnitad
1698 3997 1905 4069 voluntatem
1914 3998 2014 4068 abba·

436 4124 521 4192 tissae
538 4118 771 4190 Paraclitensis
780 4135 814 4188 et
824 4121 927 4188 totius
938 4117 1077 4212 capituli
1090 4119 1154 4188 sui.
1175 4119 1334 4189 Promisit
1346 4134 1379 4188 et
1393 4118 1558 4188 abbatissa
1571 4117 1740 4206 Paracliti,
1754 4119 1910 4211 promisit
1918 4133 2015 4186 etco-

436 4244 575 4326 mitissa,
589 4240 680 4335 quod
689 4264 819 4333 necper
828 4239 1003 4308 dominum
1011 4263 1131 4333 papam
1142 4262 1203 4308 nec
1213 4236 1382 4332 pernlium
1390 4236 1535 4333 aliquem
1547 4236 1639 4332 quod
1650 4237 1774 4305 sactum
1783 4235 1894 4305 fuerat
1903 4233 2013 4328 aliquo
2101 4267 2104 4271 ·

436 4359 539 4428 inodo
555 4361 811 4427 immutaretur:
827 4355 884 4426 sed
902 4372 937 4427 et
948 4356 1159 4427 conditiones
1173 4358 1261 4426 inter
1280 4370 1458 4451 utramque
1470 4355 1653 4426 Ecclesiam
1669 4354 1822 4449 superius
1838 4353 2013 4448 designata

437 4505 456 4548 a
476 4491 594 4546 neutra
608 4491 704 4570 parte
717 4473 944 4545 abolerentur.
971 4477 1101 4543 Harum
1122 4475 1383 4545 conventionum
1401 4473 1621 4544 mediatorem
1636 4498 1689 4542 me
1705 4485 1892 4566 posuerunt
1908 4486 1942 4540 et
1959 4471 2013 4539 eb·

437 4597 560 4668 batissa
573 4612 606 4666 et
618 4598 800 4684 comitissa,
817 4610 917 4690 atque
931 4596 1075 4689 benigne
1089 4595 1381 4688 utriusquepartis
1397 4592 1622 4688 postulatione
1636 4594 1670 4662 in
1687 4616 1789 4662 rnanu
1803 4591 1915 4683 accepi
1930 4613 2010 4673 rem,

438 4717 534 4786 sicuti
553 4717 660 4786 literat
673 4713 869 4810 simpliciter
880 4738 918 4783 ac
934 4713 1054 4784 devote
1065 4711 1250 4801 celebrata,
1270 4711 1458 4805 opitulante
1469 4713 1618 4781 Domino
1633 4712 1667 4780 in
1684 4707 1787 4778 linem
1804 4729 2011 4802 permanere.

439 4839 486 4904 Ut
504 4851 613 4905 antem
631 4852 665 4905 et
683 4834 853 4904 modernis
865 4848 899 4904 et
916 4859 1114 4904 successurae
1136 4833 1324 4928 posteritati
1339 4831 1475 4902 firmum
1492 4847 1526 4901 et
1542 4847 1652 4902 ratum
1669 4829 1850 4916 habeatnr,
1869 4825 2015 4897 auetori-

439 4969 506 5022 tate
523 4954 619 5049 sigilli
637 4955 743 5024 nostri
760 4955 884 5024 muniri
900 4954 1038 5023 lecimus
1054 4953 1116 5024 sub
1132 4951 1347 5046 chirographi
1363 4950 1538 5020 divisione.

474 5137 483 5164 ⁴
501 5136 611 5186 ttontorr.
