4510 6108
472 553 543 626 466
573 591 576 598 -
1070 557 1198 628 PETRI
1224 558 1458 630 ABAELARDl

369 675 373 682 ’
474 727 490 763 ι(
505 701 556 768 Tu
573 714 693 769 autem
709 695 784 769 noli
801 721 904 768 orare
920 723 987 796 pro
1003 698 1140 797 populo
1158 698 1246 788 hoc,
1270 715 1306 771 et
1329 725 1403 771 non
1432 697 1582 772 obsistas
1603 699 1708 791 mihi,
1735 701 1820 797 quia
1845 725 1920 772 non
1946 723 2052 771 exau·

469 814 565 886 diam
583 832 659 887 te.»
676 819 932 913 Hieronymus¹
950 846 957 888 :
973 847 991 885 α
1005 818 1112 906 Quod
1126 834 1247 890 autem
1263 818 1372 890 dicit:
1391 823 1468 890 «Et
1484 845 1558 891 non
1576 822 1716 892 resistas
1734 819 1839 911 mihi,
1857 849 1875 888 u
1895 819 2052 892 ostendit

467 936 567 1034 quod
584 953 790 1008 sanctorum
809 939 925 1008 oratio
941 939 1001 1008 irae
1017 940 1082 1009 Dei
1099 940 1212 1037 possit
1227 940 1401 1010 resistere.
1423 937 1526 1011 Unde
1543 955 1578 1011 et
1599 940 1758 1036 loquitur
1779 939 1826 1011 ad
1850 943 2021 1036 Moysen¹
2041 969 2049 1010 :

470 1085 488 1124 ι(
513 1059 660 1129 Dimitte
685 1083 765 1146 me,
794 1073 833 1129 ut
858 1060 1054 1156 percutiam
1085 1057 1261 1157 populum
1291 1060 1411 1130 istuin.
1434 1087 1452 1127 u
1484 1059 1592 1146 Quod
1622 1061 1652 1131 si
1680 1059 1908 1132 tantumdem
1937 1061 2051 1132 oratio

465 1194 672 1250 sanctorum
689 1205 794 1277 posse
810 1179 958 1270 habeat,
978 1194 1103 1279 utpote
1120 1180 1252 1276 Moysis
1267 1180 1323 1250 vel
1340 1182 1517 1270 Jeremiae3
1542 1181 1630 1278 quid
1647 1181 1699 1252 'de
1722 1183 1799 1281 ipsa
1815 1181 1962 1252 Domini
1977 1206 2053 1279 spe·

464 1300 618 1371 randum
635 1316 688 1372 est
704 1303 884 1390 oratione,
904 1326 1013 1397 quam
1030 1303 1180 1400 ipsemet
1196 1301 1360 1391 dictavit,
1380 1303 1455 1399 ipse
1474 1301 1750 1374 misericorditer
1767 1303 1935 1392 instituit,
1949 1317 1989 1373 ut
2000 1303 2050 1374 sic

464 1421 539 1516 ejus
555 1421 646 1493 iram
663 1435 843 1492 vertamus
861 1423 897 1491 in
915 1421 1219 1493 misericordiam?
1236 1420 1306 1492 Sed
1323 1422 1495 1518 quoniam
1513 1423 1686 1493 orationis
1704 1423 1838 1494 fructus
1856 1438 1918 1493 aut
1933 1421 2050 1494 nullus

463 1556 531 1629 est,
552 1557 613 1614 aut
629 1567 782 1641 parvus,
802 1567 911 1638 quam
927 1541 1073 1612 devotio
1091 1541 1330 1636 intelligentiae
1346 1566 1420 1612 non
1438 1542 1644 1631 comitatur,
1664 1567 1776 1640 quum
1795 1542 1914 1614 cordis
1931 1545 2049 1640 potius

462 1687 571 1760 quam
589 1664 660 1734 oris
681 1665 726 1734 sit
743 1665 924 1774 inspector
944 1667 1057 1752 Deus,
1074 1663 1175 1758 juvat
1197 1663 1368 1736 orationis
1390 1663 1496 1760 hujus
1517 1667 1694 1763 praecipue
1720 1690 1864 1737 sensum
1891 1667 2045 1763 aperire;

463 1799 561 1857 uteo
579 1787 691 1881 magis
709 1786 890 1856 fructuosa
905 1785 950 1856 sit
966 1785 1169 1874 orantibus,
1190 1809 1263 1882 qno
1286 1784 1455 1857 devotius·
1471 1784 1649 1858 intellecta
1669 1786 1820 1858 dicatur.
1840 1786 1949 1874 Quod
1970 1789 2047 1884 qui·

462 1907 546 1979 dem
558 1906 746 2007 Apostolus
763 1906 950 2002 diligenter
966 1905 1171 1996 attendens,
1191 1901 1385 1978 Corinthiis
1402 1907 1493 1978 ait’:
1513 1911 1637 1978 «Nam
1654 1908 1682 1978 si
1700 1932 1802 1978 orem
1818 1907 1957 2004 lingua,
1976 1910 2046 2006 spi-

461 2028 548 2096 ritus
563 2050 663 2099 meus
681 2040 777 2115 orat,
792 2047 893 2095 mens
911 2039 1047 2113 autem,
1068 2025 1187 2097 anima
1204 2049 1284 2098 mea
1300 2025 1378 2096 sine
1394 2025 1510 2097 fructu
1528 2041 1593 2098 est.
1605 2026 1702 2113 Quid
1719 2026 1824 2121 ergo?
1842 2025 1955 2098 orabo
1976 2027 2047 2125 spi·

460 2145 546 2238 ritu,
568 2146 680 2218 orabo
698 2161 734 2217 et
749 2159 882 2216 mente.
902 2143 1052 2215 Psallam
1073 2144 1217 2240 spiritu,
1236 2143 1386 2242 psallam
1407 2157 1442 2214 et
1464 2125 1596 2215 mente.
1612 2172 1630 2210 u
1653 2144 1789 2239 Lingua
1810 2157 1952 2246 tantum
1972 2145 2046 2216 sine

460 2271 589 2367 spiritu
603 2283 683 2341 orat
697 2267 754 2338 vel
770 2265 903 2366 psallit,
923 2266 985 2362 qui
1003 2263 1089 2336 llatu
1106 2290 1177 2337 suae
1193 2264 1403 2363 prolationis
1424 2264 1535 2336 verba
1556 2278 1696 2364 tantum
1717 2264 1847 2336 format
1868 2289 1948 2363 quae
1973 2290 2045 2336 non

460 2386 633 2484 intelligit.
653 2389 772 2457 Mente
788 2387 934 2483 insuper
950 2384 1022 2455 hoc
1040 2385 1128 2480 agit,
1147 2385 1208 2481 qui
1229 2383 1450 2456 intellectum
1467 2384 1621 2482 applicat
1641 2384 1698 2455 his
1719 2408 1797 2480 quae
1819 2383 1918 2455 dicit.
1944 2383 2046 2456 Unde

460 2520 495 2575 et
511 2503 600 2576 illud
617 2521 669 2576 est
685 2504 781 2576 beati
797 2502 1000 2579 Benedicti⁸
1017 2530 1025 2572 :
1049 2531 1066 2570 ι(
1086 2502 1143 2574 Sic
1159 2517 1293 2574 stemus
1311 2501 1357 2574 ad
1374 2502 1617 2601 psallendum,
1637 2517 1677 2574 ut
1694 2527 1796 2574 mens
1813 2516 1937 2574 nostra
1957 2515 2046 2574 'con-

460 2628 585 2700 cordet
600 2628 681 2699 voci
700 2641 842 2698 nostrae.
855 2653 872 2691 u
892 2629 932 2695 ln
950 2638 1090 2694 tantum
1107 2639 1227 2695 autem
1243 2624 1437 2696 verborum
1454 2611 1723 2720 intelligentiam
1739 2623 1928 2722 Apostolus
1945 2648 2045 2695 com·

459 2748 623 2838 mandat,
642 2762 683 2819 ut
704 2745 792 2817 nihil
814 2745 850 2816 in
873 2743 1031 2815 Ecclesia
1050 2741 1122 2813 dici
1138 2743 1337 2841 permittat,
1364 2741 1463 2840 quod
1485 2768 1560 2813 non
1584 2744 1776 2814 comitetur
1798 2739 2042 2837 intelligentia.

459 2866 625 2965 Alioquin
642 2893 704 2939 eos
721 2891 788 2965 pro
805 2863 939 2935 insanis
955 2861 1142 2934 habendos
1155 2861 1309 2958 judicat,
1323 2863 1385 2959 qui
1401 2861 1502 2960 quod
1517 2862 1712 2960 pradicant
1727 2861 1959 2960 prophetare,
1974 2861 2045 2932 hoc

459 3001 512 3058 est
525 2987 740 3085 exponendo
752 2983 991 3082 interpretari,
1011 2981 1159 3053 minime
1176 2980 1374 3070 sufficiunt;
1389 2995 1450 3053 aut
1460 2979 1787 3073 benedictionihuS,
1801 3006 1891 3078 quas
1905 3005 1981 3053 non
1995 2983 2046 3052 in-

459 3107 640 3204 telligunt,
665 3130 770 3176 amen
787 3115 1010 3202 supponunt.
1032 3101 1089 3170 Sic
1107 3102 1240 3198 quippe
1263 3113 1525 3196 consequenter
1540 3097 1716 3172 adnectit⁶
1735 3127 1743 3170 :
1766 3100 1833 3170 «Si
1851 3124 1937 3196 ergo
1954 3123 2045 3170 con-

458 3230 580 3301 veniat
595 3228 763 3297 universa
779 3221 935 3293 Ecclesia
961 3220 998 3290 in
1024 3244 1156 3308 unum,
1175 3234 1211 3290 et
1232 3243 1359 3290 omnes
1384 3218 1512 3314 linguis
1538 3217 1743 3314 loquantur,
1762 3217 1898 3289 intrent
1924 3233 2047 3289 autem

459 3348 578 3420 idiotae
594 3360 655 3417 aut
671 3342 849 3430 infideles,
868 3363 991 3410 nonnc
1012 3337 1134 3409 dicent
1150 3337 1249 3436 quod
1265 3337 1447 3408 insanitis?
1462 3365 1479 3404 u
1496 3336 1597 3408 Idem
1613 3339 1761 3437 supra⁸:
1777 3365 1794 3403 κ
1806 3341 2003 3426 Caeterum,
2017 3339 2048 3408 si

457 3467 682 3541 benedixeris
693 3465 836 3562 spiritu,
850 3461 929 3559 quis
946 3459 1087 3559 supplet
1102 3459 1223 3538 locum
1240 3459 1378 3530 idiotae?
1392 3458 1579 3557 quomodo
1597 3457 1692 3530 dicet
1704 3483 1809 3530 amen
1826 3484 1934 3557 super
1944 3473 2048 3532 tuam

458 3583 767 3660 benedictionem?
783 3581 956 3678 quoniam
972 3578 1060 3676 quid
1077 3578 1175 3649 dicas
1192 3579 1316 3649 nescit.
1337 3582 1428 3650 Nam
1449 3591 1487 3648 tu
1506 3577 1653 3675 quidem
1673 3577 1768 3650 hene
1789 3579 1918 3673 gratias
1945 3579 2045 3674 agis,

457 3709 521 3782 sed
537 3709 625 3780 alter
641 3730 717 3776 non
734 3701 939 3774 aedificatur.
955 3729 974 3769 u
994 3706 1039 3771 Et
1055 3714 1137 3798 post
1153 3698 1270 3797 aliqua
1287 3698 1333 3770 de
1348 3701 1523 3771 universis
1544 3723 1624 3796 quae
1640 3700 1677 3769 in
1696 3697 1851 3770 Ecclesia
1873 3698 2051 3770 dicuntur

457 3825 694 3913 concludens,
706 3825 771 3895 ait'
788 3851 795 3894 :
811 3820 937 3908 «Quid
953 3821 1181 3916 ergoiquum
1198 3819 1416 3907 convenitis,
1431 3803 1552 3889 omnia
1564 3816 1610 3889 ad
1625 3816 1896 3890 aedificationem
1913 3816 2047 3888 fiant.»
2167 3869 2172 3882 .

456 3955 501 4020 Et
518 3949 563 4020 ad
580 3945 797 4046 Ephesios⁸z
821 3971 839 4011 u
854 3940 1073 4039 Implemini,
1088 3967 1106 4007 u
1126 3939 1258 4036 inquit,
1282 3939 1451 4036 «Spiritu
1472 3953 1615 4026 sanct0,
1639 3937 1826 4034 loquentes
1846 3935 2050 4010 vobismet·

457 4074 541 4172 ipsis
557 4071 594 4143 in
611 4067 774 4167 psalmis,
794 4080 828 4136 et
844 4063 1006 4160 hymnis,
1031 4074 1067 4132 et
1089 4061 1236 4156 canticis
1261 4059 1493 4157 spiritalibus,
1521 4073 1705 4132 cantantes
1731 4074 1766 4130 et
1790 4057 1984 4157 psallentes
2012 4061 2051 4130 in

457 4190 627 4266 cordibus
644 4185 768 4258 vestris
784 4182 956 4254 Domino.
970 4209 987 4248 u
998 4184 1049 4250 Et
1059 4165 1209 4276 quis'que
1226 4179 1259 4249 ei
1274 4177 1375 4276 loqui
1390 4179 1535 4277 proprie
1551 4177 1694 4268 dicitur,
1713 4202 1823 4274 aquo
1841 4178 1917 4274 ejus
1935 4177 2054 4250 verba

455 4310 712 4406 intelliguntur,
735 4326 849 4402 quum
865 4300 937 4371 hoc
954 4323 1068 4370 unum
1085 4298 1131 4368 sit
1151 4297 1345 4367 verborum
1368 4295 1544 4386 officium,
1563 4312 1604 4368 ut
1625 4298 1661 4367 in
1683 4296 1847 4369 auditore
1870 4313 2055 4392 generent

458 4430 688 4503 intellectum.
708 4429 806 4494 Tune
824 4422 942 4517 itaque
960 4417 1225 4514 nobismetipsis
1240 4416 1436 4514 loquimur,
1455 4442 1569 4514 quum
1586 4421 1628 4489 e'x
1644 4417 1699 4489 his
1716 4442 1795 4515 quae
1815 4417 1973 4489 dicimus
1993 4420 2055 4490 in·

456 4550 603 4624 tellectis
620 4545 851 4618 devotionem
869 4541 1062 4612 excitamus
1079 4538 1209 4608 mentis
1228 4565 1235 4608 :
1256 4552 1292 4608 et
1308 4553 1394 4610 tunc
1412 4538 1522 4610 corde
1543 4539 1675 4637 pariter
1696 4554 1731 4611 et
1753 4564 1816 4610 ore
1838 4537 2053 4635 psallimus,

339 4711 345 4720 ·
455 4697 568 4770 quum
585 4666 685 4767 quod
703 4663 853 4736 exterius
869 4660 1062 4760 profertur,
1081 4657 1239 4728 interius·
1251 4683 1317 4755 per
1336 4657 1608 4754 intelligentiam
1628 4659 1779 4757 capitur.
1803 4657 1900 4746 Quid
1922 4675 2058 4730 autem

456 4790 567 4886 magis
591 4785 799 4872 ridiculum,
818 4805 928 4880 quam
954 4803 1066 4876 quum
1090 4775 1225 4874 aliquid
1248 4776 1387 4848 orando
1411 4777 1582 4875 petimus,
1602 4777 1702 4875 quod
1728 4801 1872 4848 oramus
1899 4777 2058 4871 ignore·

489 5015 497 5042 ⁴
512 5015 573 5078 Opp.
589 5025 606 5062 ι.
620 5011 670 5074 lii,
685 5009 734 5059 col.
746 5007 802 5058 566.
814 5033 842 5044 -
854 5004 865 5032 ¹
876 5023 888 5050 ι
898 5004 996 5055 Dimitte
1005 5019 1059 5064 me,
1071 5011 1099 5052 ut
1110 5003 1228 5052 irascatur
1267 5003 1429 5054 deonna.
1439 5003 1465 5064 1,
1477 5018 1533 5068 cap.
1543 5018 1594 5064 ιη,
1605 5018 1628 5053 v.
1638 5003 1733 5054 tte—⁸
1744 5001 1818 5064 thid..
1831 5019 1853 5054 ν.
1868 5003 1957 5054 itt—¹
1973 5004 2060 5066 thid,

456 5103 522 5152 luror
538 5114 605 5148 ruens
618 5105 703 5148 contra
716 5109 767 5144 eos.
779 5113 791 5137 ι
803 5089 814 5157 (
822 5091 914 5149 Exod„
926 5104 981 5155 cap.
998 5103 1083 5147 mu,
1096 5102 1119 5138 v.
1136 5086 1185 5150 10.)
1197 5112 1227 5122 -
1268 5103 1291 5140 v.
1304 5085 1403 5139 att-⁸
1415 5087 1516 5151 Epiron,
1529 5103 1584 5153 cap.
1598 5104 1631 5151 rr,
1643 5103 1668 5138 r.
1681 5089 1721 5138 25.

456 5181 466 5208 ¹
479 5183 586 5236 Corinth.
600 5183 625 5242 i,
640 5196 694 5245 cap.
706 5193 757 5242 xiv,
769 5175 792 5227 i.
807 5179 880 5226 tt.-
890 5173 901 5201 ⁴
912 5175 972 5238 itaq.
986 5173 1012 5222 S.
1027 5173 1098 5230 Ber„
1109 5185 1164 5236 cap.
1176 5187 1227 5222 xix.
