4496 6102
464 621 538 696 398
836 649 839 652 ·
1062 620 1190 692 PETRI
1215 619 1450 694 luAEttuot

465 775 577 834 estex
588 759 709 852 nobis,
726 761 800 858 ipse
812 775 865 832 est
880 758 1101 832 invocandus
1115 775 1156 832 ut
1163 759 1258 832 hanc
1270 757 1375 832 nobis
1388 757 1567 848 conferat,
1583 759 1647 856 qui
1656 756 1821 856 exemplo
1830 781 1901 828 suae
1910 757 2043 854 passio·

465 881 521 952 nis
538 903 604 952 nos
619 878 665 950 ad
678 903 758 951 carn
776 880 910 952 invitat.
925 883 1003 978 lpse
1021 883 1162 950 Nomen
1172 876 1302 949 dicitur
1313 878 1397 970 Dei,
1408 879 1470 976 qni
1487 878 1631 976 plenam
1641 878 1717 972 ejus
1728 876 1892 948 notitiam
1905 874 2040 947 mundo

463 999 591 1072 attulit.
609 999 760 1071 Nomine
774 1001 906 1098 quippe
922 1022 988 1070 sno
999 1021 1054 1070 res
1070 996 1234 1094 quelibet
1247 996 1459 1088 declaratur,
1476 1011 1512 1070 et
1526 995 1797 1095 quodammodo
1810 995 2038 1094 dignoscitur.

462 1119 635 1206 Quaedam
655 1119 759 1192 uobis
779 1119 902 1190 tribuit
923 1124 1039 1208 Deus,
1060 1117 1224 1215 quaedam
1241 1117 1414 1190 retribuit.
1436 1123 1508 1190 Nos
1523 1142 1610 1190 vero
1626 1117 1715 1190 nihil
1729 1118 1762 1189 ei
1777 1141 1969 1216 possumus
1987 1117 2044 1189 tri·

462 1241 590 1330 bucre,
605 1239 669 1312 sed
680 1239 847 1311 nonnihil
863 1237 1069 1311 retribuere.
1090 1241 1170 1335 lpse
1187 1237 1320 1335 quippe
1333 1252 1406 1328 est,
1426 1238 1488 1335 qui
1506 1252 1675 1335 operatur
1686 1237 1723 1308 in
1737 1233 1842 1308 nobis
1853 1251 1888 1308 et
1903 1234 1997 1310 velle
2012 1250 2045 1308 et

463 1359 634 1460 perlicere
644 1384 711 1459 pro
723 1357 820 1432 bona
829 1357 1023 1430 voluntate.
1045 1362 1123 1458 lpse
1140 1381 1208 1428 nos
1225 1357 1396 1456 praevenit
1411 1371 1450 1430 ut
1461 1356 1633 1448 velimus,
1652 1358 1727 1456 ipse
1741 1379 1808 1428 nos
1820 1354 2044 1453 subsequitur

464 1493 504 1552 ut
516 1481 710 1579 possimus,
726 1495 761 1551 et
774 1479 888 1577 ipsam
901 1478 1121 1550 voluntatem
1133 1501 1242 1575 quam
1254 1479 1419 1577 inspirat,
1430 1477 1574 1574 adjuvat
1588 1502 1633 1550 ne
1646 1475 1805 1566 deficiat,
1825 1475 2044 1548 voluntatem

464 1624 535 1697 qua
544 1623 746 1671 mereamur
757 1599 862 1696 gratis
876 1597 1014 1689 tribuit,
1029 1597 1150 1697 etipsa
1162 1598 1288 1670 merita
1294 1623 1373 1695 quac
1382 1599 1418 1671 in
1428 1597 1533 1670 nobis
1545 1596 1669 1690 efficit,
1685 1609 1890 1671 remunerat
1899 1595 2046 1668 retribu-

465 1721 562 1791 tione
572 1717 756 1792 mercedis.
770 1722 850 1790 Non
864 1719 1007 1792 enimin
1019 1717 1124 1791 nobis
1136 1734 1352 1811 remunerat,
1365 1718 1624 1810 nisidonasua,
1635 1733 1754 1790 uttam
1763 1717 1931 1790 meritum
1937 1740 2046 1814 quam

464 1825 651 1913 retributio
669 1865 743 1912 non
757 1865 799 1914 ex
812 1839 918 1912 nobis
930 1842 992 1932 sit,
1006 1839 1069 1914 sed
1082 1865 1125 1912 ex
1142 1865 1180 1912 se
1194 1838 1299 1912 nobis
1313 1841 1403 1941 ipso.
1421 1845 1500 1939 lpse
1513 1837 1618 1911 nobis
1628 1837 1762 1912 tribuat
1776 1862 1841 1936 per
1856 1835 2047 1935 quodmo-

466 1985 621 2050 reamur,
636 1961 737 2058 cujus
750 1976 804 2034 est
816 1961 1010 2034 retribuere
1023 1985 1137 2059 quum
1151 1962 1397 2034 meruerimus.
1412 1965 1491 2060 lpse
1504 1985 1572 2033 nos
1584 1959 1711 2033 offerat
1719 1960 1811 2058 patri
1823 1983 1903 2049 suo,
1915 1957 1975 2028 cui
1985 1956 2048 2028 ho-

467 2081 591 2154 dierna
602 2080 755 2152 die-cum
768 2096 898 2153 nostrae
906 2081 1023 2154 carnis
1033 2080 1466 2180 substantiapraescntatus
1480 2096 1532 2154 est
1545 2081 1582 2154 in
1593 2079 1752 2180 Templo.
1766 2085 1844 2179 Ipse
1853 2077 1954 2176 quod
1966 2075 2048 2148 fide-

466 2199 559 2272 libus
575 2201 758 2298 promisit,
776 2203 814 2273 in
829 2200 933 2272 nobis
948 2201 1407 2300 compleat3‘unusqnisquc
1422 2215 1586 2274 nostrum
1601 2201 1761 2298 quicum
1778 2210 1952 2298 expectat,
1968 2173 2055 2267 cum·

467 2320 573 2394 beato
592 2321 737 2396 Simone
754 2321 872 2396 dicere
888 2328 1010 2419 queat¹
1028 2350 1036 2394 ε
1057 2327 1187 2396 «Nunc
1208 2322 1368 2414 dimittis,
1389 2323 1556 2414 Domine,
1572 2345 1715 2396 serrum
1732 2335 1834 2394 tuum
1853 2319 1890 2390 in
1910 2341 2045 2416 paee.»

470 2446 593 2517 tmen.

991 3009 1050 3098 ΙΝ
1084 3005 1523 3096 SEPTUAGESIMA.

1168 3277 1282 3326 SERMO
1305 3278 1356 3324 vt.

519 3439 744 3511 Ecclesiastes
766 3438 813 3511 ad
834 3438 940 3536 hujus
968 3440 1048 3512 vitae
1074 3441 1266 3514 vanitatem
1291 3455 1327 3514 et
1347 3441 1623 3516 inconstantiam
1650 3418 1954 3514 contemnendum
1986 3443 2056 3512 nos

469 3555 663 3630 adhortans
682 3557 773 3629 ait’:
799 3586 818 3626 κ
836 3560 969 3630 Omnia
990 3574 1130 3658 tempus
1150 3560 1300 3654 habent,
1329 3577 1364 3635 et
1380 3563 1453 3633 suis
1469 3561 1589 3660 spatiis
1606 3574 1790 3633 transeunt
1806 3561 1971 3634 universa
1986 3559 2056 3632 sub
2154 3639 2158 3650 ,

469 3675 572 3748 coelo.
590 3705 609 3745 u
634 3682 682 3748 Etv
700 3691 783 3776 post
801 3677 939 3776 aliqua,
960 3679 1172 3777 quidnobis
1194 3683 1231 3753 in
1252 3681 1320 3755 bac
1339 3679 1574 3754 mutabilitate
1601 3697 1637 3754 et
1651 3679 1901 3754 incertitudine
1916 3681 1995 3753 vitre
2010 3682 2058 3754 sit

470 3796 672 3870 faciendum
683 3798 741 3871 vel
751 3798 1013 3905 expectandum
1026 3803 1208 3900 supponit,
1222 3801 1366 3875 dicens’
1381 3830 1389 3874 ι
1406 3807 1591 3902 «Tempus
1605 3797 2057 3900 flendi,ettempusn·den·

470 3913 519 3986 di.
534 3920 687 4015 Tempus
698 3917 890 4015 plangendi
901 3933 1090 4020 et'tempus
1106 3917 1270 3994 saltandi.
1286 3949 1304 3989 u
1327 3923 1506 4012 «Omnia,
1522 3921 1682 4019 linquit,
1699 3949 1717 3990 u
1732 3920 1799 3993 sub
1811 3920 1903 3994 coelo
1915 3935 2060 4018 tempus

469 4033 620 4127 liabent,
641 4063 660 4104 u
676 4035 748 4109 hoc
770 4053 823 4111 est
836 4040 1078 4138 temporaliter
1090 4055 1285 4134 mutantur,
1302 4055 1338 4114 et
1354 4067 1455 4115 more
1466 4042 1637 4143 temporis
1650 4042 1869 4115 incessanter
1878 4039 2057 4114 defluunt.

475 4181 492 4222 u
506 4155 581 4227 Sub
598 4154 709 4248 coelo,
728 4185 747 4225 u
768 4157 903 4256 inquit,
918 4183 992 4232 non
1011 4185 1120 4258 super
1140 4161 1271 4232 coelum
1291 4187 1299 4231 ε
1319 4162 1403 4259 quia
1424 4160 1483 4234 hic
1499 4161 1654 4253 vanitas,
1671 4161 1721 4233 ibi
1737 4162 1865 4234 veritas
1884 4189 1892 4230 :
1910 4159 1970 4232 hic
1990 4157 2062 4232 dc-

355 4305 358 4312 *
471 4274 604 4366 fectus,
620 4276 670 4348 ibi
680 4279 885 4375 perennitas
899 4307 907 4350 :
923 4279 983 4352 hic
995 4281 1128 4354 incerta
1139 4281 1355 4380 prosperitas
1366 4296 1401 4354 et
1415 4281 1565 4355 miscriae
1580 4305 1724 4381 semper
1733 4280 1851 4352 laetitia
1864 4280 2059 4378 permixta,

471 4393 520 4506 ibi
532 4397 623 4468 sicut
639 4396 868 4491 indeficiens,
888 4401 936 4472 ita
953 4415 989 4472 et
1006 4401 1258 4474 inaestimabilis
1274 4401 1431 4474 felicitae.
1456 4403 1588 4494 «Suis,
1605 4429 1623 4470 u
1645 4403 1789 4500 inquid,
1813 4400 1967 4499 «spatiis
1979 4400 2064 4472 nni-

471 4538 572 4587 versa
585 4529 788 4607 transeunt,
808 4546 826 4585 u
841 4521 924 4617 quia
936 4543 1010 4618 quo
1023 4520 1138 4618 majus
1149 4521 1303 4620 spatium
1315 4521 1393 4593 vitae
1406 4520 1554 4619 quilibet
1565 4519 1709 4613 habuit,
1730 4535 1829 4594 tanto
1847 4519 1990 4592 brevius
2006 4535 2066 4592 est

470 4631 674 4727 habiturus,
695 4651 729 4709 et
746 4639 967 4736 singulorum
985 4641 1057 4712 vita
1075 4655 1211 4738 quanto
1222 4639 1365 4738 longior
1377 4641 1506 4733 extitit,
1524 4654 1623 4713 tanto
1636 4640 1781 4714 brevior
1796 4654 1850 4712 est
1865 4639 2004 4728 lutura,
2028 4654 2067 4712 et

384 4847 387 4854 Ι
471 4753 542 4826 suis
554 4754 782 4829 incrementis
793 4781 933 4858 semper
946 4758 992 4831 ad
1004 4759 1183 4832 delectum
1199 4775 1379 4859 properat.
1399 4760 1439 4833 ld
1457 4785 1602 4859 quoque
1616 4761 1753 4860 ipsum,
1772 4758 1963 4857 quodvitae
1973 4756 2065 4830 dici-

470 4886 542 4966 tur,
558 4875 604 4947 ita
617 4877 766 4950 miseriis
782 4895 834 4951 est
849 4879 1077 4978 implicitum,
1092 4894 1132 4952 ut
1144 4905 1242 4952 mors
1254 4881 1374 4980 potius
1387 4905 1496 4978 quam
1512 4880 1583 4952 vita
1595 4881 1639 4952 sit
1652 4877 1865 4971 dicendum3
1880 4877 2064 4972 delectus,

472 5015 548 5066 non
569 4996 749 5092 profectus
774 5000 818 5070 sit
840 4998 1094 5100 appellandum
1115 5027 1123 5072 ε
1147 5001 1245 5074 nocti
1266 5002 1385 5099 potius
1413 5024 1522 5099 quam
1545 4998 1635 5093 dici,
1657 5002 1803 5075 moerori
1821 4999 1933 5097 magis
1951 5023 2068 5097 quam

460 5287 470 5312 ·
507 5229 719 5299 ¹bue.,cap.u,
733 5235 1056 5304 v.29.-·1tectu.,cap.
1071 5254 1146 5303 ηιμ.
1160 5237 1582 5303 t.-⁸1bi‹t.‚v.2.·-⁴tbt‹t,v.
1598 5243 1622 5290 1.
