4536 6102
497 596 568 665 564
1090 593 1217 664 PETRI
1243 591 1476 663 tnAEttttnt

498 735 647 822 tinetur,
666 757 778 830 quum
796 732 944 802 dicitur¹
965 759 973 802 ι
992 761 1008 799 u
1028 733 1136 828 Igitur
1152 734 1215 830 qui
1232 732 1381 830 dispersi
1392 725 1494 802 erant
1511 729 1776 828 pertransibant
1792 727 2062 824 evangelizantes
2114 713 2116 716 ⁵

499 851 650 922 verbum
672 851 755 939 Dei,
774 849 956 947 Philippus
973 866 1092 921 autem
1110 851 1331 922 descendens
1347 851 1383 921 in
1399 851 1578 922 civitatem
1594 850 1761 921 Samariae
1776 847 1994 947 praedicabat
2008 848 2062 920 illis

499 971 692 1042 Christum.
717 969 956 1060 intendebant
973 985 1091 1041 autem
1109 970 1221 1042 turbae
1236 969 1291 1040 his
1310 995 1389 1067 quae
1410 995 1430 1041 a
1452 969 1616 1068 Philippo
1633 967 1844 1041 dicebantur
1859 968 2062 1040 unanimiter

498 1088 683 1158 audientes
702 1102 737 1158 et
753 1087 916 1158 videntes
935 1089 1035 1183 signa
1051 1113 1130 1185 quae
1150 1087 1314 1159 iaciebat.
1333 1087 1434 1158 Multi
1453 1088 1549 1158 enim
1566 1087 1709 1158 illorum
1725 1087 1788 1183 qui
1807 1085 1993 1158 habebant
2006 1088 2062 1183 spi·

497 1211 584 1280 ritus
601 1207 808 1278 immundos
821 1206 1015 1280 clamantes
1026 1232 1115 1280 voce
1130 1231 1257 1302 magna
1267 1207 1448 1302 exiebant,
1468 1208 1569 1277 multi
1586 1207 1770 1304 paralytici
1782 1221 1817 1276 et
1829 1205 1948 1276 claudi
1963 1207 2061 1277 curati

495 1340 591 1396 sunt.
611 1329 758 1396 Factum
773 1340 826 1396 est
838 1350 922 1421 ergo
940 1326 1109 1420 gaudium
1130 1349 1301 1420 magnum
1318 1325 1355 1395 in
1371 1324 1431 1395 illa
1446 1325 1600 1395 civitate.
1616 1351 1634 1390 u
1653 1323 1761 1411 Quod
1778 1325 1886 1396 etiam
1906 1323 2060 1419 gaudium

496 1459 672 1542 quantum
682 1444 853 1542 apostolis
861 1445 964 1518 suerit
977 1471 1051 1516 non
1063 1460 1199 1517 tacetur
1208 1470 1321 1541 quum
1328 1444 1477 1515 dicitur:
1493 1448 1639 1530 «Quum
1654 1443 1836 1514 audissent
1851 1458 1972 1515 autem
1988 1467 2060 1539 apo·

475 1565 578 1634 ·stoli
596 1566 659 1660 qui
685 1582 787 1637 erant
809 1565 1038 1662 ierosolymis
1059 1567 1143 1663 quia
1163 1566 1354 1662 recepisset
1374 1564 1533 1635 Samaria
1551 1563 1702 1634 verbum
1728 1563 1810 1651 Dei,
1836 1563 2009 1633 miserunt
2024 1563 2059 1633 ad

496 1684 575 1754 illos
592 1689 735 1768 Petrum
755 1700 790 1756 et
806 1685 1020 1774 Johannem,
1036 1699 1104 1755 etc.
1120 1713 1138 1752 u
1154 1689 1257 1754 Hunc
1274 1697 1392 1755 autem
1413 1683 1616 1780 Philippum
1636 1707 1719 1753 eunt
1738 1707 1815 1753 esse
1837 1696 1994 1770 constat,
2012 1681 2059 1777 qui

497 1805 605 1875 etiam
621 1804 714 1874 inter
730 1805 826 1900 ipsos
844 1819 980 1901 septem
997 1805 1169 1876 diaconos
1190 1819 1309 1875 vestro
1326 1803 1510 1874 famulatui
1532 1803 1722 1900 deputatos
1740 1802 1956 1898 evangelista
1970 1826 2059 1900 supe·

497 1921 570 1991 rius
584 1923 782 1993 secundum
797 1939 880 2020 post
889 1923 1111 2021 Stephanum
1122 1924 1357 2020 computavit,
1371 1921 1533 1993 dicens':
1555 1927 1630 1992 «Et
1646 1921 1828 2017 elegerunt
1838 1920 2056 2018 Stephanum,

497 2043 614 2112 virum
631 2043 779 2141 plenum
791 2043 862 2114 lide
875 2060 911 2116 et
926 2045 1055 2141 Spiritu
1071 2059 1209 2134 sancto,
1228 2059 1263 2115 et
1282 2043 1497 2141 Philippum,
1515 2058 1584 2114 etc.
1605 2047 1654 2113 Ex
1670 2067 1744 2139 quo
1760 2043 1869 2114 etiam
1885 2041 1997 2138 liquet
2010 2067 2059 2140 per

499 2148 596 2230 hum
611 2187 756 2258 quoque
778 2162 967 2233 diaconem
983 2178 1140 2235 vestrum
1157 2163 1259 2260 quasi
1274 2162 1320 2234 de
1340 2161 1452 2233 domo
1468 2175 1585 2233 vestra
1604 2161 1759 2259 primam
1780 2177 1926 2257 agentes
1947 2160 2059 2258 praedi·

499 2279 679 2350 cationem
698 2281 828 2353 Christi
850 2281 995 2354 dilatam
1022 2282 1126 2354 luisse
1153 2282 1385 2378 etprimitias
1405 2281 1564 2376 gentium
1584 2281 1622 2351 in
1646 2279 1793 2351 horreas
1809 2277 1941 2350 Christi
1955 2303 2060 2376 perve-

501 2399 606 2470 nisse.
635 2401 742 2496 Cujus
768 2401 875 2472 etiam
901 2401 1041 2472 filiabus
1061 2416 1234 2499 quantam
1259 2403 1408 2496 gratiam
1432 2402 1664 2499 praerogativa
1678 2401 1862 2496 virginitas
1886 2399 2060 2470 contulerit

500 2518 606 2616 longe
618 2520 763 2593 inferius
775 2522 996 2617 Evangelista
1004 2547 1079 2594 non
1090 2524 1213 2593 reticet
1221 2521 1359 2594 dicens³
1373 2551 1410 2592 :u
1423 2522 1540 2593 Altera
1551 2537 1672 2593 autem
1684 2521 1742 2593 die
1755 2521 1907 2619 proiecti
1916 2522 2058 2591 venimus

502 2643 696 2712 Caesaream
716 2657 752 2713 et
771 2643 944 2715 intrantes
962 2644 1111 2716 domurn
1131 2643 1282 2741 Philippi
1299 2644 1543 2740 evangelistae,
1562 2645 1716 2740 quierat
1736 2667 1831 2713 unus
1848 2639 1894 2711 de
1919 2654 2055 2738 septem,

502 2759 697 2832 mansimus
714 2762 811 2858 apud
823 2787 919 2834 eum.
938 2765 1028 2834 Huic
1044 2778 1163 2835 autem
1179 2778 1281 2836 erant
1297 2762 1375 2834 hliae
1391 2778 1546 2862 quatuor
1555 2763 1708 2858 virgines
1724 2759 2019 2861 prophetantes.»

480 2939 484 2948 .
549 2882 596 2948 Ut
607 2903 697 2980 ergo¹
709 2905 806 2952 nunc
817 2881 864 2952 ad
879 2883 1065 2979 superiora
1077 2883 1280 2972 redeamus,
1297 2882 1384 2954 libet
1393 2885 1501 2954 etiam
1515 2905 1612 2953 nunc
1623 2882 1754 2953 intueri
1766 2895 1940 2977 quantam
1955 2898 2057 2949 curam

500 2994 693 3094 sepeliendi
707 3001 969 3071 sanctissimum
986 3001 1150 3098 martyris
1166 3003 1221 3073 sui
1232 3026 1363 3100 corpus
1378 3000 1544 3072 habuerit
1559 3001 1748 3089 Dominus,
1758 3023 1871 3096 quum
1885 2997 1931 3069 de
1946 2997 2058 3067 caeteris

501 3114 547 3186 ad
574 3115 691 3212 ipsum
712 3119 948 3213 ingemiscens
972 3121 1155 3192 Psalmista
1178 3135 1419 3217 conqueratur
1442 3119 1564 3191 dicens
1584 3145 1592 3188 ι
1610 3122 1651 3186 ‘n
1668 3123 1867 3190 Posuerunt
1889 3115 2058 3188 morticina

500 3261 686 3306 servorum
702 3252 847 3308 tuorum
871 3264 968 3311 escas
988 3241 1192 3313 volatilibus
1212 3240 1305 3328 coeli,
1325 3265 1449 3312 carnes
1470 3256 1677 3312 sanctorum
1699 3239 1822 3310 bestiis
1843 3253 1956 3310 terrae.
1978 3232 2057 3305 Eliu-

501 3355 631 3425 derunt
653 3359 864 3451 sanguinem
888 3372 1096 3428 sanctorum
1117 3360 1153 3429 in
1177 3360 1328 3429 circuitu
1344 3357 1537 3428 Jerusalem
1555 3345 1591 3428 e't
1606 3381 1681 3428 non
1698 3372 1775 3429 erat
1790 3359 1852 3453 qui
1867 3356 2056 3453 sepeliret.»

502 3477 542 3540 ln
559 3471 619 3541 illa
635 3473 768 3568 quippe
789 3488 889 3544 tanta
904 3477 1153 3571 persecutione
1172 3491 1209 3547 et
1228 3475 1450 3572 dispersione
1467 3475 1627 3546 fidelium
1644 3499 1722 3572 quae
1741 3489 1828 3546 tunc
1849 3471 2059 3570 lerosolymis

502 3588 595 3658 lacta
615 3603 685 3676 est,
705 3612 779 3658 nou
802 3589 992 3661 defuerunt
1013 3591 1135 3664 lideles
1159 3595 1326 3689 quicum
1351 3594 1497 3691 planctu
1517 3593 1702 3689 magnoin
1719 3607 1819 3665 tanta
1831 3593 1886 3664 sui
1905 3593 2059 3664 anxietate

502 3719 708 3802 martyrem,
724 3708 940 3805 sepelierunt
951 3713 1042 3783 sicut
1051 3714 1223 3811 scriptum
1233 3717 1305 3786 est⁸
1319 3742 1326 3785 :
1346 3742 1363 3782 κ
1377 3713 1600 3812 Sepelierunt
1613 3713 1835 3811 Stephanum
1846 3714 1914 3784 viri
1922 3708 2059 3784 timorati

501 3838 537 3893 et
561 3823 721 3896 fecerunt
745 3825 928 3922 planctum
953 3817 1123 3926 magnum
1148 3855 1409 3929 supereum.»
1432 3834 1498 3902 Hic
1525 3847 1577 3904 est
1599 3831 1658 3903 ille
1683 3831 1841 3929 ploratus
1867 3846 1903 3902 et
1926 3829 2059 3902 ululatus

502 3942 635 4014 multus
648 3944 809 4016 Rachelis
823 3961 961 4035 vestrae,
970 3947 1026 4018 hae
1035 3964 1119 4019 sunt
1129 3949 1195 4020 illae
1211 3951 1461 4048 compatientis
1476 3950 1638 4022 Ecclesiae
1648 3951 1714 4048 piae
1729 3950 1906 4046 lacrymae,
1921 3971 1993 4046 quae
2007 3969 2060 4042 per

501 4063 688 4133 Jeremiam
701 4062 923 4160 praefigurata
938 4081 1022 4138 sunt
1038 4067 1234 4140 dicentem·
1254 4096 1262 4138 :
1286 4096 1303 4136 κ
1318 4073 1396 4140 Vox
1407 4070 1444 4139 in
1457 4068 1595 4139 excelso
1612 4067 1733 4140 audita
1745 4083 1799 4138 est
1814 4061 2060 4138 lamentationis

502 4196 538 4252 et
554 4181 682 4270 luctus,
701 4182 863 4254 Rachelis
890 4183 1064 4282 plorantis
1090 4185 1181 4259 filios
1202 4213 1300 4276 suos,
1324 4195 1391 4258 etc.
1409 4215 1427 4255 u
1451 4193 1495 4258 Et
1517 4212 1582 4258 vos
1603 4211 1701 4283 ergo,
1724 4211 1865 4259 sorores
1883 4187 1920 4256 in
1936 4183 2060 4256 Christo

500 4301 700 4388 carissimae,
719 4300 826 4372 talem
842 4327 883 4373 ac
900 4317 1040 4375 tantum
1052 4305 1088 4375 in
1104 4321 1221 4377 vestro
1233 4306 1405 4377 famulatu
1421 4306 1629 4377 defunctum
1641 4307 1701 4403 pia
1713 4305 1963 4377 lamentatione
1974 4300 2062 4400 plau·

503 4418 592 4511 gite,
612 4419 671 4514 pia
690 4421 949 4517 compassionis
965 4421 1158 4494 devotione
1174 4423 1396 4496 venerandas
1412 4425 1577 4520 exequias
1598 4423 1793 4512 celebrate,
1813 4438 1848 4494 et
1864 4422 1961 4520 quasi
1975 4419 2061 4490 hunc

503 4538 679 4634 praecipue
696 4553 854 4610 vestrum
869 4540 916 4611 ad
932 4543 1136 4640 sepulcrum
1150 4559 1406 4642 prosequentes
1422 4543 1497 4639 ejus
1510 4543 1699 4641 sepulturae
1718 4543 1882 4640 lacrymis
1898 4551 2061 4635 unguenta

501 4653 672 4748 perficite,
691 4670 727 4726 et
743 4655 839 4727 fideli
855 4660 930 4754 ejus
946 4662 1040 4733 circa
1056 4687 1120 4733 vos
1137 4661 1311 4759 obsequio
1328 4663 1430 4760 quasi
1446 4677 1608 4735 aromata
1623 4677 1831 4761 praeparate.

548 4771 710 4866 Legimus
727 4775 763 4844 in
781 4775 847 4846 illis
864 4778 1042 4851 sceleratis
1065 4781 1180 4853 turbis
1204 4806 1283 4879 quae
1305 4781 1351 4854 ad
1372 4781 1654 4877 crucifigendum
1666 4781 1847 4852 ducebant
1862 4777 2059 4858 Dominum,

533 5077 541 5104 ¹
557 5078 611 5135 Act.
622 5080 716 5140 Arest„
727 5095 784 5144 cap.
794 5095 850 5141 tut,
862 5099 884 5132 v.
898 5081 910 5129 l
924 5093 949 5132 et
958 5099 996 5150 sq.
1005 5081 1053 5120 —'
1063 5083 1138 5144 lbid.,
1148 5099 1194 5151 cap
1215 5101 1252 5144 n,
1264 5100 1286 5134 t.
1299 5086 1322 5135 lt.
1331 5084 1378 5123 ·-⁸
1389 5083 1462 5147 lbid.‚
1472 5100 1528 5151 cap.
1540 5100 1583 5137 xxx
1593 5121 1600 5148 ,
1612 5099 1636 5134 t.
1649 5085 1663 5132 8
1676 5093 1749 5149 etsq.
1761 5107 1788 5118 -
1797 5079 1809 5108 ⁴
1819 5080 1905 5132 Psatm.
1914 5088 2012 5130 tammo
2023 5073 2064 5120 Η

500 5175 524 5213 ot
535 5165 557 5211 3.
574 5189 598 5198 „
611 5161 685 5214 'Aru
697 5165 790 5226 upon..
807 5182 862 5231 cap.
873 5184 929 5228 ιιιι,
941 5185 962 5220 v.
977 5172 1043 5221 2.—
1053 5170 1063 5198 ⁸
1073 5169 1240 5238 Jerem.,cap.
1250 5186 1325 5231 uxr,
1334 5185 1359 5222 ι.
1373 5175 1410 5224 rt.
