4510 6108
444 546 514 616 542
1041 537 1170 614 PETlll
1195 539 1430 614 remmam

442 683 624 756 arantibus
640 683 726 756 dicit
741 687 750 722 ¹
770 711 778 754 ε
801 711 819 750 «
839 680 954 754 Debet
969 681 1068 752 enim
1083 681 1121 754 in
1137 705 1200 779 spe
1220 681 1283 778 qui
1299 695 1393 770 arat,
1412 705 1528 772 arare,
1541 685 1649 782 etqui
1659 687 1818 780 triturat,
1832 690 1870 762 in
1882 717 1947 790 spe
1957 693 2026 766 sru-

445 831 463 872 «
482 818 560 874 ctus
577 800 846 901 percipiendi.»
866 801 936 888 Qui
953 825 1038 897 ergo
1055 815 1236 872 tormenta
1252 801 1351 898 prius
1368 798 1532 872 fidelibus
1548 803 1781 901 irrogaverat,
1806 823 1842 882 et
1861 836 1929 909 pro
1954 813 2023 887 lide
2086 847 2095 866 ·

442 921 677 1020 postmodum
693 919 831 1017 flagella
846 918 999 990 libenter
1015 932 1135 1016 portat
1159 943 1167 988 ε
1193 919 1255 1016 qui
1276 919 1415 1015 scriptis
1435 920 1544 992 etiam
1564 923 1722 1020 epistolis
1738 925 1882 1000 humilis
1904 954 1947 1001 ac
1968 930 2024 1004 de·

442 1056 583 1139 spectus
600 1039 769 1139 praedicat
792 1068 799 1110 :
820 1039 882 1135 qui
904 1035 1044 1109 dudum
1060 1035 1225 1106 terribilis
1241 1035 1498 1133 impugnabat,
1526 1040 1687 1136 prolecto
1707 1043 1800 1117 bene
1816 1045 1943 1146 ligatus
1959 1049 2022 1121 sub

443 1177 562 1234 aratro
588 1159 740 1232 desudat
758 1157 804 1230 ad
825 1171 999 1252 segetem,
1019 1155 1082 1254 qui
1097 1153 1241 1226 vivebat
1258 1156 1295 1224 in
1311 1179 1442 1256 campo
1464 1156 1558 1230 male
1578 1182 1600 1232 a
1615 1161 1746 1234 timore
1760 1163 1862 1238 liber.
1882 1171 1936 1239 De
1952 1194 2021 1266 quo

442 1297 538 1354 recte
555 1280 686 1352 dicitur
701 1306 709 1350 :
728 1307 744 1345 «
761 1280 830 1347 Aut
845 1274 1063 1370 confringet,
1083 1288 1152 1345 etc.
1167 1276 1276 1345 »lam
1291 1272 1424 1346 scilicet
1439 1277 1615 1350 Dominus
1630 1281 1872 1378 quorumdam
1888 1303 2021 1360 mentes

442 1405 653 1488 intraverat,
679 1397 742 1494 qui
766 1395 867 1467 illum
892 1394 1064 1466 veraciter
1089 1391 1239 1465 humani
1265 1395 1402 1490 generis
1426 1393 1691 1495 redemptorem
1717 1403 1924 1478 credebaut.
1954 1410 2020 1495 Qui

442 1539 562 1596 tamen
580 1543 694 1618 quum
710 1541 938 1615 nequaquam
955 1538 975 1586 a
992 1515 1142 1614 pristina
1157 1513 1407 1586 observatione
1424 1517 1650 1610 recederent,
1666 1547 1779 1619 quum
1795 1525 1887 1598 dura
1902 1526 2020 1601 litterae

440 1642 719 1741 praedicamenta
735 1634 970 1725 custodirent,
988 1633 1037 1706 eis
1054 1633 1266 1732 praedicator
1281 1635 1441 1731 egregius
1458 1635 1590 1710 dieit¹:
1612 1667 1630 1708 «
1650 1641 1686 1711 Si
1702 1642 2016 1736 circumcidamini,

443 1790 461 1830 a
476 1761 635 1832 Christus
650 1755 753 1828 vobis
770 1754 859 1828 nihil
874 1752 1047 1853 proderit.
1063 1781 1081 1821 u

492 1879 601 1966 «Qui
625 1901 711 1973 ergo
737 1877 774 1946 in
800 1873 928 1946 humili
952 1887 1073 1946 mente
1098 1872 1258 1946 fidelium
1280 1871 1367 1972 legis
1384 1873 1556 1951 duritiam
1569 1867 1819 1977 redarguendo
1834 1885 2016 1973 contrivit,

440 1998 529 2100 quid
548 1997 645 2070 aliud
665 2019 776 2095 quam
796 1996 833 2066 in
856 1991 947 2066 valle
967 2006 1050 2092 post
1065 1994 1263 2066 Dominum
1279 1993 1398 2091 glebas
1418 1995 1538 2094 fregit,
1557 2022 1604 2072 ne
1619 2000 1783 2074 videlicet
1799 2027 1909 2099 grana
1924 2005 2020 2076 serni-

371 2137 376 2148 ·
440 2145 530 2192 uum
549 2137 635 2215 quae‘
652 2139 818 2188 excussus
844 2127 963 2186 aratro
989 2111 1075 2186 fidei
1094 2112 1212 2184 sulcus
1237 2112 1357 2186 cordis
1380 2115 1573 2214 exciperet,
1596 2143 1662 2215 per
1686 2120 1885 2194 custodiam
1902 2121 2019 2194 littera

440 2264 560 2342 pressa
585 2239 802 2337 deperirent.
826 2237 880 2306 De
905 2259 980 2333 quo
1005 2233 1123 2306 adhuc
1147 2233 1241 2306 bene
1271 2234 1437 2312 subditur
1464 2263 1474 2310 ε
1501 2267 1518 2326 ς(
1539 2237 1709 2336 Nunquid
1728 2239 2020 2316 fiduciam‘habe·

442 2393 459 2430 a
472 2362 539 2452 bit,
550 2360 643 2432 eto?
656 2387 673 2424 >t
691 2363 731 2428 ln
741 2355 979 2428 rhinocerotis
993 2353 1099 2452 hujus
1111 2353 1320 2428 fortitudine
1335 2353 1505 2430 fiduciam
1519 2362 1615 2432 Deus
1631 2359 1770 2452 habuit,
1788 2363 1873 2461 quia
1888 2379 2019 2461 quanto

438 2481 540 2553 illum
556 2476 733 2551 crudelius
746 2475 836 2548 dura
852 2473 919 2547 sibi
936 2473 1148 2546 inferentem
1160 2473 1321 2573 pertulit,
1333 2489 1435 2548 tanto
1447 2501 1515 2574 pro
1528 2503 1566 2550 se
1577 2480 1799 2552 constantius
1811 2481 2019 2554 tolerantem

440 2601 588 2672 adversa
604 2597 791 2696 praescivit.
811 2595 877 2667 Cui
893 2591 1035 2666 labores
1050 2593 1176 2684 etiam,
1194 2619 1286 2692 quos
1302 2594 1378 2692 ipse
1399 2595 1436 2666 in
1457 2619 1566 2668 carne
1582 2597 1792 2695 pertulerat,
1812 2598 2017 2700 dereliquit3

438 2721 523 2818 quia
539 2741 754 2790 conversum
770 2714 871 2786 illum
887 2739 1000 2814 usque
1021 2712 1068 2787 ad
1084 2713 1323 2786 imitationem
1347 2715 1502 2814 propriae
1524 2719 1699 2816 passionis
1719 2721 1837 2794 traxit.
1861 2721 1964 2794 Unde
1986 2737 2019 2794 et

439 2863 504 2937 per
520 2836 689 2908 eumdem
705 2833 973 2906 rhinocerotem
991 2831 1135 2904 dicitur¹
1148 2861 1156 2902 :
1171 2860 1189 2900 u
1203 2831 1361 2932 Suppleo
1377 2859 1506 2932 eaque
1522 2834 1654 2908 desunt
1669 2839 1876 2936 passionum
1893 2839 2019 2912 Christi

440 2959 511 3030 «in
529 2980 637 3030 carne
653 2980 745 3028 mea.
767 2983 786 3022 u
804 2957 858 3027 De
878 2979 951 3052 quo
977 2951 1096 3025 adhuc
1120 2949 1286 3024 subditur
1307 2979 1317 3026 r
1338 2982 1356 3022 α
1375 2953 1546 3052 Nunquid
1569 2956 1692 3032 credes
1717 2959 1750 3030 ei
1775 2958 1875 3056 quod
1896 2959 2019 3032 reddat

441 3075 745 3167 «seminantibus,
764 3089 801 3146 et
816 3098 936 3147 aream
955 3089 1056 3146 tuam
1071 3072 1283 3170 congreget?
1296 3101 1313 3140 >r
1332 3073 1607 3150 Consideremus
1626 3077 1773 3176 paulum
1789 3081 1869 3176 quis
1895 3079 2017 3169 suerit,

437 3224 550 3298 quum
566 3198 612 3271 ab
629 3198 706 3296 ipsa
721 3194 962 3268 adolescentia
973 3193 1211 3294 lapidantium
1220 3191 1363 3290 a'djutor
1374 3194 1550 3286 existeret,
1564 3221 1677 3293 quum
1686 3197 1755 3271 alia
1763 3198 1926 3272 Ecclesia
1942 3200 2020 3274 loca

436 3333 612 3408 vastaret,
632 3331 668 3389 et
688 3318 842 3416 acceptis
864 3313 1043 3414 epistolis,
1067 3312 1243 3386 vastanda
1269 3312 1339 3387 alia
1358 3327 1511 3412 peteret,
1538 3341 1653 3415 quum
1676 3341 1775 3390 mors
1802 3320 1836 3391 ei
1861 3317 2019 3392 fidelium

437 3437 535 3511 nulla
555 3435 750 3524 sufficeret,
769 3434 832 3505 sed
858 3457 999 3531 semper
1020 3431 1067 3504 ad
1091 3432 1245 3504 aliorum
1268 3431 1453 3508 interitum
1478 3434 1554 3508 aliis
1578 3437 1741 3510 extinctis
1761 3438 1962 3529 anhelaret;
1984 3455 2019 3512 et

381 3597 384 3603 ·
436 3559 597 3660 prolecto
611 3555 886 3652 cognoscemus,
900 3555 985 3650 quia
1000 3568 1086 3624 tunc
1102 3552 1220 3625 nullus
1233 3552 1395 3626 fidelium
1407 3554 1587 3648 crederet,
1606 3555 1707 3656 quod
1723 3557 1770 3630 ad
1781 3559 1909 3656 jugum
1924 3564 2018 3632 Deus

435 3703 506 3752 suae
530 3673 750 3748 fortitudinis
773 3673 946 3745 feritatem
972 3671 1135 3744 elationis
1161 3671 1359 3745 inclinaret.
1380 3673 1485 3747 Unde
1502 3691 1539 3748 et
1561 3678 1716 3756 Ananias
1732 3702 1822 3750 voce
1838 3677 2018 3750 dominica

434 3797 532 3870 huno
553 3811 589 3867 et
608 3809 800 3893 postquam
825 3815 1039 3864 conversum
1060 3791 1218 3882 audivit,
1237 3793 1398 3864 extimuit
1414 3793 1562 3868 dicens*
1582 3823 1591 3868 r
1612 3826 1630 3864 a
1651 3797 1828 3885 Domine,
1851 3797 1972 3868 audivi
1996 3821 2018 3868 a

437 3945 455 3984 a
476 3914 595 3987 multis
623 3913 668 3985 de
693 3914 772 3986 viro
792 3911 881 4000 hoc,
909 3925 1044 4010 quanta
1063 3909 1159 3982 mala
1174 3911 1305 3982 sanctis
1325 3912 1394 3984 tuis
1417 3911 1539 3986 lecerit
1562 3915 1600 3985 in
1617 3913 1823 3986 Jemsalem.
1844 3943 1863 3982 n
1885 3914 1954 4000 Qui
1971 3929 2021 3985 ta·

435 4060 517 4108 men
539 4047 687 4133 repente
709 4045 968 4122 commutatus,
987 4029 1034 4102 ab
1057 4029 1162 4103 hoste
1185 4029 1398 4128 praedicator
1413 4032 1580 4124 efficitur,
1607 4048 1644 4106 et
1667 4035 1705 4106 in
1731 4031 1870 4106 cunctis
1891 4033 2018 4106 mundi

433 4155 593 4256 partibus
610 4153 847 4252 redemptoris
863 4153 916 4224 sui
934 4175 1070 4223 nomen
1087 4151 1263 4241 insinuat,
1287 4151 1462 4250 supplicia
1476 4179 1544 4252 pro
1560 4155 1708 4228 veritate
1724 4155 1871 4244 tolerat,
1891 4156 1966 4254 pati
1981 4180 2019 4226 se

434 4299 512 4372 quae
537 4276 754 4370 irrogaverat
774 4269 919 4343 exultat.
939 4270 1034 4342 Alios
1050 4269 1303 4342 blandimentis
1319 4287 1442 4364 vocat,
1461 4272 1549 4346 alios
1564 4275 1612 4347 ad
1628 4273 1738 4347 iidem
1755 4273 1952 4346 terroribus
1967 4297 2022 4344 re·

433 4409 551 4464 vocat.
571 4394 649 4465 Istis
669 4416 821 4488 regnum
841 4387 1028 4488 pollicetur
1045 4386 1195 4460 coelestis
1211 4390 1351 4488 patriae,
1370 4389 1437 4462 illis
1453 4392 1610 4464 minatur
1625 4394 1724 4489 ignes
1741 4391 1925 4488 gehennae.
1944 4395 2022 4462 Hos

434 4535 498 4609 per
515 4525 698 4583 auctorem
725 4509 896 4606 corrigit,
914 4506 994 4578 illos
1018 4507 1065 4580 ad
1080 4508 1176 4580 viam
1192 4508 1415 4582 rectitudinis
1431 4534 1496 4607 per
1512 4509 1749 4582 humilitatem
1766 4509 1892 4601 trahit,
1911 4524 2023 4607 atque

433 4637 470 4734 in
497 4633 599 4707 omni
625 4631 734 4704 latere
765 4629 812 4703 ad
844 4653 995 4702 manum
1019 4654 1057 4701 se
1087 4629 1141 4701 sui
1166 4630 1315 4701 rectoris
1339 4628 1500 4702 inclinat.
1518 4636 1564 4704 Et
1590 4647 1686 4706 tanta
1715 4647 1791 4705 arte
1806 4634 1873 4706 Dei
1898 4657 2025 4706 aream

434 4768 640 4853 congregat,
659 4768 793 4851 quanta
809 4751 906 4823 illam
922 4751 1021 4849 prius
1036 4749 1190 4822 elatione
1206 4749 1412 4824 ventilabat.
1432 4778 1450 4818 n

469 5051 479 5080 ⁸
494 5050 603 5104 Corinth.
614 5051 643 5110 1,
657 5063 712 5116 cart
728 5066 770 5112 rr,
784 5066 809 5102 r.
825 5051 863 5102 to.
878 5075 907 5088 -
919 5049 929 5078 ⁸
939 5051 1034 5110 Galat,
1050 5064 1107 5116 cap.
1118 5064 1142 5108 r.
1155 5064 1178 5099 r.
1194 5044 1283 5102 2.-⁸
1298 5068 1310 5096 ι
1323 5049 1451 5116 Adimpleo
1472 5066 1501 5102 er
1520 5067 1574 5118 que
1594 5050 1681 5104 desum
1699 5053 1838 5119 patriorum
1858 5053 1994 5106 Christi...
2009 5075 2027 5102 ι

436 5141 529 5206 (colora
543 5155 616 5207 ,cap
641 5178 648 5204 ,
663 5153 687 5189 v.
700 5137 879 5204 tta—¹102.
891 5141 986 5203 apert,
1000 5153 1106 5206 capu,
1119 5152 1143 5190 r.
1160 5139 1199 5188 tt.
