4522 6102
860 641 1095 714 DPlSTOLAE.
1674 695 1677 702 ψ
1724 646 1770 717 83

191 801 333 848 seruum
345 792 460 865 tamea,
474 781 571 850 Deua
587 801 706 868 meus,
722 797 923 879 sperantem
934 785 971 856 in
985 801 1030 856 te.
1048 786 1219 874 Domine,
1231 785 1361 868 *exaudi
1374 787 1573 888 orationem
1588 811 1722 876 mam,
1734 803 1770 860 et

190 896 324 967 clamor
340 921 441 968 meus
459 896 505 967 ad
524 913 557 969 te
580 900 727 970 veniat¹.
740 929 759 966 u
773 903 900 974 Oratio
911 907 932 972 ¹.
956 933 974 970 a
988 907 1097 994 Deus,
1111 906 1175 1000 qni
1193 926 1257 1002 per
1273 905 1454 978 servulum
1474 919 1575 978 tuum
1587 905 1770 978 ancillulas

163 1115 166 1119 .
191 1030 269 1088 tuas
286 1017 322 1087 in
336 1016 483 1087 nomine
501 1031 563 1088 tuo
582 1016 744 1115 dignatus
758 1045 795 1091 es
810 1045 1016 1120 aggregare,
1038 1038 1072 1094 te
1088 1047 1306 1120 quaesumus,
1322 1039 1362 1095 ut
1374 1039 1445 1096 tam
1460 1026 1527 1122 ipsi
1537 1049 1646 1122 quam
1664 1025 1768 1096 nobis

190 1134 226 1202 in
245 1146 304 1203 tua
323 1131 456 1204 tribuas
477 1140 722 1232 perseverare³
743 1138 936 1211 voluntate.
958 1145 1023 1212 Per
1036 1139 1232 1214 Dominum
1246 1194 1254 1230 ,
1270 1157 1337 1213 etc.
1353 1171 1370 1208 a
1386 1145 1488 1214 Nunc
1500 1157 1618 1214 autem
1631 1143 1766 1214 absenti

190 1251 275 1322 mihi
302 1267 400 1324 tanto
425 1254 576 1352 amplius
602 1259 806 1330 orationum
832 1275 1027 1331 vestrarum
1052 1285 1143 1359 opus
1169 1276 1221 1332 est
1247 1261 1433 1357 suffragio,
1463 1277 1598 1359 quanto
1624 1263 1768 1358 majoris

186 1372 360 1444 anxietate
376 1374 525 1471 periculi
543 1379 777 1475 constringor.
796 1379 1036 1479 supplicando
1060 1381 1178 1478 itaque
1194 1380 1357 1479 postulo,
1383 1393 1418 1452 et
1442 1381 1659 1478 postulando
1683 1407 1766 1481 sup

185 1487 299 1586 plici),
323 1507 496 1588 quatenus
514 1496 689 1592 praecipue
713 1522 810 1568 nunc
832 1497 958 1569 absens
979 1500 1138 1597 experiar
1150 1525 1259 1596 quam
1279 1524 1360 1571 vera
1378 1500 1530 1571 charitas
1554 1514 1666 1570 vestra
1684 1526 1764 1598 erga

186 1611 367 1683 absentem
382 1615 550 1704 extiterit,
572 1615 716 1712 singulis
738 1617 902 1689 videlicet
922 1617 1020 1689 horis
1039 1619 1185 1718 expletis
1206 1618 1303 1690 hunc
1329 1619 1499 1691 orationis
1521 1621 1673 1717 propriae
1692 1645 1764 1692 mo

186 1727 273 1799 dum
286 1729 496 1802 adnectens:
512 1733 745 1830 Responsum.
759 1766 776 1802 u
789 1741 839 1807 Ne
849 1735 1073 1832 derelinquas
1081 1762 1151 1826 me,
1159 1739 1312 1808 Domine
1321 1751 1421 1834 pater
1430 1751 1465 1808 et
1474 1736 1763 1810 dominatorvitae

185 1871 290 1937 meae,
315 1865 354 1920 ut
368 1874 442 1921 non
456 1875 621 1922 corruam
635 1853 672 1924 iu
691 1869 884 1952 conspectu
898 1854 1180 1927 adversariorum
1204 1880 1386 1945 meorum,
1404 1881 1449 1928 ne
1467 1855 1619 1953 gaudeat
1639 1856 1685 1928 de
1705 1883 1763 1929 me

185 1968 347 2039 inimicus
360 1974 489 2040 meus⁸.
505 1999 522 2036 n
538 1975 679 2044 Versus.
695 2001 712 2040 u
727 1973 962 2071 apprehende
977 1999 1074 2046 arma
1082 1990 1117 2046 et
1128 1991 1280 2062 scutum,
1295 1991 1330 2047 et
1337 1998 1484 2072 exsurge
1496 1975 1533 2047 in
1545 1975 1762 2072 adjutorium

184 2088 274 2159 mihi
284 2093 303 2176 ⁸,
319 2113 365 2161 ne
379 2089 567 2186 gaudeat.»
580 2095 715 2162 Preces.
736 2093 910 2164 «Salvum
925 2094 979 2165 sac
990 2118 1130 2165 servum
1145 2109 1259 2184 tuum,
1274 2099 1370 2166 Deus
1383 2119 1497 2184 meus,
1509 2109 1712 2192 sperantem
1723 2098 1759 2168 in
1834 2164 1838 2172 .

184 2223 229 2279 te.
246 2209 345 2280 Mitte
357 2211 402 2297 ei,
414 2210 581 2299 Domine,
594 2211 763 2282 auxilium
777 2211 822 2284 de
836 2227 971 2304 sancto,
987 2228 1023 2284 et
1039 2212 1085 2284 de
1102 2215 1188 2286 Sion
1206 2229 1306 2286 tuere
1321 2239 1415 2285 eum.
1433 2217 1516 2285 Esto
1530 2215 1575 2303 ei,
1590 2217 1757 2304 Domine,

182 2329 287 2399 turris
308 2328 523 2400 fortitudinis
547 2354 567 2402 a
586 2330 673 2402 facie
692 2331 836 2403 inimici.
858 2333 1031 2421 Domine,
1053 2332 1180 2406 exaudi
1198 2335 1397 2405 orationem
1417 2358 1551 2424 meam,
1576 2337 1760 2408 etclamor

183 2472 281 2518 meus
308 2448 354 2519 ad
375 2463 410 2520 te
433 2449 546 2520 veniat
559 2452 580 2518 ⁶.
600 2478 617 2516 >r
634 2449 757 2522 Oratio
768 2455 789 2520 ⁷.
811 2455 953 2542 «Deus,
977 2452 1037 2549 qui
1056 2477 1121 2551 per
1142 2476 1284 2525 servum
1303 2468 1404 2524 tuum
1422 2453 1604 2526 ancillulas
1621 2471 1700 2527 tuas
1721 2459 1757 2527 iu

182 2567 327 2638 nomine
347 2582 408 2638 tuo
426 2566 590 2664 dignatus
608 2593 645 2640 es
663 2593 866 2665 aggregare,
892 2585 927 2640 te
949 2595 1166 2667 quaesumus,
1194 2587 1233 2643 ut
1255 2596 1337 2643 eum
1358 2571 1404 2644 ab
1425 2575 1524 2644 omni
1549 2572 1759 2646 adversitate

181 2701 363 2783 protegas,
381 2701 415 2759 et
433 2686 568 2758 ancillis
591 2688 659 2759 tuis
680 2688 896 2760 incolumem
917 2689 1057 2761 reddas.
1078 2695 1145 2762 Per
1164 2692 1377 2794 Dominum,
1394 2708 1460 2764 etc.
1480 2721 1498 2760 u
1518 2693 1626 2779 Quod
1650 2695 1678 2764 si
1702 2719 1759 2766 me

180 2808 356 2878 Dominus
372 2807 409 2877 in
428 2805 592 2878 manibus
610 2807 837 2880 inimicorum
857 2809 1058 2899 tradiderit,
1076 2809 1208 2884 scilicet
1225 2825 1266 2881 ut
1282 2812 1351 2908 ipsi
1371 2812 1600 2910 praevalentes
1625 2837 1682 2883 me
1708 2815 1760 2883 in-

179 2925 370 3013 terficiant,
390 2942 451 2998 ant
464 2951 680 3024 quocunque
697 2952 781 2999 casu
799 2929 894 3000 viam
913 2930 1085 3002 urriversae
1102 2932 1218 3002 carnis
1236 2931 1364 3002 absens
1380 2956 1399 3002 a
1418 2931 1520 3003 vobis
1538 2933 1716 3028 ingrediar
1728 2939 1754 3022 ⁸3

179 3045 332 3116 cadaver
350 3045 498 3118 obsecro
523 3062 685 3118 nostrum
707 3045 910 3144 ubicunque
930 3046 986 3119 vel
1007 3049 1186 3146 sepultum
1208 3046 1264 3121 vel
1291 3052 1490 3148 expositum
1512 3051 1681 3145 jacuerit,
1709 3052 1756 3122 ad

178 3165 388 3236 cimiterium
401 3181 558 3237 vestrum
575 3164 705 3236 deferri
728 3166 877 3253 faciatis,
903 3165 963 3236 ubi
984 3165 1062 3237 liliae
1086 3171 1252 3256 nostrae⁰,
1280 3170 1353 3238 imo
1379 3169 1415 3238 in
1437 3168 1576 3240 Christo
1600 3194 1753 3260 sorores,

178 3283 380 3380 sepulcrum
400 3299 561 3356 nostrum
586 3285 712 3382 saepius
732 3285 910 3373 videntes,
926 3285 971 3355 ad
991 3310 1113 3383 preces
1127 3311 1193 3384 pro
1214 3311 1273 3359 me
1289 3289 1446 3358 Domino
1467 3283 1666 3359 fundendas
1683 3313 1757 3359 am·

177 3405 267 3501 plius
289 3407 493 3478 invitentur.
516 3404 658 3476 Nullum
684 3405 816 3502 quippe
841 3405 960 3476 locum
985 3407 1110 3476 anirnae
1135 3407 1272 3478 dolenti
1290 3409 1335 3478 de
1358 3421 1586 3504 peccatorum
1609 3433 1755 3482 suorum

178 3549 295 3598 errore
314 3526 478 3598 desolatae
495 3527 662 3598 tutiorem
681 3549 722 3596 ac
740 3522 973 3596 salubriorem
993 3525 1157 3614 arbitror,
1174 3551 1283 3623 quarn
1294 3550 1376 3597 eum
1389 3528 1449 3623 qui
1464 3551 1550 3597 vero
1562 3527 1753 3624 paraclete,

178 3647 212 3716 id
225 3663 278 3718 est
291 3645 507 3719 consolatori
524 3645 669 3743 proprie
683 3657 909 3716 consecratus
930 3659 997 3732 est,
1018 3645 1116 3716 etde
1134 3645 1209 3740 ejus
1231 3647 1377 3717 nomine
1398 3645 1595 3744 specialiter
1613 3647 1756 3744 iusigni-

178 3782 241 3836 tus.
265 3770 338 3836 Nec
359 3764 563 3836 Christianae
583 3761 771 3860 sepulturae
790 3761 909 3832 locum
931 3761 1060 3832 rectius
1076 3762 1173 3858 apud
1197 3762 1335 3860 aliquos
1360 3762 1501 3854 fideles,
1529 3788 1636 3858 quam
1659 3767 1754 3862 apud

105 3953 108 3958 .
179 3888 323 3958 feminas
332 3885 472 3956 Christo
486 3884 633 3957 devotas
647 3884 839 3954 consistere
850 3905 1000 3972 censeo,
1018 3905 1096 3978 quae
1116 3882 1161 3953 de
1175 3885 1320 3956 Domini
1334 3889 1415 3956 lesu
1431 3885 1560 3982 Christi
1575 3885 1755 3983 sepultura

179 4005 330 4076 sollicitae
341 4009 381 4092 ¹⁰,
405 4029 484 4077 cam
513 4003 702 4100 unguentis
736 4002 923 4100 pretiosiS,
958 4016 993 4072 et
1023 4017 1272 4098 praevenerunt
1294 4018 1330 4075 et
1356 4004 1552 4077 subsecuta
1581 4022 1688 4097 sunt,
1721 4025 1755 4079 et

179 4126 265 4196 circa
289 4124 365 4218 ejus
390 4122 592 4220 sepulcrum
617 4121 824 4219 plangentes
837 4125 874 4212 ¹¹,
902 4121 993 4191 sicut
1012 4120 1183 4219 scriptum
1210 4127 1323 4192 est²¹z
1355 4151 1372 4190 u
1399 4121 1562 4195 Mulieres
1592 4125 1755 4198 sedentes

180 4243 221 4312 ad
240 4255 516 4314 monumentum
539 4239 825 4312 lamentabantur
850 4239 975 4310 ilentes
999 4239 1242 4310 Dominum.»
1271 4241 1389 4310 Primo
1411 4240 1544 4312 ibidem
1567 4241 1613 4314 de
1638 4268 1752 4315 resur·

181 4364 331 4434 rectione
362 4360 437 4456 ejus
468 4359 624 4456 angelica
650 4360 872 4459 apparitione
898 4373 934 4431 et
964 4358 1179 4431 allocutione
1210 4373 1293 4430 sunt
1324 4361 1538 4450 consolatae,
1572 4375 1607 4432 et
1635 4364 1750 4433 statim

182 4483 282 4577 ipsius
308 4479 575 4552 resurrectionis
600 4478 748 4576 gaudia,
778 4503 822 4549 eo
847 4477 901 4548 bis
928 4478 977 4548 eis
1001 4494 1216 4576 apparente,
1243 4479 1426 4578 percipere
1456 4493 1685 4566 meruerunt,
1717 4496 1753 4552 et

185 4601 337 4673 manibus
361 4615 593 4672 contrectare.
618 4597 709 4670 lllud
727 4613 847 4670 autem
869 4596 1014 4670 demum
1035 4599 1284 4696 superomnia
1307 4598 1470 4697 postulo,
1499 4612 1538 4668 ut
1558 4622 1637 4693 quae
1655 4623 1752 4672 nunc

186 4721 224 4792 de
236 4723 393 4820 corporis
412 4723 480 4793 mei
494 4719 654 4818 periculo
673 4719 782 4791 nimia
802 4717 1039 4790 sollicitudine
1063 4719 1250 4809 laboratis,
1275 4735 1360 4791 tunc
1373 4719 1548 4817 praecipue
1568 4718 1613 4789 de
1638 4719 1750 4793 salute

216 4962 320 5012 'Palm
336 4979 373 5020 cr,
393 4981 414 5012 r.
430 4965 454 5012 2.
469 4989 501 5000 -—
516 4961 525 4988 ¹
543 4964 641 5013 Oramus
661 4960 711 5010 llS.
726 4959 797 5010 amb.
813 4985 838 4993 -
855 4958 864 4983 ¹
880 4959 942 5007 Per·
975 4959 1023 5009 118.
1040 4956 1188 5010 snb-¹⁰
1202 4956 1288 5015 llere..
1299 4973 1354 5024 cap.
1371 4973 1427 5018 ιιι,
1442 4973 1465 5006 v.
1483 4959 1493 5005 t
1509 4967 1535 5007 ot
1545 4971 1641 5023 th.—
1655 4958 1675 4984 ‘¹
1689 4959 1750 5008 Pta-

192 5049 329 5096 uaerrutr'am
344 5046 364 5095 D
382 5057 520 5112 perperam.
538 5074 561 5082 -
577 5045 688 5102 ‘Ecalt.,
706 5059 760 5110 cap.
781 5058 857 5100 xxrrr,
871 5057 894 5089 v.
910 5047 941 5102 1,
975 5045 1165 5104 rimtrlacrpmta
1182 5037 1375 5102 armentarius.
1392 5037 1457 5074 -¹'
1473 5038 1640 5106 ttsrrtr.‚cap.
1668 5055 1749 5100 xxru,

193 5128 269 5173 ³³*
285 5129 371 5180 marm.
390 5145 479 5190 mu,
501 5145 524 5179 v.
549 5131 572 5179 2.
589 5127 746 5179 —⁸Psalm.
770 5141 808 5184 cr,
828 5141 850 5174 v.
873 5127 946 5174 2.-
979 5142 1001 5176 v.
1019 5127 1059 5174 61.

194 5205 300 5263 'ornas
319 5214 366 5267 llS.
387 5213 459 5264 tmb.
476 5239 504 5250 -
518 5214 527 5241 ⁸
540 5215 630 5264 abacos
648 5215 713 5263 vobis
734 5210 761 5261 D.
777 5237 807 5248 -
826 5208 836 5235 ⁹
857 5211 946 5261 Vertroe
