4522 6102
909 624 1143 697 EPlS'l'OLAE.
1747 629 1815 698 t05

241 764 422 846 potentem
445 755 482 824 in
505 753 617 826 domo
639 757 812 830 Candacis
835 763 961 858 reginae
981 763 1226 860 AEthiopum¹,
1247 763 1309 860 qui
1331 777 1405 834 erat
1430 787 1537 861 super
1561 787 1686 834 omnes
1714 787 1814 860 gazas

241 871 333 966 ejus,
347 872 441 946 etde
460 889 531 948 tam
543 875 740 974 longinquo
755 894 898 951 venerat
915 881 1064 953 adorare
1077 883 1114 951 in
1128 880 1358 952 Hierusalem.
1377 881 1428 952 Ad
1449 905 1557 977 quem
1579 889 1812 954 revertentem

243 991 368 1063 missus
385 1007 438 1064 est
454 992 501 1065 ab
518 995 646 1091 angelo
662 995 843 1097 Philippus
858 1000 1077 1097 apostolus²,
1100 1014 1138 1072 ut
1152 1025 1235 1072 eum
1255 1015 1477 1072 converteret
1497 1000 1543 1072 ad
1560 1001 1668 1073 fidem
1685 1029 1693 1071 ε
1714 1002 1814 1098 quod

239 1109 313 1203 jam
327 1111 384 1182 ille
398 1129 574 1188 meruerat
587 1141 652 1214 per
666 1119 863 1189 orationem
884 1119 940 1190 vel
958 1143 1064 1191 sacre
1081 1121 1240 1191 lectionis
1262 1119 1514 1191 assiduitatem.
1540 1127 1565 1190 Α
1580 1145 1651 1218 qua
1669 1121 1814 1217 quidem

246 1244 284 1299 ut
297 1254 362 1301 nec
375 1231 409 1302 in
425 1234 481 1305 via
493 1248 578 1306 tunc
591 1251 730 1309 vacaret
741 1236 822 1308 licet
835 1237 1027 1310 ditissimus
1040 1255 1075 1310 et
1089 1238 1226 1336 gentilis
1237 1292 1246 1324 ,
1259 1263 1390 1335 magno
1404 1239 1532 1309 divinae
1544 1239 1815 1337 dispensationis

244 1363 360 1420 actum
374 1365 424 1422 est
436 1350 625 1444 beneficio,
637 1368 676 1426 nt
688 1354 789 1427 locus
801 1357 833 1427 ei
842 1359 1029 1455 Scriptura
1043 1373 1266 1446 occurreret,
1284 1359 1346 1453 qui
1359 1358 1717 1455 opportunissimam⁸
1734 1382 1815 1429 con·

244 1469 414 1540 versionis
439 1471 515 1566 ejus
539 1474 761 1545 occasionem
787 1476 948 1573 apostolo
973 1477 1156 1574 praeberet.
1188 1481 1238 1546 Ne
1259 1474 1346 1571 quid
1376 1499 1462 1547 vero
1487 1475 1579 1546 hanc
1607 1477 1815 1574 petitionem

244 1601 401 1659 nostram
410 1589 596 1686 impediat,
613 1593 668 1664 rel
684 1593 819 1692 impleri
835 1595 990 1684 differat,
1007 1596 1205 1667 orationem
1217 1619 1361 1691 quoque
1374 1596 1499 1692 ipsam,
1514 1618 1622 1692 qnam
1633 1619 1700 1693 pro
1713 1597 1816 1667 nohis

246 1705 393 1778 domino
406 1709 582 1807 supplices
595 1711 719 1784 dicatis
734 1717 764 1803 ⁴,
779 1739 998 1812 componere
1016 1731 1051 1787 et
1065 1716 1202 1786 mittere
1217 1714 1278 1785 tibi
1291 1714 1464 1785 maturavi
1481 1742 1488 1781 :

296 1855 312 1890 r
325 1829 441 1917 Deus,
462 1831 523 1926 qui
537 1830 673 1930 abipso
688 1832 853 1906 humanae
866 1835 1053 1906 creationis
1073 1834 1240 1924 exordio,
1257 1833 1386 1906 femina
1400 1833 1445 1907 de
1463 1847 1560 1904 costa
1573 1835 1638 1904 viri
1654 1833 1815 1924 formata,

246 1947 409 2042 nuptialis
430 1949 567 2046 copnlae
587 1969 845 2025 sacramentum
867 1955 1061 2026 maxhnum
1083 1957 1245 2044 sanxisti,
1270 1956 1403 2051 quique
1423 1955 1605 2025 immensis
1622 1953 1820 2025 honoribus

246 2063 304 2136 vel
318 2065 363 2138 de
375 2065 586 2166 desponsata
597 2071 794 2162 nascendo,
811 2073 867 2145 vel
880 2073 1048 2145 miracula
1061 2071 1267 2146 inchoando
1286 2074 1427 2172 nuptias
1439 2073 1647 2166 sublimasti,
1662 2098 1819 2170 meaeque

247 2185 353 2256 etiam
366 2187 557 2283 fragilitatis
573 2191 839 2264 incontinentiae
861 2207 1042 2289 utcunque
1063 2194 1125 2263 tihi
1142 2194 1275 2289 placuit
1294 2193 1379 2264 olim
1398 2191 1469 2263 hoc
1486 2192 1682 2264 remedium
1702 2193 1819 2264 indul·

246 2303 349 2375 sisti:
373 2331 419 2377 ne
446 2304 618 2406 despicias
645 2309 816 2382 ancillulae
841 2326 908 2383 tuae
933 2335 1075 2410 preces,
1105 2335 1193 2408 quas
1218 2335 1285 2410 pro
1312 2311 1398 2382 meis
1426 2311 1510 2408 ipsis
1532 2311 1700 2407 charique
1730 2313 1821 2383 mei·

169 2437 173 2446 '
246 2425 446 2496 excessibus
465 2428 501 2497 in
520 2444 714 2526 conspectu
737 2430 927 2525 majestatis
952 2446 1019 2502 tuae
1041 2429 1189 2530 supplex
1208 2429 1366 2501 effundo.
1395 2435 1562 2526 ignosce,
1592 2455 1615 2502 o
1641 2430 1822 2528 benignis-

246 2541 352 2632 sime,
373 2545 446 2616 imo
459 2543 658 2644 benignitas
670 2550 767 2647 ipsu,
786 2551 929 2646 ignosce
943 2551 1015 2621 tot⁶
1028 2564 1060 2620 et
1076 2551 1181 2620 tantis
1195 2547 1402 2620 criminibus
1418 2549 1566 2637 nostris,
1591 2563 1625 2620 et
1637 2549 1822 2622 ineffabilis

247 2661 494 2736 misericordia
520 2680 587 2736 tuae
615 2666 903 2756 multitudinem,
934 2668 1120 2766 culparum
1143 2683 1344 2738 nostrarum
1367 2669 1584 2738 immensitas
1606 2670 1817 2766 experiatur.

249 2779 351 2870 Puni,
367 2781 529 2873 obsecro,
548 2786 586 2856 in
600 2787 760 2883 praesenti
775 2812 867 2878 reos,
882 2802 921 2858 ut
933 2811 1058 2885 parcas
1070 2787 1105 2858 in
1119 2786 1249 2857 futuro.
1268 2785 1356 2856 Puni
1368 2786 1413 2856 ad
1425 2784 1571 2876 horam,
1589 2811 1634 2858 ne
1648 2789 1773 2886 punias
1786 2791 1821 2860 in

248 2913 430 2972 aeternum.
460 2905 585 3000 Accipe
617 2907 651 2974 in
678 2929 799 2976 servos
827 2907 960 3002 virgam
990 2905 1234 2993 correctionis,
1264 2930 1338 2976 non
1363 2904 1520 3001 gladium
1541 2906 1679 2976 furoris.
1706 2907 1825 3003 afflige

249 3043 391 3092 carnem
414 3037 451 3094 ut
470 3047 658 3096 conserves
675 3025 824 3097 animas.
843 3025 942 3096 adsis
963 3040 1149 3122 purgator,
1170 3050 1244 3095 non
1263 3024 1377 3110 ultor3
1399 3021 1573 3118 benignus
1592 3025 1702 3120 magis
1719 3050 1826 3121 quam

246 3138 376 3230 justus3
396 3155 495 3238 pater
514 3142 733 3232 misericors,
750 3169 823 3214 non
839 3159 999 3216 austerus
1016 3145 1204 3214 Dominus.
1224 3142 1338 3213 Proba
1350 3167 1417 3212 nos
1432 3196 1441 3229 ,
1457 3141 1629 3229 Domine,
1652 3157 1687 3213 et
1706 3157 1824 3232 tenta,

250 3259 339 3330 sicut
356 3259 402 3330 de
413 3262 602 3358 semetipso
615 3278 715 3358 rogat
727 3262 900 3359 propheta
913 3267 940 3350 ⁷,
961 3263 1046 3332 acsi
1064 3277 1184 3359 aperte
1203 3261 1359 3332 diceret:
1379 3262 1479 3330 Prius
1497 3261 1589 3330 rires
1610 3261 1765 3357 inspice,
1786 3286 1828 3333 ac

250 3379 446 3450 secundnm
459 3404 518 3452 eas
531 3382 767 3452 tentationum
782 3405 892 3452 onera
910 3379 1108 3452 moderare.
1128 3379 1237 3465 Quod
1253 3394 1287 3449 et
1301 3377 1424 3448 beatus
1441 3378 1568 3449 Paulus
1582 3375 1747 3450 fidelibus
1758 3381 1827 3452 tuis

250 3500 460 3594 promittens
481 3501 572 3571 ait⁸z
598 3504 759 3572 «Potens
780 3514 833 3571 est
851 3501 946 3571 enim
960 3503 1076 3588 Deus,
1103 3498 1165 3595 qui
1183 3521 1256 3568 non
1272 3499 1424 3596 patietur
1440 3522 1505 3567 vos
1523 3498 1650 3568 tentari
1669 3522 1776 3596 supra
1790 3500 1828 3570 id

253 3649 269 3682 r
282 3617 383 3714 qnod
396 3620 554 3716 potestis,
567 3619 629 3690 sed
644 3621 744 3692 saciet
759 3643 841 3691 cum
855 3621 1051 3691 tentatione
1065 3621 1171 3690 etiam
1186 3631 1400 3716 proventum
1415 3631 1453 3687 ut
1464 3617 1604 3715 possitis
1616 3619 1824 3690 sustinere.»

251 3737 471 3833 Conjunxisti
480 3764 559 3830 nos,
576 3741 747 3830 Domine,
761 3757 798 3812 et
813 3739 983 3829 divisisti,
1002 3737 1148 3836 quando
1166 3738 1299 3836 placuit
1313 3737 1393 3827 tibi,
1416 3752 1450 3808 ct
1463 3763 1536 3833 quo
1551 3737 1661 3809 modo
1681 3739 1824 3836 placuit.

251 3851 373 3926 Nunc·
389 3857 508 3954 quod,
528 3861 699 3948 nomine,
720 3859 994 3932 misericorditer
1006 3857 1157 3955 coepisti,
1175 3855 1500 3926 misericordissime
1512 3855 1671 3954 comple,
1689 3872 1724 3928 et
1737 3882 1828 3953 quos

249 4001 320 4048 ase
338 3978 447 4048 semel
466 3977 612 4050 divisisti
634 3981 670 4050 in
691 3979 847 4069 mundo,
869 3979 1072 4076 perenniter
1090 3975 1152 4047 tibi
1173 3975 1369 4071 conjungas
1391 3977 1428 4045 in
1450 3975 1560 4063 ecclc,
1584 4000 1664 4071 spes
1685 3991 1825 4065 nostra,

249 4119 333 4191 pars
347 4111 485 4186 nostra,
502 4099 698 4196 expectatio
711 4113 849 4186 nostra,
874 4095 1071 4170 consolatio
1088 4107 1226 4182 nostra,
1250 4094 1402 4164 Domine
1423 4094 1484 4189 qui
1506 4117 1543 4164 es
1562 4093 1770 4166 benedictus
1790 4096 1826 4166 in

246 4215 382 4286 secula.
407 4222 531 4287 Amen.
551 4246 568 4283 u

301 4333 387 4406 Vale
399 4335 436 4404 in
450 4333 602 4424 Christo,
620 4361 750 4435 sponsa
769 4337 914 4424 Christi,
936 4336 973 4406 in
991 4333 1131 4406 Christo
1150 4331 1247 4418 vale,
1269 4345 1303 4400 et
1322 4328 1461 4400 Christo
1477 4332 1572 4426 rive.
1597 4335 1718 4400 tmen.

288 4564 296 4586 ¹
307 4561 349 4613 Sic
362 4561 392 4612 C.
401 4561 570 4614 -Esnsscbruss
583 4572 607 4612 et
617 4567 641 4612 trs
652 4565 722 4612 domo
732 4561 820 4612 daunt
828 4561 853 4612 iu
864 4559 1024 4616 editionibu,
1060 4575 1071 4602 ι
1085 4559 1124 4624 qui
1142 4555 1215 4607 estoit
1224 4571 1266 4608 sos
1280 4565 1359 4606 tontes
1371 4555 1407 4608 las
1422 4554 1544 4606 richcssss
1558 4553 1590 4606 de
1607 4553 1783 4619 solempne.»
1799 4579 1830 4592 -

237 4663 308 4715 qua
317 4645 463 4712 perobscura
474 4645 547 4697 lectio
556 4645 661 4706 ridetur,
673 4657 697 4697 et
708 4657 775 4696 certe
786 4646 883 4704 mutila,
893 4646 1025 4712 prasertim
1060 4641 1133 4692 'Aca
1143 4644 1236 4704 apost„
1247 4655 1304 4706 cap,
1311 4657 1370 4717 ¹rur.
1383 4656 1406 4690 r.
1417 4641 1456 4690 ru.
1464 4666 1496 4677 -
1505 4638 1514 4665 ⁸
1524 4639 1629 4690 lsstms
1638 4641 1748 4688 idoneam
1758 4636 1829 4688 tttts.

233 4733 261 4782 si
275 4731 451 4782 translatorem
463 4729 575 4796 gsttteum
587 4730 677 4788 adeas,
689 4731 730 4796 qni
743 4731 778 4780 sic
789 4731 860 4780 vertit
871 4729 935 4779 hunc
946 4730 1026 4778 locum
1058 4724 1110 4762 -⁴
1122 4725 1215 4774 Dicotts
1227 4725 1296 4775 deest
1309 4717 1328 4773 D
1340 4739 1477 4790 perperam.
1495 4749 1527 4760 -·-
1542 4723 1552 4750 ⁸
1572 4723 1694 4784 Tanquam
1709 4726 1766 4774 meis
1779 4719 1829 4771 llS.

232 4814 291 4866 sol.
310 4815 355 4864 ttt
365 4833 373 4865 s
385 4833 397 4859 ι
407 4813 443 4864 tts
451 4813 572 4864 resemble
585 4813 648 4863 celui
661 4813 709 4863 tres
721 4812 827 4864 bsnsme
837 4813 933 4865 chastrs
942 4851 949 4874 ,
959 4811 1027 4877 puis·
1059 4807 1131 4859 Amb.
1141 4833 1174 4848 »-
1184 4808 1194 4835 ⁰
1204 4807 1245 4860 sts
1256 4808 1285 4857 tt.
1293 4831 1311 4846 ·
1322 4809 1366 4858 Tot
1378 4807 1447 4858 deest
1458 4807 1520 4857 Edd.
1533 4833 1560 4844 -κ
1575 4806 1583 4833 ⁷
1597 4805 1685 4856 Psalm.
1699 4822 1758 4868 xxv,
1769 4821 1791 4854 r.
1804 4807 1829 4854 2.

233 4919 248 4944 ι
262 4907 335 4950 unt
348 4913 378 4950 sn
392 4897 414 4950 la
429 4897 520 4949 maison
538 4897 665 4956 Candace,
680 4897 704 4948 ta
717 4913 793 4964 royne
807 4897 851 4948 dos
865 4887 1026 4964 Ethiopians,
1061 4921 1088 4930 -
1101 4892 1111 4920 ¹
1123 4892 1231 4944 corase.
1247 4893 1270 4950 l,
1284 4907 1339 4958 cap.
1353 4908 1383 4954 x,
1395 4908 1418 4942 r.
1434 4893 1473 4943 ta.
1485 4917 1514 4928 -
1526 4889 1536 4917 ’
1550 4893 1601 4944 llos
1611 4889 1662 4942 tts.
1675 4889 1746 4941 hmb.

955 5099 1122 5115 m
