4536 6102
779 617 837 688 DE
863 614 1155 688 ELEEMOSYNA
1181 613 1342 686 sEtttto.
1787 613 1856 684 549

276 783 434 856 mosynae
450 759 593 854 largitas
609 757 709 854 quasi
726 756 873 854 proprio
886 755 963 850 jam
977 754 1034 826 vel
1051 721 1195 852 speciali
1210 754 1357 824 nornine
1375 752 1502 823 caritas
1519 753 1640 823 vocari
1655 753 1852 822 consuevit.

276 882 333 952 Sic
357 879 580 951 econtrario
606 875 799 949 obduratio
822 876 952 945 mentis
977 875 1014 945 in
1034 897 1209 972 pauperes
1234 874 1387 946 maxime
1411 871 1575 970 frigidam
1595 886 1752 942 mentem
1780 895 1856 943 esse

276 1001 470 1089 convincit,
489 1015 525 1070 et
543 998 589 1070 ab
611 997 710 1068 omni
725 996 880 1068 caritatis
900 997 982 1091 igne
1002 995 1199 1092 privatam,
1225 995 1317 1066 sicut
1336 994 1508 1092 scriptum
1524 994 1616 1063 est¹:
1634 1021 1651 1059 u
1671 992 1743 1078 Qui
1758 993 1855 1062 enim

277 1145 351 1191 non
369 1118 483 1214 diligit
497 1118 701 1216 proximum
717 1140 827 1212 quem
842 1114 953 1204 videt,
975 1119 1090 1186 Deum
1107 1137 1217 1211 quem
1234 1139 1307 1184 non
1320 1113 1419 1184 videt
1436 1112 1622 1209 quomodo
1639 1125 1757 1209 potest
1774 1111 1854 1182 dili-

277 1239 378 1335 gere?
392 1267 408 1305 n
423 1242 517 1308 Bene
533 1237 653 1332 itaque
665 1235 760 1306 hanc
776 1233 1056 1306 obstinationem
1068 1234 1178 1304 animi
1189 1233 1416 1329 frigidissimo
1428 1231 1649 1329 comparavit
1664 1230 1855 1321 elemento,

276 1357 367 1427 sicut
388 1354 485 1426 illam
500 1353 758 1449 benignitatem
773 1351 1001 1423 calidissimo.
1022 1351 1134 1447 Hujus
1153 1351 1274 1448 itaque
1289 1350 1517 1446 benignitatis
1535 1350 1702 1421 effectum
1722 1373 1857 1448 paupe·

277 1473 375 1544 ribus
391 1471 610 1562 exhibentes,
629 1494 651 1542 a
665 1494 777 1566 regno
794 1469 929 1541 diaboli
945 1469 1162 1558 recedimus,
1179 1484 1214 1540 et
1230 1470 1267 1540 in
1284 1493 1435 1566 regnum
1451 1469 1580 1540 Christi
1598 1467 1854 1540 transferimur.

276 1592 374 1662 Sicut
385 1591 431 1662 ab
449 1591 616 1688 aquilone
632 1589 810 1688 pandetur
827 1588 980 1677 malum,
998 1589 1048 1659 ita
1063 1587 1215 1660 Deusab
1231 1603 1352 1660 austro
1368 1588 1499 1659 veniet.
1522 1587 1607 1659 lnde
1624 1589 1721 1658 enim
1735 1590 1858 1660 venire

277 1713 427 1809 quisque
442 1711 564 1799 babet,
579 1710 641 1782 ubi
657 1708 847 1789 inhabitat,
867 1714 911 1780 Et
926 1707 1105 1797 diabolus,
1120 1709 1181 1806 qui
1198 1709 1376 1780 malorum
1393 1723 1492 1780 actor
1508 1722 1574 1800 est,
1592 1709 1629 1778 in
1647 1707 1782 1804 frigidis
1793 1706 1858 1780 ha-

276 1830 569 1920 bitatmentibus,
587 1851 739 1927 quaeper
755 1827 975 1925 aquilonem,
988 1827 1254 1924 frigidissimum
1266 1842 1427 1916 ventum,
1442 1826 1704 1922 intelligtmtur3
1716 1842 1752 1898 et
1763 1832 1857 1898 Deus

277 1949 314 2020 in
331 1950 404 2038 his,
424 1975 503 2047 quae
523 1948 679 2020 caritatis
697 1947 778 2042 igne
794 1961 877 2018 sunt
891 1969 1081 2034 succensae,
1098 1970 1186 2044 quas
1202 1946 1295 2019 bene
1311 1960 1441 2035 auster,
1459 1947 1523 2042 qui
1538 1945 1772 2018 calidissimus
1788 1963 1859 2037 est,¹

276 2067 451 2164 designat.
1870 2056 1872 2063 ¹

324 2187 379 2259 Ad
397 2186 462 2259 has
477 2187 544 2260 sibi
561 2203 698 2262 mentes
713 2188 891 2286 parandas
909 2189 1037 2286 ipsein
1057 2191 1212 2260 Canticir
1227 2213 1380 2287 sponsus
1394 2190 1499 2261 dicit’
1518 2217 1526 2259 :
1549 2195 1705 2286 «Surge,
1720 2191 1854 2287 aquilo,

277 2307 419 2396 etueni,
439 2322 570 2397 misser,
581 2323 619 2379 et
629 2308 899 2406 perflabortum
911 2333 1046 2397 meum,
1058 2324 1094 2379 et
1107 2308 1220 2382 fluant
1236 2325 1397 2381 aromata
1412 2309 1517 2380 illius.
1534 2338 1551 2376 n
1570 2316 1701 2383 Hortus
1711 2313 1859 2382 Domini

277 2441 400 2500 sancta
420 2443 473 2498 est
492 2425 666 2517 Ecclesia,
686 2452 796 2525 quam
811 2428 940 2500 excolit
959 2444 995 2500 et
1015 2429 1136 2524 irrigat
1151 2428 1324 2500 doctrinis
1340 2443 1375 2500 et
1391 2428 1699 2502 exhortationibus
1712 2432 1854 2502 sanctis.

278 2547 343 2616 llic
359 2545 486 2617 hortus
499 2545 610 2617 habet
625 2546 699 2617 duo
716 2561 891 2636 aromata,
904 2546 941 2617 id
958 2560 1011 2618 est
1023 2547 1179 2643 pretiosa
1194 2549 1308 2619 sancti
1323 2548 1473 2644 Spiritus
1489 2563 1684 2644 unguenta,
1702 2573 1858 2646 quorum

278 2665 389 2736 altero
404 2669 540 2755 Deum,
558 2666 670 2736 altero
687 2667 891 2763 proximum
912 2667 1014 2763 quasi
1034 2691 1169 2761 ungere
1186 2666 1316 2737 dicitur
1335 2694 1344 2736 :
1363 2668 1428 2737 Dei
1446 2667 1627 2757 videlicet,
1647 2693 1689 2739 ac
1704 2670 1858 2765 proximi
1887 2709 1891 2720 ·

277 2784 526 2875 dilectionem,
547 2787 632 2882 qula
648 2785 825 2884 perillam
845 2786 990 2884 proprie
1009 2790 1125 2856 mum
1141 2786 1179 2855 in
1195 2787 1311 2883 seipso
1328 2787 1457 2882 tangit,
1478 2800 1515 2856 et
1531 2785 1576 2858 ad
1593 2789 1710 2884 ipsum
1726 2803 1804 2859 toto
1820 2813 1857 2860 se

279 2903 456 2978 desiderio
472 2906 679 3004 suspendit,
702 2921 738 2977 et
753 2931 818 3003 per
837 2908 941 2976 istam
962 2905 1007 2977 ad
1030 2905 1274 3004 procurandas
1289 2906 1443 3003 proximi
1460 2907 1736 2978 necessitudines
1755 2933 1795 2979 se
1808 2911 1859 2980 in·

170 3025 172 3030 ’
278 3026 387 3098 clinat
409 3041 516 3123 atque
535 3026 702 3098 demittit.
728 3025 779 3098 sb
803 3026 881 3098 hoc
900 3024 1008 3096 horto
1033 3027 1144 3120 surgit
1167 3025 1370 3103 recedendo
1398 3025 1518 3122 aquilo
1544 3041 1580 3098 ot
1601 3027 1697 3097 veuit
1722 3043 1857 3118 auster,

279 3146 574 3242 quando'frigida
590 3147 696 3244 prius
718 3145 910 3217 bominum
929 3144 1041 3216 corda
1062 3145 1217 3217 caritatis
1234 3146 1478 3216 accenduntur
1495 3145 1651 3217 flamma.
1671 3146 1858 3220 Perllando

279 3279 397 3336 auster
421 3267 588 3354 sentitur,
612 3281 647 3337 et
664 3266 791 3338 caritas
806 3289 871 3362 per
887 3264 1151 3361 eleemosynam
1168 3264 1366 3335 exhibetur.
1386 3267 1447 3336 Est
1465 3279 1595 3355 auster,
1615 3265 1677 3337 sed
1694 3265 1858 3339 nondum

278 3385 359 3474 flat3
378 3387 505 3457 caritas
526 3399 858 3483 menteconcepta,
878 3383 1042 3457 nondum
1058 3386 1095 3455 in
1113 3408 1222 3482 opere
1240 3382 1408 3456 exhibita.
1431 3388 1529 3455 Tunc
1551 3399 1671 3456 autem
1690 3385 1775 3458 flatu
1791 3411 1857 3458 suo

280 3503 442 3574 educitur
467 3519 572 3602 atque
593 3505 760 3592 sentitur,
788 3504 876 3574 dum
901 3504 940 3574 in
962 3527 1071 3600 opere
1095 3499 1364 3582 necessitatibus
1389 3503 1635 3600 proximorum
1658 3503 1856 3577 exhibetur.

278 3627 377 3693 lunc
398 3619 571 3712 aromata,
590 3647 668 3721 quae
690 3624 788 3722 prius
809 3624 847 3693 in
868 3637 989 3694 mente
1004 3623 1106 3718 quasi
1122 3621 1308 3695 recondita
1323 3622 1494 3712 latebant,
1513 3621 1640 3710 fluunt,
1657 3649 1769 3722 quum
1785 3640 1858 3697 tam

284 3743 347 3812 Dei
367 3767 476 3838 quarn
504 3743 657 3840 proximi
689 3742 833 3814 dilectio
856 3742 986 3813 visibili
1018 3741 1146 3812 effectu
1172 3766 1323 3839 operum
1355 3742 1553 3814 exhibetur.
1586 3749 1676 3815 Tum
1700 3761 1860 3818 aromata

282 3859 427 3934 fluentia
449 3861 581 3959 pariter
609 3861 838 3958 fragrantiam
862 3885 965 3932 suam
989 3859 1161 3948 dilatant,
1189 3860 1336 3956 quando
1365 3863 1533 3958 impensae
1561 3865 1716 3936 caritatis
1741 3865 1860 3938 bonus

281 3980 374 4051 odor
394 3981 440 4052 ad
463 3982 658 4053 multorum
676 3982 823 4053 veniens
840 3980 1022 4069 notitiam,
1045 3978 1178 4050 multos
1201 3978 1353 4050 aliorum
1368 3981 1531 4079 exemplo
1548 3982 1594 4053 ad
1610 3982 1715 4055 honae
1732 4010 1858 4083 opera·

281 4100 388 4170 tionis
403 4101 640 4172 imitationem
655 4099 776 4176 trahit.

330 4225 433 4308 Ecce,
453 4221 576 4292 liatres
591 4221 651 4292 hic
667 4223 889 4318 congregati,
907 4222 1033 4292 hortus
1052 4223 1117 4292 Dei
1135 4245 1211 4292 esse
1228 4220 1414 4292 debemus.
1434 4225 1586 4292 Oremus
1604 4223 1721 4320 ipsum
1740 4224 1858 4296 domi·

281 4361 370 4409 num
380 4337 490 4429 horti,
509 4355 549 4410 ut
564 4339 610 4412 ad
626 4339 701 4436 ejus
712 4341 903 4437 imperium
915 4355 1036 4437 surgat
1047 4329 1167 4437 aquilo
1179 4395 1188 4429 ,
1202 4341 1292 4412 sicut
1303 4341 1544 4439 exposuimus,
1557 4331 1765 4413 etveniatin
1777 4368 1860 4414 eum

282 4473 399 4530 auster
419 4460 581 4557 perflans
595 4461 731 4558 ipsum,
750 4475 792 4532 ut
811 4461 925 4533 fluant
942 4443 1120 4550 aromata;
1138 4477 1178 4532 ut
1194 4476 1310 4532 vestra
1323 4461 1488 4534 videlicet
1503 4462 1630 4534 caritas
1645 4463 1861 4560 pauperibus

283 4576 455 4674 impensa,
475 4603 549 4650 non
562 4577 679 4650 solum
691 4603 756 4650 vos
768 4583 944 4652 Dominus
956 4581 1125 4670 lucretur,
1144 4580 1207 4651 sed
1224 4581 1387 4679 exemplo
1401 4594 1520 4652 vestro
1534 4581 1621 4652 alios
1638 4583 1670 4652 ei
1687 4583 1859 4678 acquirat.

282 4695 411 4784 Facite,
431 4698 531 4793 juxta
551 4699 661 4796 ipsius
682 4699 985 4802 exhortationem,
1000 4695 1046 4772 de
1060 4725 1268 4773 mammona
1283 4701 1479 4798 iniquitatis
1495 4703 1646 4790 amicos,
1674 4717 1725 4792 ut,
1748 4728 1877 4800 quum·

282 4811 496 4904 defeceritis,
515 4815 688 4913 recipiant
702 4841 780 4888 vos.
801 4823 862 4889 Est
879 4819 976 4890 enim
996 4843 1203 4891 mammona
1217 4820 1429 4916 iniquitatis,
1453 4835 1507 4892 est
1529 4836 1564 4892 et
1579 4824 1733 4918 'pecunia
1753 4827 1861 4920 aequi·

283 4933 381 5021 tatis,
401 4933 438 5004 id
457 4947 510 5006 est
521 4935 675 5032 justitiae.
696 4936 893 5032 Iniquitatis
911 4951 977 5026 est,
995 4963 1075 5036 quae
1090 4938 1211 5038 inique
1227 4939 1384 5011 Domino
1402 4939 1580 5030 fraudata,
1599 4966 1712 5037 quum
1727 4966 1860 5042 paupe·

318 5201 326 5229 ¹
345 5203 428 5268 loun„
443 5219 499 5272 cap.
515 5223 548 5269 n,
561 5223 584 5260 r.
598 5209 636 5258 20.
649 5235 679 5246 —
691 5205 700 5233 ¹
712 5207 816 5269 Cende„
831 5223 886 5274 cap.
900 5223 933 5271 n,
944 5225 968 5258 v.
982 5211 1020 5259 ts.
