<?xml version="1.0" encoding="UTF-8"?>
<!DOCTYPE html PUBLIC "-//W3C//DTD XHTML 1.0 Transitional//EN"
    "http://www.w3.org/TR/xhtml1/DTD/xhtml1-transitional.dtd">
<html xmlns="http://www.w3.org/1999/xhtml" xml:lang="en" lang="en">
 <head>
  <title>
</title>
<meta http-equiv="Content-Type" content="text/html;charset=utf-8" />
  <meta name='ocr-system' content='tesseract 3.04.00' />
  <meta name='ocr-capabilities' content='ocr_page ocr_carea ocr_par ocr_line ocrx_word'/>
</head>
<body>
  <div class='ocr_page' id='page_1' title='image "./petriablardiope01despgoog_0493.png"; bbox 0 0 4510 6108; ppageno 0'>
   <div class='ocr_carea' id='block_1_1' title="bbox 1025 625 1436 699">
    <p class='ocr_par' dir='ltr' id='par_1_1' title="bbox 1025 625 1436 699">
     <span class='ocr_line' id='line_1_1' title="bbox 1025 625 1436 699; baseline 0.005 -2"><span class='ocrx_word' id='word_1_1' title='bbox 1025 625 1180 698; x_wconf 67' lang='lat' dir='ltr'><strong>raim</strong></span> <span class='ocrx_word' id='word_1_2' title='bbox 1208 625 1436 699; x_wconf 81' lang='lat' dir='ltr'><strong>ABAELARDI</strong></span> 
     </span>
    </p>
   </div>
   <div class='ocr_carea' id='block_1_2' title="bbox 454 1073 2029 1190">
    <p class='ocr_par' dir='ltr' id='par_1_2' title="bbox 454 1073 2029 1190">
     <span class='ocr_line' id='line_1_2' title="bbox 454 1073 2029 1190; baseline 0.001 -17"><span class='ocrx_word' id='word_1_3' title='bbox 454 1085 513 1173; x_wconf 83' lang='lat' dir='ltr'><strong>iu</strong></span> <span class='ocrx_word' id='word_1_4' title='bbox 548 1085 722 1176; x_wconf 73' lang='lat' dir='ltr'><strong>sami</strong></span> <span class='ocrx_word' id='word_1_5' title='bbox 752 1086 924 1176; x_wconf 74' lang='lat' dir='ltr'><strong>ranis</strong></span> <span class='ocrx_word' id='word_1_6' title='bbox 954 1087 1095 1184; x_wconf 76' lang='lat' dir='ltr'><strong>rosr¹</strong></span> <span class='ocrx_word' id='word_1_7' title='bbox 1119 1087 1368 1178; x_wconf 78' lang='lat' dir='ltr'><strong>ocrlvls</strong></span> <span class='ocrx_word' id='word_1_8' title='bbox 1398 1087 1762 1178; x_wconf 73' lang='lat' dir='ltr'><strong>assensimus</strong></span> <span class='ocrx_word' id='word_1_9' title='bbox 1788 1073 2029 1190; x_wconf 56' lang='lat' dir='ltr'><strong>nomm&amp;</strong></span> 
     </span>
    </p>
   </div>
   <div class='ocr_carea' id='block_1_3' title="bbox 1136 1363 1357 1424">
    <p class='ocr_par' dir='ltr' id='par_1_3' title="bbox 1136 1363 1357 1424">
     <span class='ocr_line' id='line_1_3' title="bbox 1136 1363 1357 1424; baseline -0.023 -14"><span class='ocrx_word' id='word_1_10' title='bbox 1136 1363 1247 1424; x_wconf 71' lang='lat' dir='ltr'><strong>senno</strong></span> <span class='ocrx_word' id='word_1_11' title='bbox 1273 1363 1357 1410; x_wconf 85' lang='lat' dir='ltr'><strong>xvu.</strong></span> 
     </span>
    </p>
   </div>
   <div class='ocr_carea' id='block_1_4' title="bbox 500 1539 2034 1642">
    <p class='ocr_par' dir='ltr' id='par_1_4' title="bbox 500 1539 2034 1642">
     <span class='ocr_line' id='line_1_4' title="bbox 500 1539 2034 1642; baseline 0.001 -34"><span class='ocrx_word' id='word_1_12' title='bbox 500 1543 583 1611; x_wconf 88' lang='lat' dir='ltr'><strong>Tres</strong></span> <span class='ocrx_word' id='word_1_13' title='bbox 606 1539 849 1642; x_wconf 80' lang='lat' dir='ltr'><strong>solemnitates</strong></span> <span class='ocrx_word' id='word_1_14' title='bbox 872 1541 909 1611; x_wconf 91' lang='lat' dir='ltr'><strong>in</strong></span> <span class='ocrx_word' id='word_1_15' title='bbox 935 1539 1011 1638; x_wconf 87' lang='lat' dir='ltr'><strong>lege</strong></span> <span class='ocrx_word' id='word_1_16' title='bbox 1039 1555 1178 1613; x_wconf 90' lang='lat' dir='ltr'><strong>sanctas</strong></span> <span class='ocrx_word' id='word_1_17' title='bbox 1199 1540 1385 1628; x_wconf 87' lang='lat' dir='ltr'><strong>novimus,</strong></span> <span class='ocrx_word' id='word_1_18' title='bbox 1410 1539 1553 1611; x_wconf 88' lang='lat' dir='ltr'><strong>Paschae</strong></span> <span class='ocrx_word' id='word_1_19' title='bbox 1578 1539 1634 1610; x_wconf 91' lang='lat' dir='ltr'><strong>vel</strong></span> <span class='ocrx_word' id='word_1_20' title='bbox 1661 1543 1904 1628; x_wconf 86' lang='lat' dir='ltr'><strong>Pentecostes,</strong></span> <span class='ocrx_word' id='word_1_21' title='bbox 1931 1553 2034 1636; x_wconf 88' lang='lat' dir='ltr'><strong>atque</strong></span> 
     </span>
    </p>
   </div>
   <div class='ocr_carea' id='block_1_5' title="bbox 451 1657 2059 1758">
    <p class='ocr_par' dir='ltr' id='par_1_5' title="bbox 451 1657 2059 1758">
     <span class='ocr_line' id='line_1_5' title="bbox 451 1657 2059 1758; baseline 0.001 -31"><span class='ocrx_word' id='word_1_22' title='bbox 451 1657 797 1749; x_wconf 80' lang='lat' dir='ltr'><strong>&#39;sabernaculorum,</strong></span> <span class='ocrx_word' id='word_1_23' title='bbox 821 1659 1014 1758; x_wconf 89' lang='lat' dir='ltr'><strong>dequibus</strong></span> <span class='ocrx_word' id='word_1_24' title='bbox 1035 1662 1071 1731; x_wconf 94' lang='lat' dir='ltr'><strong>in</strong></span> <span class='ocrx_word' id='word_1_25' title='bbox 1088 1658 1212 1730; x_wconf 77' lang='lat' dir='ltr'><strong>Exodo</strong></span> <span class='ocrx_word' id='word_1_26' title='bbox 1229 1660 1402 1758; x_wconf 89' lang='lat' dir='ltr'><strong>scriptum</strong></span> <span class='ocrx_word' id='word_1_27' title='bbox 1423 1663 1518 1731; x_wconf 82' lang='lat' dir='ltr'><strong>est&#39;:</strong></span> <span class='ocrx_word' id='word_1_28' title='bbox 1543 1657 1700 1729; x_wconf 78' lang='lat' dir='ltr'><strong>«Tribus</strong></span> <span class='ocrx_word' id='word_1_29' title='bbox 1724 1657 1861 1729; x_wconf 86' lang='lat' dir='ltr'><strong>vicibus</strong></span> <span class='ocrx_word' id='word_1_30' title='bbox 1881 1683 1946 1756; x_wconf 91' lang='lat' dir='ltr'><strong>per</strong></span> <span class='ocrx_word' id='word_1_31' title='bbox 1964 1661 2034 1728; x_wconf 92' lang='lat' dir='ltr'><strong>sin·</strong></span> <span class='ocrx_word' id='word_1_32' title='bbox 2054 1735 2059 1744; x_wconf 57' lang='grc'>,</span> 
     </span>
    </p>
   </div>
   <div class='ocr_carea' id='block_1_6' title="bbox 451 1777 2035 2238">
    <p class='ocr_par' dir='ltr' id='par_1_6' title="bbox 451 1777 2035 2238">
     <span class='ocr_line' id='line_1_6' title="bbox 452 1777 2035 1876; baseline -0.001 -25"><span class='ocrx_word' id='word_1_33' title='bbox 452 1779 553 1876; x_wconf 87' lang='lat' dir='ltr'><strong>gulos</strong></span> <span class='ocrx_word' id='word_1_34' title='bbox 574 1803 690 1858; x_wconf 89' lang='lat' dir='ltr'><strong>annos</strong></span> <span class='ocrx_word' id='word_1_35' title='bbox 711 1781 800 1851; x_wconf 83' lang='lat' dir='ltr'><strong>milri</strong></span> <span class='ocrx_word' id='word_1_36' title='bbox 817 1781 906 1852; x_wconf 87' lang='lat' dir='ltr'><strong>festa</strong></span> <span class='ocrx_word' id='word_1_37' title='bbox 928 1781 1175 1853; x_wconf 90' lang='lat' dir='ltr'><strong>celebrabitis:</strong></span> <span class='ocrx_word' id='word_1_38' title='bbox 1195 1780 1458 1851; x_wconf 81' lang='lat' dir='ltr'><strong>solemnitatem</strong></span> <span class='ocrx_word' id='word_1_39' title='bbox 1480 1803 1705 1876; x_wconf 84' lang='lat' dir='ltr'><strong>azymorum,</strong></span> <span class='ocrx_word' id='word_1_40' title='bbox 1723 1793 1887 1876; x_wconf 82' lang='lat' dir='ltr'><strong>ternpore</strong></span> <span class='ocrx_word' id='word_1_41' title='bbox 1908 1777 2035 1850; x_wconf 87' lang='lat' dir='ltr'><strong>mensis</strong></span> 
     </span>
     <span class='ocr_line' id='line_1_7' title="bbox 452 1897 2035 1998; baseline -0.003 -29"><span class='ocrx_word' id='word_1_42' title='bbox 452 1923 650 1988; x_wconf 88' lang='lat' dir='ltr'><strong>novorum,</strong></span> <span class='ocrx_word' id='word_1_43' title='bbox 676 1899 938 1972; x_wconf 78' lang='lat' dir='ltr'><strong>solemnitatem</strong></span> <span class='ocrx_word' id='word_1_44' title='bbox 965 1927 1111 1998; x_wconf 87' lang='lat' dir='ltr'><strong>quoque</strong></span> <span class='ocrx_word' id='word_1_45' title='bbox 1134 1901 1171 1970; x_wconf 93' lang='lat' dir='ltr'><strong>in</strong></span> <span class='ocrx_word' id='word_1_46' title='bbox 1193 1901 1287 1970; x_wconf 86' lang='lat' dir='ltr'><strong>exitu</strong></span> <span class='ocrx_word' id='word_1_47' title='bbox 1313 1899 1418 1987; x_wconf 90' lang='lat' dir='ltr'><strong>anni,</strong></span> <span class='ocrx_word' id='word_1_48' title='bbox 1446 1898 1593 1995; x_wconf 91' lang='lat' dir='ltr'><strong>quando</strong></span> <span class='ocrx_word' id='word_1_49' title='bbox 1617 1897 1887 1993; x_wconf 83' lang='lat' dir='ltr'><strong>congregaveris</strong></span> <span class='ocrx_word' id='word_1_50' title='bbox 1913 1919 2035 1998; x_wconf 72' lang='lat' dir='ltr'><strong>omnes</strong></span> 
     </span>
     <span class='ocr_line' id='line_1_8' title="bbox 452 2007 2035 2118; baseline -0.003 -28"><span class='ocrx_word' id='word_1_51' title='bbox 452 2019 570 2116; x_wconf 81' lang='lat' dir='ltr'><strong>fruges</strong></span> <span class='ocrx_word' id='word_1_52' title='bbox 594 2035 673 2092; x_wconf 88' lang='lat' dir='ltr'><strong>tuas</strong></span> <span class='ocrx_word' id='word_1_53' title='bbox 700 2021 745 2091; x_wconf 92' lang='lat' dir='ltr'><strong>de</strong></span> <span class='ocrx_word' id='word_1_54' title='bbox 771 2045 870 2117; x_wconf 90' lang='lat' dir='ltr'><strong>agro.</strong></span> <span class='ocrx_word' id='word_1_55' title='bbox 897 2025 963 2091; x_wconf 90' lang='lat' dir='ltr'><strong>Ter</strong></span> <span class='ocrx_word' id='word_1_56' title='bbox 990 2022 1027 2092; x_wconf 92' lang='lat' dir='ltr'><strong>in</strong></span> <span class='ocrx_word' id='word_1_57' title='bbox 1056 2045 1153 2092; x_wconf 92' lang='lat' dir='ltr'><strong>anno</strong></span> <span class='ocrx_word' id='word_1_58' title='bbox 1178 2007 1367 2118; x_wconf 83' lang='lat' dir='ltr'><strong>apparebit</strong></span> <span class='ocrx_word' id='word_1_59' title='bbox 1392 2043 1500 2090; x_wconf 91' lang='lat' dir='ltr'><strong>omne</strong></span> <span class='ocrx_word' id='word_1_60' title='bbox 1525 2017 1763 2090; x_wconf 89' lang='lat' dir='ltr'><strong>masculinum</strong></span> <span class='ocrx_word' id='word_1_61' title='bbox 1788 2031 1892 2087; x_wconf 91' lang='lat' dir='ltr'><strong>tuum</strong></span> <span class='ocrx_word' id='word_1_62' title='bbox 1916 2039 2035 2086; x_wconf 89' lang='lat' dir='ltr'><strong>coram</strong></span> 
     </span>
     <span class='ocr_line' id='line_1_9' title="bbox 451 2137 2035 2238; baseline -0.006 -25"><span class='ocrx_word' id='word_1_63' title='bbox 451 2141 610 2213; x_wconf 89' lang='lat' dir='ltr'><strong>Domino</strong></span> <span class='ocrx_word' id='word_1_64' title='bbox 627 2142 752 2212; x_wconf 83' lang='lat' dir='ltr'><strong>Deo.»</strong></span> <span class='ocrx_word' id='word_1_65' title='bbox 771 2142 863 2212; x_wconf 89' lang='lat' dir='ltr'><strong>Hinc</strong></span> <span class='ocrx_word' id='word_1_66' title='bbox 880 2156 916 2212; x_wconf 90' lang='lat' dir='ltr'><strong>et</strong></span> <span class='ocrx_word' id='word_1_67' title='bbox 934 2142 971 2213; x_wconf 92' lang='lat' dir='ltr'><strong>in</strong></span> <span class='ocrx_word' id='word_1_68' title='bbox 988 2143 1260 2211; x_wconf 80' lang='lat' dir='ltr'><strong>Deuteronomio</strong></span> <span class='ocrx_word' id='word_1_69' title='bbox 1274 2141 1447 2238; x_wconf 90' lang='lat' dir='ltr'><strong>scriptum</strong></span> <span class='ocrx_word' id='word_1_70' title='bbox 1463 2138 1647 2234; x_wconf 79' lang='lat' dir='ltr'><strong>legimus⁸z</strong></span> <span class='ocrx_word' id='word_1_71' title='bbox 1663 2167 1680 2204; x_wconf 81' lang='lat' dir='ltr'><strong>u</strong></span> <span class='ocrx_word' id='word_1_72' title='bbox 1695 2137 1854 2232; x_wconf 82' lang='lat' dir='ltr'><strong>Observa</strong></span> <span class='ocrx_word' id='word_1_73' title='bbox 1878 2159 2035 2206; x_wconf 89' lang='lat' dir='ltr'><strong>mensem</strong></span> 
     </span>
    </p>
   </div>
   <div class='ocr_carea' id='block_1_7' title="bbox 341 2253 2036 2359">
    <p class='ocr_par' dir='ltr' id='par_1_7' title="bbox 341 2253 2036 2359">
     <span class='ocr_line' id='line_1_10' title="bbox 341 2253 2036 2359; baseline -0.004 -28"><span class='ocrx_word' id='word_1_74' title='bbox 341 2269 344 2276; x_wconf 82' lang='grc'><strong>“</strong></span> <span class='ocrx_word' id='word_1_75' title='bbox 451 2284 629 2331; x_wconf 86' lang='lat' dir='ltr'><strong>novarum</strong></span> <span class='ocrx_word' id='word_1_76' title='bbox 646 2259 806 2356; x_wconf 82' lang='lat' dir='ltr'><strong>frugum,</strong></span> <span class='ocrx_word' id='word_1_77' title='bbox 825 2274 861 2330; x_wconf 91' lang='lat' dir='ltr'><strong>et</strong></span> <span class='ocrx_word' id='word_1_78' title='bbox 876 2261 976 2330; x_wconf 89' lang='lat' dir='ltr'><strong>verni</strong></span> <span class='ocrx_word' id='word_1_79' title='bbox 992 2261 1151 2359; x_wconf 91' lang='lat' dir='ltr'><strong>primum</strong></span> <span class='ocrx_word' id='word_1_80' title='bbox 1172 2259 1363 2357; x_wconf 91' lang='lat' dir='ltr'><strong>temporis,</strong></span> <span class='ocrx_word' id='word_1_81' title='bbox 1388 2273 1427 2328; x_wconf 90' lang='lat' dir='ltr'><strong>ut</strong></span> <span class='ocrx_word' id='word_1_82' title='bbox 1449 2257 1555 2329; x_wconf 81' lang='lat' dir='ltr'><strong>iacias</strong></span> <span class='ocrx_word' id='word_1_83' title='bbox 1571 2255 1682 2355; x_wconf 84' lang='lat' dir='ltr'><strong>phase</strong></span> <span class='ocrx_word' id='word_1_84' title='bbox 1698 2257 1874 2345; x_wconf 87' lang='lat' dir='ltr'><strong>Domino,</strong></span> <span class='ocrx_word' id='word_1_85' title='bbox 1893 2269 1928 2325; x_wconf 89' lang='lat' dir='ltr'><strong>et</strong></span> <span class='ocrx_word' id='word_1_86' title='bbox 1945 2253 2036 2325; x_wconf 88' lang='lat' dir='ltr'><strong>cele-</strong></span> 
     </span>
    </p>
   </div>
   <div class='ocr_carea' id='block_1_8' title="bbox 449 2375 2039 5000">
    <p class='ocr_par' dir='ltr' id='par_1_8' title="bbox 449 2375 2039 5000">
     <span class='ocr_line' id='line_1_11' title="bbox 451 2375 2037 2476; baseline -0.003 -25"><span class='ocrx_word' id='word_1_87' title='bbox 451 2380 573 2453; x_wconf 89' lang='lat' dir='ltr'><strong>brabis</strong></span> <span class='ocrx_word' id='word_1_88' title='bbox 599 2380 696 2452; x_wconf 87' lang='lat' dir='ltr'><strong>diem</strong></span> <span class='ocrx_word' id='word_1_89' title='bbox 721 2379 850 2450; x_wconf 80' lang='lat' dir='ltr'><strong>festum</strong></span> <span class='ocrx_word' id='word_1_90' title='bbox 873 2379 1185 2451; x_wconf 90' lang='lat' dir='ltr'><strong>hebdomadarum</strong></span> <span class='ocrx_word' id='word_1_91' title='bbox 1210 2381 1368 2451; x_wconf 88' lang='lat' dir='ltr'><strong>Domino</strong></span> <span class='ocrx_word' id='word_1_92' title='bbox 1389 2407 1397 2449; x_wconf 76' lang='lat' dir='ltr'>t</span> <span class='ocrx_word' id='word_1_93' title='bbox 1416 2379 1681 2450; x_wconf 86' lang='lat' dir='ltr'><strong>solemnitatem</strong></span> <span class='ocrx_word' id='word_1_94' title='bbox 1697 2403 1842 2476; x_wconf 90' lang='lat' dir='ltr'><strong>quoque</strong></span> <span class='ocrx_word' id='word_1_95' title='bbox 1862 2375 2037 2448; x_wconf 87' lang='lat' dir='ltr'><strong>Taberna-</strong></span> 
     </span>
     <span class='ocr_line' id='line_1_12' title="bbox 451 2497 2038 2599; baseline -0.001 -29"><span class='ocrx_word' id='word_1_96' title='bbox 451 2501 616 2572; x_wconf 89' lang='lat' dir='ltr'><strong>culorum</strong></span> <span class='ocrx_word' id='word_1_97' title='bbox 642 2499 837 2572; x_wconf 88' lang='lat' dir='ltr'><strong>celebrabis</strong></span> <span class='ocrx_word' id='word_1_98' title='bbox 864 2525 929 2599; x_wconf 90' lang='lat' dir='ltr'><strong>per</strong></span> <span class='ocrx_word' id='word_1_99' title='bbox 945 2515 1090 2599; x_wconf 75' lang='lat' dir='ltr'><strong>septem</strong></span> <span class='ocrx_word' id='word_1_100' title='bbox 1115 2501 1209 2590; x_wconf 90' lang='lat' dir='ltr'><strong>dies,</strong></span> <span class='ocrx_word' id='word_1_101' title='bbox 1242 2501 1389 2598; x_wconf 92' lang='lat' dir='ltr'><strong>quando</strong></span> <span class='ocrx_word' id='word_1_102' title='bbox 1415 2500 1597 2598; x_wconf 83' lang='lat' dir='ltr'><strong>collegeris</strong></span> <span class='ocrx_word' id='word_1_103' title='bbox 1623 2499 1668 2570; x_wconf 90' lang='lat' dir='ltr'><strong>de</strong></span> <span class='ocrx_word' id='word_1_104' title='bbox 1698 2524 1780 2572; x_wconf 87' lang='lat' dir='ltr'><strong>area</strong></span> <span class='ocrx_word' id='word_1_105' title='bbox 1806 2513 1842 2570; x_wconf 88' lang='lat' dir='ltr'><strong>et</strong></span> <span class='ocrx_word' id='word_1_106' title='bbox 1870 2497 2038 2569; x_wconf 86' lang='lat' dir='ltr'><strong>torculari</strong></span> 
     </span>
     <span class='ocr_line' id='line_1_13' title="bbox 452 2617 2037 2716; baseline -0.004 -25"><span class='ocrx_word' id='word_1_107' title='bbox 452 2619 569 2715; x_wconf 85' lang='lat' dir='ltr'><strong>fruges</strong></span> <span class='ocrx_word' id='word_1_108' title='bbox 585 2634 677 2691; x_wconf 87' lang='lat' dir='ltr'><strong>tuas.</strong></span> <span class='ocrx_word' id='word_1_109' title='bbox 701 2648 718 2686; x_wconf 84' lang='lat' dir='ltr'><strong>n</strong></span> <span class='ocrx_word' id='word_1_110' title='bbox 737 2623 808 2690; x_wconf 88' lang='lat' dir='ltr'><strong>Has</strong></span> <span class='ocrx_word' id='word_1_111' title='bbox 823 2634 895 2690; x_wconf 89' lang='lat' dir='ltr'><strong>tres</strong></span> <span class='ocrx_word' id='word_1_112' title='bbox 911 2619 1154 2691; x_wconf 90' lang='lat' dir='ltr'><strong>solemnitates</strong></span> <span class='ocrx_word' id='word_1_113' title='bbox 1174 2619 1254 2691; x_wconf 92' lang='lat' dir='ltr'><strong>illos</strong></span> <span class='ocrx_word' id='word_1_114' title='bbox 1270 2620 1345 2692; x_wconf 89' lang='lat' dir='ltr'><strong>dies</strong></span> <span class='ocrx_word' id='word_1_115' title='bbox 1368 2618 1618 2716; x_wconf 84' lang='lat' dir='ltr'><strong>intelligimus,</strong></span> <span class='ocrx_word' id='word_1_116' title='bbox 1647 2618 1692 2690; x_wconf 92' lang='lat' dir='ltr'><strong>de</strong></span> <span class='ocrx_word' id='word_1_117' title='bbox 1713 2617 1844 2716; x_wconf 89' lang='lat' dir='ltr'><strong>quibus</strong></span> <span class='ocrx_word' id='word_1_118' title='bbox 1864 2618 1902 2687; x_wconf 92' lang='lat' dir='ltr'><strong>in</strong></span> <span class='ocrx_word' id='word_1_119' title='bbox 1917 2619 2037 2714; x_wconf 84' lang='lat' dir='ltr'><strong>prinw</strong></span> 
     </span>
     <span class='ocr_line' id='line_1_14' title="bbox 451 2738 2036 2838; baseline -0.001 -28"><span class='ocrx_word' id='word_1_120' title='bbox 451 2743 584 2838; x_wconf 81' lang='lat' dir='ltr'><strong>Regum</strong></span> <span class='ocrx_word' id='word_1_121' title='bbox 600 2739 646 2810; x_wconf 91' lang='lat' dir='ltr'><strong>de</strong></span> <span class='ocrx_word' id='word_1_122' title='bbox 671 2738 853 2812; x_wconf 89' lang='lat' dir='ltr'><strong>Helchana</strong></span> <span class='ocrx_word' id='word_1_123' title='bbox 879 2739 1056 2811; x_wconf 57' lang='lat' dir='ltr'><strong>diciturl:</strong></span> <span class='ocrx_word' id='word_1_124' title='bbox 1079 2767 1095 2807; x_wconf 82' lang='lat' dir='ltr'><strong>a</strong></span> <span class='ocrx_word' id='word_1_125' title='bbox 1110 2745 1155 2811; x_wconf 86' lang='lat' dir='ltr'><strong>Et</strong></span> <span class='ocrx_word' id='word_1_126' title='bbox 1179 2739 1395 2811; x_wconf 88' lang='lat' dir='ltr'><strong>ascendebat</strong></span> <span class='ocrx_word' id='word_1_127' title='bbox 1418 2741 1474 2810; x_wconf 90' lang='lat' dir='ltr'><strong>vir</strong></span> <span class='ocrx_word' id='word_1_128' title='bbox 1498 2739 1556 2812; x_wconf 90' lang='lat' dir='ltr'><strong>ille</strong></span> <span class='ocrx_word' id='word_1_129' title='bbox 1577 2739 1623 2811; x_wconf 90' lang='lat' dir='ltr'><strong>de</strong></span> <span class='ocrx_word' id='word_1_130' title='bbox 1639 2739 1782 2811; x_wconf 86' lang='lat' dir='ltr'><strong>civitate</strong></span> <span class='ocrx_word' id='word_1_131' title='bbox 1797 2763 1881 2826; x_wconf 90' lang='lat' dir='ltr'><strong>sua,</strong></span> <span class='ocrx_word' id='word_1_132' title='bbox 1900 2739 2036 2810; x_wconf 89' lang='lat' dir='ltr'><strong>statutis</strong></span> 
     </span>
     <span class='ocr_line' id='line_1_15' title="bbox 450 2857 2035 2952; baseline -0.004 -19"><span class='ocrx_word' id='word_1_133' title='bbox 450 2859 596 2952; x_wconf 92' lang='lat' dir='ltr'><strong>diebus,</strong></span> <span class='ocrx_word' id='word_1_134' title='bbox 620 2875 660 2932; x_wconf 91' lang='lat' dir='ltr'><strong>ut</strong></span> <span class='ocrx_word' id='word_1_135' title='bbox 681 2860 848 2932; x_wconf 83' lang='lat' dir='ltr'><strong>adoraret</strong></span> <span class='ocrx_word' id='word_1_136' title='bbox 871 2875 907 2931; x_wconf 86' lang='lat' dir='ltr'><strong>et</strong></span> <span class='ocrx_word' id='word_1_137' title='bbox 931 2859 1146 2933; x_wconf 85' lang='lat' dir='ltr'><strong>sacrificaret</strong></span> <span class='ocrx_word' id='word_1_138' title='bbox 1166 2863 1324 2933; x_wconf 91' lang='lat' dir='ltr'><strong>Domino</strong></span> <span class='ocrx_word' id='word_1_139' title='bbox 1341 2861 1378 2932; x_wconf 92' lang='lat' dir='ltr'><strong>in</strong></span> <span class='ocrx_word' id='word_1_140' title='bbox 1395 2861 1516 2933; x_wconf 82' lang='lat' dir='ltr'><strong>Silo.»</strong></span> <span class='ocrx_word' id='word_1_141' title='bbox 1536 2867 1586 2932; x_wconf 82' lang='lat' dir='ltr'><strong>Ex</strong></span> <span class='ocrx_word' id='word_1_142' title='bbox 1601 2860 1658 2931; x_wconf 90' lang='lat' dir='ltr'><strong>his</strong></span> <span class='ocrx_word' id='word_1_143' title='bbox 1679 2875 1799 2932; x_wconf 91' lang='lat' dir='ltr'><strong>autem</strong></span> <span class='ocrx_word' id='word_1_144' title='bbox 1816 2858 1931 2931; x_wconf 91' lang='lat' dir='ltr'><strong>tribus</strong></span> <span class='ocrx_word' id='word_1_145' title='bbox 1952 2857 2035 2929; x_wconf 78' lang='lat' dir='ltr'><strong>sole</strong></span> 
     </span>
     <span class='ocr_line' id='line_1_16' title="bbox 450 2977 2035 3078; baseline -0.002 -27"><span class='ocrx_word' id='word_1_146' title='bbox 450 2978 661 3053; x_wconf 89' lang='lat' dir='ltr'><strong>mnitatibus</strong></span> <span class='ocrx_word' id='word_1_147' title='bbox 677 2980 745 3051; x_wconf 88' lang='lat' dir='ltr'><strong>sub</strong></span> <span class='ocrx_word' id='word_1_148' title='bbox 761 2979 970 3052; x_wconf 91' lang='lat' dir='ltr'><strong>nominibus</strong></span> <span class='ocrx_word' id='word_1_149' title='bbox 986 2980 1162 3078; x_wconf 84' lang='lat' dir='ltr'><strong>pristinis,</strong></span> <span class='ocrx_word' id='word_1_150' title='bbox 1175 2981 1339 3077; x_wconf 84' lang='lat' dir='ltr'><strong>quamvis</strong></span> <span class='ocrx_word' id='word_1_151' title='bbox 1355 2981 1392 3050; x_wconf 92' lang='lat' dir='ltr'><strong>in</strong></span> <span class='ocrx_word' id='word_1_152' title='bbox 1411 2979 1551 3051; x_wconf 88' lang='lat' dir='ltr'><strong>diversa</strong></span> <span class='ocrx_word' id='word_1_153' title='bbox 1567 2977 1839 3076; x_wconf 85' lang='lat' dir='ltr'><strong>significatione,</strong></span> <span class='ocrx_word' id='word_1_154' title='bbox 1859 2977 1957 3075; x_wconf 90' lang='lat' dir='ltr'><strong>apud</strong></span> <span class='ocrx_word' id='word_1_155' title='bbox 1972 3001 2035 3048; x_wconf 88' lang='lat' dir='ltr'><strong>nos</strong></span> 
     </span>
     <span class='ocr_line' id='line_1_17' title="bbox 449 3094 2036 3198; baseline -0.003 -28"><span class='ocrx_word' id='word_1_156' title='bbox 449 3124 596 3197; x_wconf 91' lang='lat' dir='ltr'><strong>quoque</strong></span> <span class='ocrx_word' id='word_1_157' title='bbox 617 3099 697 3171; x_wconf 83' lang='lat' dir='ltr'><strong>duae</strong></span> <span class='ocrx_word' id='word_1_158' title='bbox 719 3114 944 3198; x_wconf 88' lang='lat' dir='ltr'><strong>permanent.</strong></span> <span class='ocrx_word' id='word_1_159' title='bbox 973 3099 1084 3170; x_wconf 85' lang='lat' dir='ltr'><strong>Judaei</strong></span> <span class='ocrx_word' id='word_1_160' title='bbox 1109 3100 1243 3198; x_wconf 90' lang='lat' dir='ltr'><strong>quippe</strong></span> <span class='ocrx_word' id='word_1_161' title='bbox 1267 3098 1401 3171; x_wconf 90' lang='lat' dir='ltr'><strong>Pascha</strong></span> <span class='ocrx_word' id='word_1_162' title='bbox 1425 3100 1463 3169; x_wconf 90' lang='lat' dir='ltr'><strong>in</strong></span> <span class='ocrx_word' id='word_1_163' title='bbox 1487 3098 1733 3170; x_wconf 90' lang='lat' dir='ltr'><strong>immolatione</strong></span> <span class='ocrx_word' id='word_1_164' title='bbox 1759 3097 1841 3192; x_wconf 90' lang='lat' dir='ltr'><strong>agni</strong></span> <span class='ocrx_word' id='word_1_165' title='bbox 1864 3094 2036 3190; x_wconf 82' lang='lat' dir='ltr'><strong>figurativi</strong></span> 
     </span>
     <span class='ocr_line' id='line_1_18' title="bbox 450 3213 2033 3316; baseline -0.004 -26"><span class='ocrx_word' id='word_1_166' title='bbox 450 3216 622 3316; x_wconf 87' lang='lat' dir='ltr'><strong>agebant,</strong></span> <span class='ocrx_word' id='word_1_167' title='bbox 638 3243 708 3310; x_wconf 38' lang='lat' dir='ltr'><strong>,nos</strong></span> <span class='ocrx_word' id='word_1_168' title='bbox 724 3220 761 3288; x_wconf 92' lang='lat' dir='ltr'><strong>in</strong></span> <span class='ocrx_word' id='word_1_169' title='bbox 779 3219 1038 3290; x_wconf 88' lang='lat' dir='ltr'><strong>resurrectione</strong></span> <span class='ocrx_word' id='word_1_170' title='bbox 1053 3220 1129 3290; x_wconf 81' lang='lat' dir='ltr'><strong>veri</strong></span> <span class='ocrx_word' id='word_1_171' title='bbox 1145 3220 1228 3315; x_wconf 90' lang='lat' dir='ltr'><strong>agni</strong></span> <span class='ocrx_word' id='word_1_172' title='bbox 1245 3218 1382 3291; x_wconf 89' lang='lat' dir='ltr'><strong>Pascha</strong></span> <span class='ocrx_word' id='word_1_173' title='bbox 1397 3216 1631 3289; x_wconf 86' lang='lat' dir='ltr'><strong>celebramus.</strong></span> <span class='ocrx_word' id='word_1_174' title='bbox 1652 3216 1705 3288; x_wconf 94' lang='lat' dir='ltr'><strong>llli</strong></span> <span class='ocrx_word' id='word_1_175' title='bbox 1727 3241 1748 3288; x_wconf 97' lang='lat' dir='ltr'><strong>a</strong></span> <span class='ocrx_word' id='word_1_176' title='bbox 1763 3217 1822 3286; x_wconf 92' lang='lat' dir='ltr'><strong>die</strong></span> <span class='ocrx_word' id='word_1_177' title='bbox 1843 3214 1985 3286; x_wconf 87' lang='lat' dir='ltr'><strong>Paschae</strong></span> <span class='ocrx_word' id='word_1_178' title='bbox 2000 3213 2033 3284; x_wconf 90' lang='lat' dir='ltr'><strong>in</strong></span> 
     </span>
     <span class='ocr_line' id='line_1_19' title="bbox 450 3335 2034 3436; baseline -0.001 -29"><span class='ocrx_word' id='word_1_179' title='bbox 450 3341 604 3436; x_wconf 86' lang='lat' dir='ltr'><strong>AEgypto</strong></span> <span class='ocrx_word' id='word_1_180' title='bbox 621 3335 806 3426; x_wconf 88' lang='lat' dir='ltr'><strong>celebrati,</strong></span> <span class='ocrx_word' id='word_1_181' title='bbox 825 3338 944 3436; x_wconf 91' lang='lat' dir='ltr'><strong>primo</strong></span> <span class='ocrx_word' id='word_1_182' title='bbox 960 3338 1019 3409; x_wconf 89' lang='lat' dir='ltr'><strong>dic</strong></span> <span class='ocrx_word' id='word_1_183' title='bbox 1034 3337 1111 3436; x_wconf 90' lang='lat' dir='ltr'><strong>lege</strong></span> <span class='ocrx_word' id='word_1_184' title='bbox 1132 3353 1313 3436; x_wconf 89' lang='lat' dir='ltr'><strong>suscepta,</strong></span> <span class='ocrx_word' id='word_1_185' title='bbox 1341 3339 1603 3410; x_wconf 90' lang='lat' dir='ltr'><strong>solemnitatem</strong></span> <span class='ocrx_word' id='word_1_186' title='bbox 1625 3341 1852 3410; x_wconf 87' lang='lat' dir='ltr'><strong>Pentecostes</strong></span> <span class='ocrx_word' id='word_1_187' title='bbox 1872 3337 1909 3407; x_wconf 91' lang='lat' dir='ltr'><strong>in</strong></span> <span class='ocrx_word' id='word_1_188' title='bbox 1930 3359 2034 3407; x_wconf 88' lang='lat' dir='ltr'><strong>vene-</strong></span> 
     </span>
     <span class='ocr_line' id='line_1_20' title="bbox 452 3456 2032 3556; baseline -0.001 -28"><span class='ocrx_word' id='word_1_189' title='bbox 452 3458 590 3530; x_wconf 87' lang='lat' dir='ltr'><strong>ratione</strong></span> <span class='ocrx_word' id='word_1_190' title='bbox 606 3456 693 3553; x_wconf 86' lang='lat' dir='ltr'><strong>legis</strong></span> <span class='ocrx_word' id='word_1_191' title='bbox 708 3473 880 3556; x_wconf 73' lang='lat' dir='ltr'><strong>susceptae</strong></span> <span class='ocrx_word' id='word_1_192' title='bbox 896 3458 1091 3530; x_wconf 90' lang='lat' dir='ltr'><strong>secundam</strong></span> <span class='ocrx_word' id='word_1_193' title='bbox 1107 3456 1325 3530; x_wconf 85' lang='lat' dir='ltr'><strong>habuerunt.</strong></span> <span class='ocrx_word' id='word_1_194' title='bbox 1347 3463 1418 3530; x_wconf 90' lang='lat' dir='ltr'><strong>Nos</strong></span> <span class='ocrx_word' id='word_1_195' title='bbox 1428 3483 1514 3530; x_wconf 89' lang='lat' dir='ltr'><strong>vero</strong></span> <span class='ocrx_word' id='word_1_196' title='bbox 1524 3459 1562 3528; x_wconf 92' lang='lat' dir='ltr'><strong>in</strong></span> <span class='ocrx_word' id='word_1_197' title='bbox 1571 3458 1728 3529; x_wconf 90' lang='lat' dir='ltr'><strong>adventu</strong></span> <span class='ocrx_word' id='word_1_198' title='bbox 1745 3457 1895 3556; x_wconf 87' lang='lat' dir='ltr'><strong>Spiritus</strong></span> <span class='ocrx_word' id='word_1_199' title='bbox 1911 3457 2032 3543; x_wconf 87' lang='lat' dir='ltr'><strong>sancti,</strong></span> 
     </span>
     <span class='ocr_line' id='line_1_21' title="bbox 451 3573 2034 3676; baseline -0.002 -29"><span class='ocrx_word' id='word_1_200' title='bbox 451 3601 525 3673; x_wconf 90' lang='lat' dir='ltr'><strong>quo</strong></span> <span class='ocrx_word' id='word_1_201' title='bbox 548 3591 723 3673; x_wconf 90' lang='lat' dir='ltr'><strong>tanquam</strong></span> <span class='ocrx_word' id='word_1_202' title='bbox 744 3577 855 3674; x_wconf 91' lang='lat' dir='ltr'><strong>digito</strong></span> <span class='ocrx_word' id='word_1_203' title='bbox 877 3577 942 3648; x_wconf 90' lang='lat' dir='ltr'><strong>Dei</strong></span> <span class='ocrx_word' id='word_1_204' title='bbox 963 3576 1018 3649; x_wconf 83' lang='lat' dir='ltr'><strong>lex</strong></span> <span class='ocrx_word' id='word_1_205' title='bbox 1042 3579 1174 3676; x_wconf 91' lang='lat' dir='ltr'><strong>scripta</strong></span> <span class='ocrx_word' id='word_1_206' title='bbox 1194 3591 1259 3667; x_wconf 90' lang='lat' dir='ltr'><strong>est,</strong></span> <span class='ocrx_word' id='word_1_207' title='bbox 1279 3594 1314 3649; x_wconf 90' lang='lat' dir='ltr'><strong>et</strong></span> <span class='ocrx_word' id='word_1_208' title='bbox 1333 3593 1409 3650; x_wconf 84' lang='lat' dir='ltr'><strong>tam</strong></span> <span class='ocrx_word' id='word_1_209' title='bbox 1430 3577 1517 3674; x_wconf 91' lang='lat' dir='ltr'><strong>legis</strong></span> <span class='ocrx_word' id='word_1_210' title='bbox 1538 3576 1770 3673; x_wconf 90' lang='lat' dir='ltr'><strong>intelligentia</strong></span> <span class='ocrx_word' id='word_1_211' title='bbox 1786 3599 1896 3673; x_wconf 90' lang='lat' dir='ltr'><strong>quam</strong></span> <span class='ocrx_word' id='word_1_212' title='bbox 1910 3573 2034 3645; x_wconf 79' lang='lat' dir='ltr'><strong>verbo-</strong></span> 
     </span>
     <span class='ocr_line' id='line_1_22' title="bbox 451 3695 2031 3798; baseline -0.001 -31"><span class='ocrx_word' id='word_1_213' title='bbox 451 3721 533 3767; x_wconf 91' lang='lat' dir='ltr'><strong>rum</strong></span> <span class='ocrx_word' id='word_1_214' title='bbox 549 3696 680 3769; x_wconf 88' lang='lat' dir='ltr'><strong>Christi</strong></span> <span class='ocrx_word' id='word_1_215' title='bbox 695 3722 760 3797; x_wconf 94' lang='lat' dir='ltr'><strong>per</strong></span> <span class='ocrx_word' id='word_1_216' title='bbox 776 3697 945 3770; x_wconf 89' lang='lat' dir='ltr'><strong>eumdem</strong></span> <span class='ocrx_word' id='word_1_217' title='bbox 962 3699 1134 3797; x_wconf 89' lang='lat' dir='ltr'><strong>Spiritum</strong></span> <span class='ocrx_word' id='word_1_218' title='bbox 1151 3699 1322 3798; x_wconf 91' lang='lat' dir='ltr'><strong>apostolis</strong></span> <span class='ocrx_word' id='word_1_219' title='bbox 1339 3699 1549 3787; x_wconf 88' lang='lat' dir='ltr'><strong>ministrata,</strong></span> <span class='ocrx_word' id='word_1_220' title='bbox 1569 3703 1817 3794; x_wconf 84' lang='lat' dir='ltr'><strong>Pentecostem</strong></span> <span class='ocrx_word' id='word_1_221' title='bbox 1832 3695 2031 3767; x_wconf 88' lang='lat' dir='ltr'><strong>recolimus.</strong></span> 
     </span>
     <span class='ocr_line' id='line_1_23' title="bbox 452 3813 2034 3917; baseline -0.001 -32"><span class='ocrx_word' id='word_1_222' title='bbox 452 3815 693 3888; x_wconf 82' lang='lat' dir='ltr'><strong>Festivitatem</strong></span> <span class='ocrx_word' id='word_1_223' title='bbox 710 3833 830 3888; x_wconf 90' lang='lat' dir='ltr'><strong>autem</strong></span> <span class='ocrx_word' id='word_1_224' title='bbox 844 3817 1189 3908; x_wconf 87' lang='lat' dir='ltr'><strong>Tabernaculorum,</strong></span> <span class='ocrx_word' id='word_1_225' title='bbox 1208 3842 1319 3917; x_wconf 91' lang='lat' dir='ltr'><strong>quam</strong></span> <span class='ocrx_word' id='word_1_226' title='bbox 1344 3817 1400 3890; x_wconf 93' lang='lat' dir='ltr'><strong>his</strong></span> <span class='ocrx_word' id='word_1_227' title='bbox 1421 3817 1523 3907; x_wconf 89' lang='lat' dir='ltr'><strong>solis,</strong></span> <span class='ocrx_word' id='word_1_228' title='bbox 1542 3817 1605 3915; x_wconf 93' lang='lat' dir='ltr'><strong>qui</strong></span> <span class='ocrx_word' id='word_1_229' title='bbox 1622 3817 1668 3888; x_wconf 92' lang='lat' dir='ltr'><strong>de</strong></span> <span class='ocrx_word' id='word_1_230' title='bbox 1685 3841 1814 3912; x_wconf 88' lang='lat' dir='ltr'><strong>genere</strong></span> <span class='ocrx_word' id='word_1_231' title='bbox 1831 3813 1937 3887; x_wconf 90' lang='lat' dir='ltr'><strong>lsrael</strong></span> <span class='ocrx_word' id='word_1_232' title='bbox 1957 3828 2034 3886; x_wconf 87' lang='lat' dir='ltr'><strong>sunt</strong></span> 
     </span>
     <span class='ocr_line' id='line_1_24' title="bbox 451 3936 2032 4037; baseline 0.001 -30"><span class='ocrx_word' id='word_1_233' title='bbox 451 3936 771 4035; x_wconf 76' lang='lat' dir='ltr'><strong>praeceptamlegis,</strong></span> <span class='ocrx_word' id='word_1_234' title='bbox 781 3937 1103 4035; x_wconf 87' lang='lat' dir='ltr'><strong>Ecclesiagentium</strong></span> <span class='ocrx_word' id='word_1_235' title='bbox 1113 3939 1488 4037; x_wconf 88' lang='lat' dir='ltr'><strong>nonsuscepit.Quam</strong></span> <span class='ocrx_word' id='word_1_236' title='bbox 1498 3937 1643 4037; x_wconf 89' lang='lat' dir='ltr'><strong>quidem</strong></span> <span class='ocrx_word' id='word_1_237' title='bbox 1650 3937 1826 4009; x_wconf 90' lang='lat' dir='ltr'><strong>Dominus</strong></span> <span class='ocrx_word' id='word_1_238' title='bbox 1836 3937 2032 4024; x_wconf 85' lang='lat' dir='ltr'><strong>instituens,</strong></span> 
     </span>
     <span class='ocr_line' id='line_1_25' title="bbox 452 4057 2035 4157; baseline 0 -29"><span class='ocrx_word' id='word_1_239' title='bbox 452 4070 488 4128; x_wconf 85' lang='lat' dir='ltr'><strong>et</strong></span> <span class='ocrx_word' id='word_1_240' title='bbox 517 4057 705 4130; x_wconf 87' lang='lat' dir='ltr'><strong>israelitico</strong></span> <span class='ocrx_word' id='word_1_241' title='bbox 736 4059 872 4157; x_wconf 93' lang='lat' dir='ltr'><strong>populo</strong></span> <span class='ocrx_word' id='word_1_242' title='bbox 901 4060 1155 4133; x_wconf 89' lang='lat' dir='ltr'><strong>celebrandam</strong></span> <span class='ocrx_word' id='word_1_243' title='bbox 1184 4060 1462 4149; x_wconf 90' lang='lat' dir='ltr'><strong>commendans,</strong></span> <span class='ocrx_word' id='word_1_244' title='bbox 1496 4061 1533 4130; x_wconf 94' lang='lat' dir='ltr'><strong>in</strong></span> <span class='ocrx_word' id='word_1_245' title='bbox 1569 4062 1717 4130; x_wconf 80' lang='lat' dir='ltr'><strong>Levitico</strong></span> <span class='ocrx_word' id='word_1_246' title='bbox 1748 4059 1845 4130; x_wconf 76' lang='lat' dir='ltr'><strong>ait⁸z</strong></span> <span class='ocrx_word' id='word_1_247' title='bbox 1876 4087 1894 4126; x_wconf 81' lang='lat' dir='ltr'><strong>u</strong></span> <span class='ocrx_word' id='word_1_248' title='bbox 1913 4057 2035 4128; x_wconf 90' lang='lat' dir='ltr'><strong>Omnis</strong></span> 
     </span>
     <span class='ocr_line' id='line_1_26' title="bbox 452 4173 2035 4276; baseline -0.003 -27"><span class='ocrx_word' id='word_1_249' title='bbox 452 4179 514 4275; x_wconf 89' lang='lat' dir='ltr'><strong>qui</strong></span> <span class='ocrx_word' id='word_1_250' title='bbox 531 4177 577 4249; x_wconf 89' lang='lat' dir='ltr'><strong>de</strong></span> <span class='ocrx_word' id='word_1_251' title='bbox 594 4202 722 4274; x_wconf 88' lang='lat' dir='ltr'><strong>genere</strong></span> <span class='ocrx_word' id='word_1_252' title='bbox 739 4178 844 4250; x_wconf 88' lang='lat' dir='ltr'><strong>lsrael</strong></span> <span class='ocrx_word' id='word_1_253' title='bbox 862 4193 927 4269; x_wconf 86' lang='lat' dir='ltr'><strong>est,</strong></span> <span class='ocrx_word' id='word_1_254' title='bbox 947 4178 1107 4251; x_wconf 91' lang='lat' dir='ltr'><strong>manebit</strong></span> <span class='ocrx_word' id='word_1_255' title='bbox 1124 4181 1162 4249; x_wconf 94' lang='lat' dir='ltr'><strong>in</strong></span> <span class='ocrx_word' id='word_1_256' title='bbox 1179 4178 1435 4268; x_wconf 89' lang='lat' dir='ltr'><strong>tabernaculis,</strong></span> <span class='ocrx_word' id='word_1_257' title='bbox 1454 4194 1495 4250; x_wconf 92' lang='lat' dir='ltr'><strong>ut</strong></span> <span class='ocrx_word' id='word_1_258' title='bbox 1511 4179 1650 4251; x_wconf 89' lang='lat' dir='ltr'><strong>discant</strong></span> <span class='ocrx_word' id='word_1_259' title='bbox 1666 4179 1797 4276; x_wconf 89' lang='lat' dir='ltr'><strong>posteri</strong></span> <span class='ocrx_word' id='word_1_260' title='bbox 1815 4177 1923 4248; x_wconf 89' lang='lat' dir='ltr'><strong>vestri</strong></span> <span class='ocrx_word' id='word_1_261' title='bbox 1939 4173 2035 4273; x_wconf 93' lang='lat' dir='ltr'><strong>quod</strong></span> 
     </span>
     <span class='ocr_line' id='line_1_27' title="bbox 452 4295 2036 4372; baseline -0.001 -4"><span class='ocrx_word' id='word_1_262' title='bbox 452 4299 490 4369; x_wconf 90' lang='lat' dir='ltr'><strong>in</strong></span> <span class='ocrx_word' id='word_1_263' title='bbox 506 4297 745 4371; x_wconf 88' lang='lat' dir='ltr'><strong>tabernaculis</strong></span> <span class='ocrx_word' id='word_1_264' title='bbox 761 4297 924 4371; x_wconf 90' lang='lat' dir='ltr'><strong>habitare</strong></span> <span class='ocrx_word' id='word_1_265' title='bbox 941 4300 1086 4372; x_wconf 83' lang='lat' dir='ltr'><strong>fecerim</strong></span> <span class='ocrx_word' id='word_1_266' title='bbox 1103 4298 1195 4371; x_wconf 83' lang='lat' dir='ltr'><strong>filios</strong></span> <span class='ocrx_word' id='word_1_267' title='bbox 1215 4300 1333 4371; x_wconf 87' lang='lat' dir='ltr'><strong>lsrael.</strong></span> <span class='ocrx_word' id='word_1_268' title='bbox 1351 4327 1369 4366; x_wconf 83' lang='lat' dir='ltr'><strong>u</strong></span> <span class='ocrx_word' id='word_1_269' title='bbox 1394 4300 1497 4371; x_wconf 87' lang='lat' dir='ltr'><strong>Nulla</strong></span> <span class='ocrx_word' id='word_1_270' title='bbox 1513 4314 1633 4372; x_wconf 89' lang='lat' dir='ltr'><strong>autem</strong></span> <span class='ocrx_word' id='word_1_271' title='bbox 1650 4299 1791 4370; x_wconf 91' lang='lat' dir='ltr'><strong>occasio</strong></span> <span class='ocrx_word' id='word_1_272' title='bbox 1806 4323 1844 4369; x_wconf 91' lang='lat' dir='ltr'><strong>se</strong></span> <span class='ocrx_word' id='word_1_273' title='bbox 1865 4296 1972 4368; x_wconf 90' lang='lat' dir='ltr'><strong>nobis</strong></span> <span class='ocrx_word' id='word_1_274' title='bbox 1987 4295 2036 4367; x_wconf 86' lang='lat' dir='ltr'><strong>os·</strong></span> 
     </span>
     <span class='ocr_line' id='line_1_28' title="bbox 454 4414 2035 4517; baseline -0.001 -29"><span class='ocrx_word' id='word_1_275' title='bbox 454 4414 537 4507; x_wconf 86' lang='lat' dir='ltr'><strong>fert,</strong></span> <span class='ocrx_word' id='word_1_276' title='bbox 564 4442 636 4517; x_wconf 89' lang='lat' dir='ltr'><strong>qua</strong></span> <span class='ocrx_word' id='word_1_277' title='bbox 666 4417 894 4490; x_wconf 81' lang='lat' dir='ltr'><strong>festivitatem</strong></span> <span class='ocrx_word' id='word_1_278' title='bbox 916 4419 1245 4492; x_wconf 87' lang='lat' dir='ltr'><strong>Tabernaculorum</strong></span> <span class='ocrx_word' id='word_1_279' title='bbox 1270 4417 1427 4490; x_wconf 92' lang='lat' dir='ltr'><strong>Ecclesia</strong></span> <span class='ocrx_word' id='word_1_280' title='bbox 1453 4420 1613 4515; x_wconf 91' lang='lat' dir='ltr'><strong>gentium</strong></span> <span class='ocrx_word' id='word_1_281' title='bbox 1633 4419 1821 4505; x_wconf 88' lang='lat' dir='ltr'><strong>retineret,</strong></span> <span class='ocrx_word' id='word_1_282' title='bbox 1844 4417 2035 4515; x_wconf 77' lang='lat' dir='ltr'><strong>praesertim</strong></span> 
     </span>
     <span class='ocr_line' id='line_1_29' title="bbox 452 4537 2032 4636; baseline -0.004 -26"><span class='ocrx_word' id='word_1_283' title='bbox 452 4561 566 4635; x_wconf 89' lang='lat' dir='ltr'><strong>quum</strong></span> <span class='ocrx_word' id='word_1_284' title='bbox 593 4537 824 4610; x_wconf 90' lang='lat' dir='ltr'><strong>tabernacula</strong></span> <span class='ocrx_word' id='word_1_285' title='bbox 848 4538 1154 4636; x_wconf 90' lang='lat' dir='ltr'><strong>peregrinantium</strong></span> <span class='ocrx_word' id='word_1_286' title='bbox 1174 4539 1263 4627; x_wconf 92' lang='lat' dir='ltr'><strong>sint,</strong></span> <span class='ocrx_word' id='word_1_287' title='bbox 1289 4563 1364 4610; x_wconf 92' lang='lat' dir='ltr'><strong>non</strong></span> <span class='ocrx_word' id='word_1_288' title='bbox 1381 4539 1417 4609; x_wconf 92' lang='lat' dir='ltr'><strong>in</strong></span> <span class='ocrx_word' id='word_1_289' title='bbox 1435 4537 1605 4610; x_wconf 89' lang='lat' dir='ltr'><strong>domibus</strong></span> <span class='ocrx_word' id='word_1_290' title='bbox 1630 4539 1702 4609; x_wconf 91' lang='lat' dir='ltr'><strong>suis</strong></span> <span class='ocrx_word' id='word_1_291' title='bbox 1719 4540 2032 4609; x_wconf 87' lang='lat' dir='ltr'><strong>commorantium.</strong></span> 
     </span>
     <span class='ocr_line' id='line_1_30' title="bbox 454 4657 2036 4756; baseline 0 -28"><span class='ocrx_word' id='word_1_292' title='bbox 454 4660 540 4744; x_wconf 76' lang='lat' dir='ltr'><strong>Quae</strong></span> <span class='ocrx_word' id='word_1_293' title='bbox 556 4669 609 4728; x_wconf 89' lang='lat' dir='ltr'><strong>est</strong></span> <span class='ocrx_word' id='word_1_294' title='bbox 625 4671 745 4729; x_wconf 89' lang='lat' dir='ltr'><strong>autem</strong></span> <span class='ocrx_word' id='word_1_295' title='bbox 762 4657 891 4729; x_wconf 91' lang='lat' dir='ltr'><strong>domus</strong></span> <span class='ocrx_word' id='word_1_296' title='bbox 908 4657 964 4728; x_wconf 89' lang='lat' dir='ltr'><strong>vel</strong></span> <span class='ocrx_word' id='word_1_297' title='bbox 979 4659 1095 4756; x_wconf 88' lang='lat' dir='ltr'><strong>patria</strong></span> <span class='ocrx_word' id='word_1_298' title='bbox 1115 4672 1239 4730; x_wconf 89' lang='lat' dir='ltr'><strong>nostra</strong></span> <span class='ocrx_word' id='word_1_299' title='bbox 1263 4659 1331 4730; x_wconf 90' lang='lat' dir='ltr'><strong>nisi</strong></span> <span class='ocrx_word' id='word_1_300' title='bbox 1353 4657 1504 4730; x_wconf 88' lang='lat' dir='ltr'><strong>coelestis</strong></span> <span class='ocrx_word' id='word_1_301' title='bbox 1525 4657 1601 4746; x_wconf 91' lang='lat' dir='ltr'><strong>illa,</strong></span> <span class='ocrx_word' id='word_1_302' title='bbox 1626 4658 1673 4730; x_wconf 91' lang='lat' dir='ltr'><strong>dc</strong></span> <span class='ocrx_word' id='word_1_303' title='bbox 1693 4682 1767 4755; x_wconf 90' lang='lat' dir='ltr'><strong>qua</strong></span> <span class='ocrx_word' id='word_1_304' title='bbox 1786 4657 1873 4728; x_wconf 88' lang='lat' dir='ltr'><strong>dicit</strong></span> <span class='ocrx_word' id='word_1_305' title='bbox 1889 4661 2036 4756; x_wconf 80' lang='lat' dir='ltr'><strong>Aposto-</strong></span> 
     </span>
     <span class='ocr_line' id='line_1_31' title="bbox 453 4776 2036 4867; baseline 0 -19"><span class='ocrx_word' id='word_1_306' title='bbox 453 4777 526 4848; x_wconf 82' lang='lat' dir='ltr'><strong>lus⁸</strong></span> <span class='ocrx_word' id='word_1_307' title='bbox 545 4803 555 4866; x_wconf 68' lang='grc' dir='ltr'>ς</span> <span class='ocrx_word' id='word_1_308' title='bbox 576 4805 593 4845; x_wconf 79' lang='lat' dir='ltr'><strong>a</strong></span> <span class='ocrx_word' id='word_1_309' title='bbox 612 4777 649 4847; x_wconf 86' lang='lat' dir='ltr'><strong>si</strong></span> <span class='ocrx_word' id='word_1_310' title='bbox 665 4776 880 4850; x_wconf 89' lang='lat' dir='ltr'><strong>dissolvatur</strong></span> <span class='ocrx_word' id='word_1_311' title='bbox 896 4777 1026 4850; x_wconf 92' lang='lat' dir='ltr'><strong>domus</strong></span> <span class='ocrx_word' id='word_1_312' title='bbox 1042 4779 1110 4850; x_wconf 91' lang='lat' dir='ltr'><strong>ista</strong></span> <span class='ocrx_word' id='word_1_313' title='bbox 1125 4779 1321 4867; x_wconf 87' lang='lat' dir='ltr'><strong>terrestris,</strong></span> <span class='ocrx_word' id='word_1_314' title='bbox 1340 4778 1516 4851; x_wconf 87' lang='lat' dir='ltr'><strong>habemus</strong></span> <span class='ocrx_word' id='word_1_315' title='bbox 1533 4781 1569 4850; x_wconf 95' lang='lat' dir='ltr'><strong>in</strong></span> <span class='ocrx_word' id='word_1_316' title='bbox 1587 4780 1684 4852; x_wconf 89' lang='lat' dir='ltr'><strong>coelis</strong></span> <span class='ocrx_word' id='word_1_317' title='bbox 1701 4779 1853 4851; x_wconf 92' lang='lat' dir='ltr'><strong>domum</strong></span> <span class='ocrx_word' id='word_1_318' title='bbox 1870 4802 1945 4850; x_wconf 93' lang='lat' dir='ltr'><strong>non</strong></span> <span class='ocrx_word' id='word_1_319' title='bbox 1962 4800 2036 4848; x_wconf 85' lang='lat' dir='ltr'><strong>ma-</strong></span> 
     </span>
     <span class='ocr_line' id='line_1_32' title="bbox 455 4896 2039 5000; baseline 0.003 -34"><span class='ocrx_word' id='word_1_320' title='bbox 455 4896 647 4970; x_wconf 82' lang='lat' dir='ltr'><strong>nufactam.</strong></span> <span class='ocrx_word' id='word_1_321' title='bbox 664 4925 682 4965; x_wconf 80' lang='lat' dir='ltr'><strong>n</strong></span> <span class='ocrx_word' id='word_1_322' title='bbox 701 4899 802 4971; x_wconf 91' lang='lat' dir='ltr'><strong>Prior</strong></span> <span class='ocrx_word' id='word_1_323' title='bbox 812 4901 931 4998; x_wconf 88' lang='lat' dir='ltr'><strong>itaque</strong></span> <span class='ocrx_word' id='word_1_324' title='bbox 944 4900 1100 4999; x_wconf 90' lang='lat' dir='ltr'><strong>populus</strong></span> <span class='ocrx_word' id='word_1_325' title='bbox 1116 4899 1174 4971; x_wconf 92' lang='lat' dir='ltr'><strong>ille</strong></span> <span class='ocrx_word' id='word_1_326' title='bbox 1191 4899 1388 4972; x_wconf 87' lang='lat' dir='ltr'><strong>adventum</strong></span> <span class='ocrx_word' id='word_1_327' title='bbox 1404 4901 1549 4972; x_wconf 89' lang='lat' dir='ltr'><strong>Domini</strong></span> <span class='ocrx_word' id='word_1_328' title='bbox 1565 4900 1782 5000; x_wconf 77' lang='lat' dir='ltr'><strong>praecedens,</strong></span> <span class='ocrx_word' id='word_1_329' title='bbox 1800 4902 1858 4972; x_wconf 90' lang='lat' dir='ltr'><strong>cui</strong></span> <span class='ocrx_word' id='word_1_330' title='bbox 1874 4899 2039 4972; x_wconf 91' lang='lat' dir='ltr'><strong>nondum</strong></span> 
     </span>
    </p>
   </div>
   <div class='ocr_carea' id='block_1_9' title="bbox 457 5145 2044 5300">
    <p class='ocr_par' dir='ltr' id='par_1_9' title="bbox 457 5145 2044 5300">
     <span class='ocr_line' id='line_1_33' title="bbox 490 5145 2044 5215; baseline -0.001 -17"><span class='ocrx_word' id='word_1_331' title='bbox 490 5145 569 5199; x_wconf 73' lang='lat' dir='ltr'><strong>‘dod</strong></span> <span class='ocrx_word' id='word_1_332' title='bbox 579 5145 650 5199; x_wconf 77' lang='lat' dir='ltr'><strong>hmb.</strong></span> <span class='ocrx_word' id='word_1_333' title='bbox 659 5147 805 5207; x_wconf 71' lang='lat' dir='ltr'><strong>Natiuitatis,</strong></span> <span class='ocrx_word' id='word_1_334' title='bbox 815 5147 889 5209; x_wconf 74' lang='lat' dir='ltr'><strong>male,</strong></span> <span class='ocrx_word' id='word_1_335' title='bbox 899 5157 926 5198; x_wconf 90' lang='lat' dir='ltr'><strong>ut</strong></span> <span class='ocrx_word' id='word_1_336' title='bbox 934 5147 1009 5213; x_wconf 82' lang='lat' dir='ltr'><strong>ipsius</strong></span> <span class='ocrx_word' id='word_1_337' title='bbox 1015 5147 1134 5199; x_wconf 80' lang='lat' dir='ltr'><strong>sermonis</strong></span> <span class='ocrx_word' id='word_1_338' title='bbox 1142 5147 1230 5199; x_wconf 86' lang='lat' dir='ltr'><strong>lectio-</strong></span> <span class='ocrx_word' id='word_1_339' title='bbox 1270 5164 1327 5215; x_wconf 80' lang='lat' dir='ltr'><strong>cap.</strong></span> <span class='ocrx_word' id='word_1_340' title='bbox 1346 5164 1401 5206; x_wconf 71' lang='lat' dir='ltr'><strong>uu,</strong></span> <span class='ocrx_word' id='word_1_341' title='bbox 1422 5165 1446 5199; x_wconf 81' lang='lat' dir='ltr'><strong>v.</strong></span> <span class='ocrx_word' id='word_1_342' title='bbox 1466 5151 1505 5200; x_wconf 82' lang='grc'><strong>10.</strong></span> <span class='ocrx_word' id='word_1_343' title='bbox 1516 5175 1544 5184; x_wconf 94' lang='grc'><strong>-</strong></span> <span class='ocrx_word' id='word_1_344' title='bbox 1558 5147 1569 5175; x_wconf 77' lang='lat'><strong>⁴</strong></span> <span class='ocrx_word' id='word_1_345' title='bbox 1581 5149 1643 5214; x_wconf 68' lang='lat' dir='ltr'><strong>Rea.</strong></span> <span class='ocrx_word' id='word_1_346' title='bbox 1661 5149 1687 5208; x_wconf 86' lang='lat' dir='ltr'><strong>l,</strong></span> <span class='ocrx_word' id='word_1_347' title='bbox 1699 5163 1754 5214; x_wconf 72' lang='lat' dir='ltr'><strong>cap.</strong></span> <span class='ocrx_word' id='word_1_348' title='bbox 1768 5165 1793 5207; x_wconf 83' lang='lat' dir='ltr'><strong>r,</strong></span> <span class='ocrx_word' id='word_1_349' title='bbox 1812 5164 1834 5199; x_wconf 83' lang='lat' dir='ltr'><strong>r.</strong></span> <span class='ocrx_word' id='word_1_350' title='bbox 1852 5150 1875 5198; x_wconf 77' lang='grc'><strong>3.</strong></span> <span class='ocrx_word' id='word_1_351' title='bbox 1887 5173 1921 5184; x_wconf 91' lang='grc'>-</span> <span class='ocrx_word' id='word_1_352' title='bbox 1932 5145 1942 5173; x_wconf 88' lang='grc'><strong>“</strong></span> <span class='ocrx_word' id='word_1_353' title='bbox 1955 5147 2044 5207; x_wconf 62' lang='lat' dir='ltr'><strong>lenta,</strong></span> 
     </span>
     <span class='ocr_line' id='line_1_34' title="bbox 457 5230 1925 5300; baseline 0.001 -18"><span class='ocrx_word' id='word_1_354' title='bbox 457 5247 488 5282; x_wconf 84' lang='lat' dir='ltr'><strong>ue</strong></span> <span class='ocrx_word' id='word_1_355' title='bbox 500 5241 577 5296; x_wconf 80' lang='lat' dir='ltr'><strong>patet.</strong></span> <span class='ocrx_word' id='word_1_356' title='bbox 592 5230 646 5272; x_wconf 88' lang='lat'><strong>-¹</strong></span> <span class='ocrx_word' id='word_1_357' title='bbox 665 5233 760 5292; x_wconf 68' lang='lat' dir='ltr'><strong>Ksed„</strong></span> <span class='ocrx_word' id='word_1_358' title='bbox 778 5248 835 5300; x_wconf 85' lang='lat' dir='ltr'><strong>cap.</strong></span> <span class='ocrx_word' id='word_1_359' title='bbox 851 5248 926 5294; x_wconf 83' lang='lat' dir='ltr'><strong>xnu,</strong></span> <span class='ocrx_word' id='word_1_360' title='bbox 950 5248 975 5282; x_wconf 84' lang='lat' dir='ltr'><strong>r.</strong></span> <span class='ocrx_word' id='word_1_361' title='bbox 997 5235 1036 5283; x_wconf 84' lang='lat' dir='ltr'><strong>tl.</strong></span> <span class='ocrx_word' id='word_1_362' title='bbox 1051 5232 1104 5271; x_wconf 83' lang='lat'><strong>-⁸</strong></span> <span class='ocrx_word' id='word_1_363' title='bbox 1121 5233 1230 5294; x_wconf 74' lang='lat' dir='ltr'><strong>Denter„</strong></span> <span class='ocrx_word' id='word_1_364' title='bbox 1271 5249 1327 5300; x_wconf 81' lang='lat' dir='ltr'><strong>cap.</strong></span> <span class='ocrx_word' id='word_1_365' title='bbox 1342 5249 1418 5299; x_wconf 82' lang='lat' dir='ltr'><strong>xxru,</strong></span> <span class='ocrx_word' id='word_1_366' title='bbox 1435 5251 1460 5286; x_wconf 79' lang='lat' dir='ltr'><strong>v.</strong></span> <span class='ocrx_word' id='word_1_367' title='bbox 1471 5235 1511 5284; x_wconf 73' lang='lat'><strong>⁴2.</strong></span> <span class='ocrx_word' id='word_1_368' title='bbox 1525 5261 1553 5271; x_wconf 92' lang='lat'><strong>—</strong></span> <span class='ocrx_word' id='word_1_369' title='bbox 1569 5233 1695 5285; x_wconf 64' lang='lat' dir='ltr'><strong>‘camach</strong></span> <span class='ocrx_word' id='word_1_370' title='bbox 1711 5234 1749 5293; x_wconf 86' lang='lat' dir='ltr'><strong>ll,</strong></span> <span class='ocrx_word' id='word_1_371' title='bbox 1760 5247 1815 5299; x_wconf 76' lang='lat' dir='ltr'><strong>esp.</strong></span> <span class='ocrx_word' id='word_1_372' title='bbox 1827 5249 1853 5295; x_wconf 82' lang='lat' dir='ltr'><strong>r,</strong></span> <span class='ocrx_word' id='word_1_373' title='bbox 1864 5248 1888 5283; x_wconf 85' lang='lat' dir='ltr'><strong>r.</strong></span> <span class='ocrx_word' id='word_1_374' title='bbox 1903 5233 1925 5284; x_wconf 87' lang='lat' dir='ltr'><strong>l.</strong></span> 
     </span>
    </p>
   </div>
   <div class='ocr_carea' id='block_1_10' title="bbox 0 0 2261 6100">
    <p class='ocr_par' dir='ltr' id='par_1_10' title="bbox 0 0 2261 6100">
     <span class='ocr_line' id='line_1_35' title="bbox 0 0 2261 6100; baseline 0 0"><span class='ocrx_word' id='word_1_375' title='bbox 0 0 2261 6100; x_wconf 95' lang='lat' dir='ltr'><strong> </strong></span> 
     </span>
    </p>
   </div>
  </div>
 </body>
</html>
