4520 6104
884 645 1122 720 aristote.
1724 655 1795 728 439
1895 615 1908 642 '

210 787 258 860 de
277 785 422 858 senibus
439 809 590 882 parrum
607 809 690 874 vas,
710 785 856 858 calicem
874 788 1030 886 portarit
1050 787 1097 858 ad
1111 787 1277 859 abbatem
1291 788 1413 884 Sysoi,
1436 803 1472 860 et
1484 789 1585 862 dedit
1598 791 1648 882 ei,
1665 807 1702 864 et
1713 792 1805 865 bibit

211 905 343 991 semel,
365 919 400 976 et
416 903 582 977 secundo
594 911 632 976 let
651 906 786 1004 accepit
804 922 840 978 et
856 905 957 978 bibit.
985 906 1123 977 Obtulit
1140 908 1173 978 ei
1192 907 1299 979 etiam
1315 908 1440 998 tertio,
1463 908 1526 980 sed
1545 932 1619 980 non
1641 914 1799 1009 accepit,

211 1025 360 1098 dicens:
391 1025 595 1114 «Quiesce,
616 1023 743 1114 irater,
771 1047 817 1096 ao
837 1027 950 1096 nescis
974 1026 1058 1122 quia
1076 1040 1128 1096 est
1149 1025 1324 1096 Sancus?
1341 1055 1359 1094 u
1387 1031 1431 1097 Et
1454 1028 1585 1098 iterum
1603 1028 1649 1100 de
1674 1029 1802 1103 abbate

211 1147 360 1243 Sysoi¹:
383 1146 512 1216 «Dicit
538 1169 622 1241 ergo
648 1144 826 1218 Abraham
849 1145 1031 1244 discipulis
1048 1145 1145 1240 ejus,
1174 1146 1204 1217 si
1229 1147 1428 1217 occurritur
1448 1148 1484 1218 in
1503 1146 1653 1220 sabbato
1676 1165 1711 1222 et
1738 1150 1804 1223 do·

212 1267 344 1340 miniea
361 1266 408 1337 ad
427 1265 637 1354 ecclesiam,
656 1279 693 1336 et
707 1263 837 1337 biberit
859 1279 930 1337 tres
950 1265 1097 1354 calices,
1119 1291 1165 1337 nc
1179 1265 1292 1336 multo
1312 1265 1389 1337 est?
1410 1270 1453 1336 Et
1470 1265 1558 1338 dixit
1576 1292 1684 1340 senex
1703 1297 1711 1338 :
1733 1299 1751 1336 u
1766 1272 1802 1342 Si

214 1415 232 1456 u
255 1409 330 1458 non
355 1399 448 1457 esset
471 1387 639 1473 Satanm,
661 1408 735 1455 non
756 1399 847 1456 esset
866 1385 1031 1457 multum.
1053 1413 1070 1451 a
1089 1387 1180 1456 Hinc
1197 1399 1232 1456 et
1253 1384 1378 1457 beatus
1396 1409 1471 1456 nun
1489 1386 1680 1458 immernor
1696 1393 1806 1462 Bene·

211 1505 350 1578 diotus¹
368 1529 480 1601 quum
499 1503 764 1609 dispensatione
786 1504 944 1600 quadam
967 1505 1154 1576 monachis
1174 1505 1299 1576 viuum
1317 1505 1536 1602 indulgeret,
1561 1507 1610 1578 ait
1638 1535 1646 1577 ε
1675 1509 1806 1581 «Licet

212 1624 371 1722 legemus
388 1625 512 1696 vintun
529 1623 790 1696 monachorum
807 1625 958 1696 omnino
980 1649 1062 1696 nou·
1078 1649 1178 1713 esse,
1199 1625 1263 1696 sed
1281 1625 1365 1723 quia
1385 1626 1515 1698 uostris
1532 1627 1755 1724 temporibus
1769 1631 1806 1700 id

213 1743 401 1818 monachis
422 1744 563 1842 penitus
583 1743 789 1841 persuaderi
811 1768 884 1815 uon
906 1756 1036 1841 potest.
1058 1772 1074 1809 u
1097 1744 1193 1830 Quid
1205 1745 1300 1816 enim
1317 1745 1448 1816 mirum
1467 1746 1497 1818 si
1511 1745 1807 1846 monachis-peni·

211 1882 270 1938 tus
284 1889 360 1936 non
373 1865 417 1936 sit
429 1862 710 1960 indulgendum,
731 1863 831 1961 quod
849 1864 990 1935 feminis
1008 1889 1176 1961 quoque,
1195 1889 1348 1962 quarum
1366 1867 1403 1936 iu
1423 1891 1461 1937 se
1482 1880 1536 1937 est
1556 1881 1684 1938 natura
1704 1867 1804 1939 debi-

212 1983 295 2074 lior,
312 1999 476 2056 ettamen
489 1997 615 2054 contra
629 1982 754 2054 vinum
767 1983 903 2072 sortior,
921 1985 1039 2082 ipsum
1053 1985 1203 2056 omuino
1216 1983 1341 2058 beatus
1353 1985 1531 2057 interdicit
1542 1987 1803 2082 Hieronymus?

213 2106 280 2178 Hic
306 2106 404 2178 euim
430 2103 663 2177 Eustochium
684 2103 857 2201 virginem
877 2103 1006 2176 Christi
1030 2103 1076 2176 de
1101 2105 1348 2178 conservande
1375 2107 1553 2178 instruens
1576 2107 1799 2204 virginitate,

212 2223 445 2296 vehementer
462 2222 685 2310 adhortetur,
706 2222 849 2294 dicens⁸
872 2249 879 2292 :
906 2224 976 2293 «Si
993 2223 1082 2321 quid
1100 2224 1220 2322 itaque
1233 2225 1270 2295 in
1288 2249 1345 2296 me
1362 2240 1573 2323 potestesse
1593 2227 1753 2318 consilii,
1775 2231 1804 2300 si

213 2358 361 2442 experto
381 2341 560 2431 creditur,
580 2342 651 2414 hoc
668 2344 825 2441 primurn
845 2366 978 2416 moneo
997 2359 1033 2414 et
1049 2343 1231 2434 obtestor,
1250 2358 1291 2415 ut
1307 2368 1439 2444 sponsa
1455 2345 1586 2417 Christi
1607 2346 1731 2418 vinum
1748 2349 1803 2419 iu·

212 2466 284 2561 giat
299 2489 366 2564 pro
384 2487 537 2538 veneno.
558 2468 640 2536 Haec
658 2463 828 2536 aduersus
847 2463 1123 2536 adolescentiam
1140 2466 1255 2564 prima
1275 2481 1359 2537 sunt
1370 2491 1470 2538 arma
1486 2466 1703 2540 daemonnm.
1721 2472 1800 2540 Non

212 2586 263 2658 sic
280 2585 427 2658 avaritia
443 2585 576 2682 quatit,
605 2584 706 2656 inllat
723 2583 910 2682 superbia,
933 2583 1085 2657 delectat
1101 2584 1262 2657 ambitio.
1284 2586 1397 2658 Facile
1415 2585 1492 2659 aliis
1511 2613 1673 2660 caremus
1694 2591 1797 2662 vitiis.
1821 2601 1825 2614 '

214 2707 279 2778 Hic
305 2707 418 2778 hostis
444 2704 723 2778 intusinolusus
740 2719 804 2776 est.
827 2710 1054 2803 Quocunque
1076 2731 1287 2803 pergamus,
1313 2707 1503 2780 nobiscum
1527 2725 1713 2808 portamus
1739 2713 1802 2782 ini·

214 2828 360 2900 micum.
377 2828 509 2898 Vinum
527 2841 563 2897 et
574 2825 810 2898 adolescentia
822 2825 953 2924 duplex
967 2825 1173 2918 inpendium
1184 2827 1387 2924 voluptatis.
1406 2828 1502 2915 Quid
1514 2829 1635 2900 oleum
1649 2831 1801 2904 ilammae

212 2946 425 3042 adjicimus?
461 2944 571 3033 Quid,
589 2944 729 3017 ardenti
742 2953 745 2958 “
759 2945 973 3042 corpusculo
1009 2946 1167 3017 iumenta
1189 2948 1334 3043 ignium
1368 2947 1630 3019 ministramus?
1646 2977 1665 3016 »
1709 2955 1802 3023 Cou-

211 3081 282 3138 stat
295 3083 415 3138 tamen
429 3089 473 3136 ex
489 3089 615 3137 cortun
630 3064 860 3136 documentis
877 3066 940 3161 qui
957 3065 1163 3164 dephysica
1176 3067 1416 3164 scripserunt,
1443 3066 1556 3138 multo
1570 3069 1689 3140 miuus
1702 3070 1801 3142 femi·

212 3189 270 3258 uis
285 3211 396 3284 quam
408 3187 490 3258 viris
504 3189 671 3258 virtutem
684 3187 758 3258 vini
766 3187 957 3287 prevalere
968 3211 1085 3286 posse.
1100 3188 1209 3283 Cujus
1222 3188 1369 3285 quidem
1378 3189 1430 3259 rei
1439 3189 1614 3262 rationem
1627 3190 1801 3264 inducens

211 3307 417 3380 Macrobius
435 3307 656 3384 Theodosius
675 3311 719 3377 lV
741 3307 1028 3380 Souamaliorum
1042 3307 1133 3380 libro
1150 3308 1202 3379 sie
1219 3309 1312 3379 eit⁸:
1332 3337 1350 3376 u
1371 3309 1570 3381 Aristoteles
1586 3337 1594 3380 ι
1611 3311 1797 3412 Mulieres,

210 3428 350 3526 inquit,
370 3451 452 3500 raro
471 3425 713 3518 inebriantur,
728 3427 855 3500 crebro
869 3451 984 3499 senes.
1003 3427 1129 3499 Mulier
1145 3427 1488 3499 humectissimoest
1506 3452 1671 3528 corpure.
1689 3435 1801 3503 Docet

209 3547 284 3622 hoc
293 3563 336 3624 :et
353 3547 475 3620 levitas
492 3548 582 3618 eutis
595 3563 631 3619 et
648 3546 836 3646 splendor,
858 3547 1182 3646 docentpraeoipue
1195 3547 1343 3623 assiduae
1356 3550 1602 3647 purgationes,
1621 3553 1801 3649 superfluo

207 3682 451 3740 exonerantes
463 3691 594 3766 corpus
611 3667 776 3740 humore.
793 3672 914 3756 Quum
932 3691 1017 3765 ergo
1035 3683 1182 3766 epotum
1199 3669 1323 3740 riuum
1340 3669 1377 3739 in
1395 3683 1469 3740 tam
1486 3669 1624 3766 largum
1637 3669 1804 3743 ceciderit

205 3789 430 3878 humorem,
449 3789 523 3866 rim
541 3787 643 3859 suam
660 3787 797 3887 perdit,
820 3810 887 3860 nec
904 3787 1004 3858 facile
1021 3787 1157 3859 derebri
1173 3788 1295 3860 sedem
1309 3788 1409 3878 ierit,
1429 3789 1637 3861 fortitudine
1650 3791 1727 3886 ejus
1741 3817 1804 3863 ex-

205 3911 378 3981 tincta.»
403 3912 492 3980 Item
515 3935 523 3977 ι
554 3907 758 3980 «Muliebre
776 3931 907 4006 corpus
929 3906 1062 3978 crebris
1085 3908 1356 4005 purgationibus
1380 3908 1619 4006 depuratum,
1644 3910 1805 4008 pluribus

202 4045 424 4102 consertum
442 4025 696 4118 foraminibus,
727 4042 902 4124 ut.peteat
923 4027 960 4097 in
984 4041 1141 4116 meatus,
1165 4028 1294 4098 etuias
1317 4027 1472 4124 pnebeat
1497 4027 1642 4100 humori
1663 4031 1700 4100 in
1714 4056 1804 4128 ege·

200 4151 342 4222 sticnis
359 4149 492 4240 exitum
513 4149 720 4228 confluenti.
744 4151 812 4218 Per
824 4147 900 4218 haec
913 4146 1088 4218 foramina
1103 4171 1217 4246 vapor
1229 4148 1303 4217 rini
1316 4147 1476 4220 celeriter
1491 4152 1677 4221 evanescit.
1693 4179 1711 4218 u
1727 4155 1806 4238 Qua

198 4273 322 4370 igitur
341 4270 479 4351 ratione
499 4269 536 4342 id
554 4267 739 4340 monachis
758 4266 983 4365 indulgetur,
1000 4267 1098 4365 quod
1119 4265 1307 4338 infirmiori
1319 4269 1419 4339 sexui
1431 4268 1805 4368 denegaturlQuanta

198 4407 270 4466 est
280 4389 468 4468 insaniaid
488 4392 537 4464 eis
551 4389 771 4479 concedere,
788 4388 917 4487 quibus
934 4389 1086 4488 amplius
1099 4403 1217 4488 potest
1234 4411 1385 4480 nocere,
1408 4404 1444 4460 et
1456 4388 1533 4462 aliis
1544 4391 1804 4488 negarelQuid
1825 4451 1827 4456 ,

192 4513 373 4611 denique
385 4511 542 4600 stultius,
559 4511 595 4581 id
608 4509 708 4607 quod
722 4509 884 4606 religioni
898 4510 1009 4607 magis
1023 4523 1076 4580 est
1088 4511 1326 4598 contrarium,
1344 4524 1378 4580 ct
1393 4513 1503 4580 aDeo
1517 4509 1712 4608 plurimum
1726 4512 1806 4583 facit

188 4647 438 4734 apostatare,
466 4630 675 4727 religionem
697 4653 771 4701 non
798 4627 1017 4700 abhorrere?
1041 4628 1137 4716 Quid
1157 4627 1422 4726 impudentius,
1442 4653 1550 4726 quam
1572 4629 1617 4701 id=
1631 4629 1730 4726 quod
1752 4655 1807 4702 re·

188 4753 320 4854 gibus
344 4775 491 4848 quoque
510 4765 545 4822 et
562 4748 807 4822 sacerdotibus
831 4748 916 4846 legis
936 4747 1157 4821 interdicitur
1175 4753 1205 4837 ¹,
1229 4748 1427 4820 christianae
1449 4749 1674 4846 perfectionis
1701 4749 1808 4823 absti-

188 4872 473 4950 nentiamncn
492 4869 630 4942 vitare?
654 4869 728 4940 imo
749 4869 786 4940 in
807 4868 1042 4941 hucmaxime
1056 4867 1249 4940 delectari?
1271 4867 1360 4954 Quis
1372 4870 1684 4967 namqueignoret
1700 4895 1810 4968 quau·

234 5181 246 5208 ¹
264 5177 310 5250 ¹ln
330 5176 387 5226 Vitia
403 5176 522 5234 Petrum,
537 5191 563 5242 p.
585 5171 702 5224 utu-³
714 5172 810 5239 lisgul„
829 5189 885 5242 cap·
903 5187 968 5226 xtrt.
986 5201 1015 5212 —
1028 5173 1038 5202 ⁸
1050 5173 1129 5240 Epist.
1147 5187 1220 5236 stru,
1238 5183 1257 5226 t.
1276 5172 1319 5238 tt,
1337 5172 1385 5226 col.
1403 5173 1444 5223 ³0.
1458 5199 1487 5212 ·—
1499 5171 1509 5198 ⁴
1520 5171 1580 5239 Cap.
1595 5187 1670 5226 n.-
1684 5131 1814 5232 'luitte.,

187 5285 268 5336 cap.
287 5279 359 5324 ιη.
377 5264 401 5314 9.
412 5264 525 5323 -Protu,
537 5278 592 5327 cap.
606 5278 680 5325 mr,
691 5278 713 5311 r.
728 5263 752 5312 5.
