4486 6100
930 576 1144 652 calamus.
1244 599 1247 605 ·

180 772 187 782 ,
244 715 308 772 Νοιι
321 733 336 772 a
349 733 423 790 quo,
438 713 486 772 sed
498 714 567 790 quid
580 713 701 787 dicatur,
714 717 751 771 sit
763 714 814 772 tibi
827 731 915 772 eure:

280 807 397 862 Auctori
410 823 513 862 nomen
526 803 596 859 dant
607 803 678 860 bene
690 804 765 860 dicta
778 822 837 860 suo.
902 886 905 893 Ι

245 895 288 951 Ne
301 895 353 953 tihi
365 895 462 953 dilecti
473 895 594 968 juresin
606 894 689 950 verba
704 895 845 969 magistri,

280 987 339 1043 Nec
350 997 379 1044 te
393 985 517 1042 detineat
530 984 629 1041 doctor
640 1003 736 1041 amore
747 1003 806 1041 suo.

149 1069 158 1086 ⁸
244 1079 350 1134 Fracta
359 1078 379 1146 ¹,
393 1093 450 1132 uon
463 1075 536 1131 foliis
549 1091 699 1149 pomorum
712 1076 832 1151 quisque
842 1074 962 1145 cibatur,

141 4935 167 4980 ‚.

279 1169 315 1226 Et
326 1183 423 1224 sensus
433 1164 525 1228 verbis
537 1165 733 1222 anteferendus
747 1166 810 1222 erit.

244 1259 360 1316 Ornatis
372 1257 480 1316 animos
493 1265 586 1329 captet
599 1257 740 1330 persuasio
752 1255 859 1327 verbis,

281 1349 420 1404 Doctrina
433 1347 521 1424 magis
533 1355 576 1402 eat
587 1345 681 1403 debita
693 1345 830 1420 planities.

244 1439 332 1512 Copia
344 1437 494 1494 verborum
506 1447 565 1506 est,
580 1436 630 1493 uhi
643 1454 700 1492 non
713 1447 755 1492 est
767 1436 847 1510 copia
862 1453 972 1504 sensus,

280 1529 397 1586 Constat
408 1538 437 1584 et
449 1537 589 1584 errantem
605 1525 792 1600 multiplicare
805 1526 873 1584 vias.

242 1617 332 1691 Cujus
342 1616 500 1680 doctrinam
513 1615 565 1672 sihi
578 1615 728 1672 dissentire
740 1615 860 1686 videbis,

279 1706 325 1764 Nil
338 1704 415 1763 iliam
427 1708 495 1764 certi
508 1715 617 1762 constet
629 1705 734 1762 habere
748 1705 810 1762 tibi.

246 1865 388 1922 instabilis
400 1865 472 1922 lune
484 1865 587 1924 stultns
602 1877 729 1923 mutatur
741 1867 777 1924 ad
788 1869 891 1935 instar;

276 1955 356 2012 Sicut
368 1956 424 2020 sol,
439 1958 550 2030 sapiens
562 1968 708 2032 permanet
719 1959 779 2032 ipae
790 1959 855 2017 sibi.

242 2047 326 2103 Nunc
339 2047 414 2116 hnc,
428 2060 504 2105 nunc
516 2047 584 2104 illuc
594 2048 673 2104 stulti
687 2066 766 2104 mena
780 2068 848 2106 cuca
862 2061 987 2126 vagatur,

276 2136 395 2194 Provida
407 2156 487 2196 meus
499 2139 627 2196 stabilem
641 2139 721 2213 tigit·
733 2139 838 2215 ubique
850 2140 978 2216 gradum.

240 2226 374 2285 Providet
387 2238 452 2284 aute
464 2229 515 2284 diu
526 2228 597 2304 quid
609 2239 684 2284 recte
694 2229 789 2286 dicere
802 2233 906 2304 possit,

277 2317 319 2372 Ne
329 2317 418 2391 judea
432 2317 480 2374 fiat
491 2321 615 2392 turpiter
626 2320 686 2394 ipsa
700 2321 753 2376 aui.

240 2405 314 2462 Nulo
328 2409 469 2482 repentini
483 2419 530 2464 tna
542 2410 579 2465 sit
594 2409 722 2466 doctrina
736 2412 872 2483 magistri,

277 2493 335 2564 Qui
347 2506 464 2570 cogatur
475 2496 567 2553 adhuc
582 2497 688 2571 fingere
699 2516 760 2573 quaa
773 2499 882 2555 doceat.

238 2583 391 2641 Nemctibi
399 2587 587 2664 tribuetquod
597 2588 1012 2666 nondumestnomenadeptus:

275 2674 342 2731 Post
354 2677 474 2747 multos,
489 2679 511 2734 si
525 2679 579 2749 vis,
593 2679 746 2752 experiaris
760 2697 837 2738 eum.

238 2761 329 2819 Filius
340 2774 384 2820 est
397 2763 506 2839 sapiens
518 2765 678 2822 benedictio
692 2767 779 2823 multa
792 2779 958 2842 parentum,

274 2854 405 2927 ipsorum
419 2854 521 2911 stultus
532 2854 655 2912 dedecus
668 2868 753 2931 atque
765 2857 855 2914 dolor.

239 2945 378 3018 iusipiens
390 2964 439 3002 rex
450 2957 494 3002 est
504 2947 599 3002 asinus
611 2946 768 3004 diademate
779 2948 901 3021 pollens,

246 3041 251 3052 '
274 3036 346 3091 Tam
358 3037 411 3092 eibi
423 3055 508 3112 quam
522 3039 631 3093 cunctis
643 3038 817 3112 perniciosus
829 3039 876 3094 hic
889 3050 940 3096 est.

236 3111 389 3199 Scripturas
400 3126 515 3200 ignarus
528 3129 658 3201 princeps
670 3126 720 3202 qui
731 3127 849 3182 sustinet
860 3146 933 3198 esse,

274 3215 395 3289 Cogitur
407 3234 540 3272 arcanum
550 3215 673 3292 pandere
686 3233 755 3290 sepe
767 3234 859 3272 suum.

238 3377 380 3436 Occasnm
393 3381 518 3455 sapiens,
534 3380 638 3436 stultus
652 3379 811 3437 considerat
824 3389 936 3448 ortum,

275 3471 353 3526 Finis
366 3471 472 3546 quippe
486 3471 527 3526 rei
541 3472 647 3527 cantica
660 3465 751 3526 laudis
761 3469 857 3526 hahet.

235 3559 348 3617 Dictis⁸
361 3559 523 3630 doctorum,
537 3560 617 3618 sactis
629 3560 744 3617 intende
757 3560 916 3627 bonorum

274 3651 389 3706 Ferveat
402 3649 456 3704 hac
469 3667 580 3724 semper
592 3660 689 3724 pectus
701 3651 825 3706 avaritia.

191 3761 195 3766 ·
233 3741 350 3814 Ingenii
362 3741 471 3814 sapiens
485 3733 520 3796 fi‘t·
529 3739 622 3795 nullus
633 3740 763 3796 acumine
776 3739 887 3817 magni3

274 3834 359 3890 Hunc
373 3834 467 3907 potius
480 3849 572 3888 mores
583 3843 611 3888 et
623 3831 696 3887 hona
709 3831 764 3887 vita
777 3840 881 3886 creant.

232 3924 343 3994 Factis,
359 3943 418 3980 non
430 3923 535 3992 verbis,
551 3923 686 3996 sapientia
698 3940 726 3977 se
740 3921 904 3996 profitetur3

271 4013 344 4070 Sulis
358 4031 486 4070 concessa
499 4022 542 4069 est
555 4012 643 4088 gratia
657 4022 733 4067 tanta
748 4011 840 4066 bonis.

228 4103 337 4162 Credit
346 4104 529 4160 inhumanam
542 4112 664 4164 mentem
679 4101 850 4175 sapientibus
863 4117 938 4165 esse,

272 4197 331 4267 Qui
345 4195 420 4251 nihil
432 4193 544 4251 iliorum
558 4192 643 4250 eorda
654 4191 749 4247 dolere
762 4199 852 4265 putat.

227 4287 339 4342 Ferrea
353 4305 410 4343 non
422 4285 491 4342 adeo
503 4285 616 4340 virtutis
626 4282 753 4358 duraque
767 4299 846 4337 mens
858 4291 915 4350 est,

272 4377 314 4434 Ut
325 4378 412 4451 pietas
422 4376 527 4432 horum
539 4374 642 4429 viscera
656 4371 732 4429 nuta
747 4372 815 4427 sciat
823 4372 846 4428 ⁴.

222 4468 278 4524 Sit
290 4465 344 4522 tibi
357 4483 424 4522 cura
434 4464 514 4538 prior
526 4462 662 4530 faciendi,
676 4461 779 4517 deinde
791 4460 909 4517 docendi

271 4559 340 4630 Quae
352 4556 425 4612 bena
440 4564 521 4623 sunt,
536 4572 572 4609 ne
585 4554 621 4609 sis
635 4553 764 4609 dissonus
776 4553 834 4626 ipse
848 4551 910 4607 tibi.

221 4722 279 4777 Sit
293 4719 359 4784 tibi,
374 4735 479 4792 queso,
494 4715 625 4789 frequens
639 4715 783 4787 scripturae
798 4714 881 4768 tectio
895 4731 993 4780 sacru,

269 4808 376 4862 Cetera
389 4807 478 4879 siqua
492 4802 582 4876 legas,
596 4805 689 4858 omnia
704 4813 820 4878 propter
831 4819 915 4856 eam.-

260 5014 272 5040 ⁴
295 5014 432 5076 Maurus
450 5009 513 5064 cod.
535 5008 609 5063 surr.
629 5033 663 5047 -
682 5006 693 5034 “
710 5010 783 5076 Furit
799 5007 861 5060 Cod.
884 5007 957 5058 Burn.
977 5034 1009 5046 --

213 5182 297 5239 eod.
310 5183 400 5245 Boru.;
415 5181 483 5250 quud
492 5181 603 5248 sequitur
613 5179 643 5234 Ι).
655 5179 703 5234 Th.
712 5179 823 5245 Wright,
837 5179 917 5232 miuus
928 5177 1008 5242 bene,

1761 574 1825 648 tat

1059 717 1108 772 Est
1117 715 1187 789 justi
1200 715 1347 788 proprium
1361 711 1440 768 reddi
1453 730 1501 768 sua
1514 709 1582 767 velle
1595 677 1769 787 quihusqne3

1094 801 1190 862 Fortis
1200 806 1229 860 in
1242 804 1364 860 adversis
1377 822 1433 859 non
1447 800 1587 876 trepidare
1599 801 1675 870 suis3

1059 894 1176 951 Illicitos
1187 896 1272 950 animi
1284 905 1377 950 motus
1386 893 1497 949 frenare
1507 892 1642 959 modesti,

1033 1008 1040 1024 ·
1095 985 1177 1040 Tunc
1187 1003 1275 1060 quum
1290 983 1443 1040 succedunt
1456 1001 1587 1060 prospera
1600 983 1747 1056 praecipue.

1059 1073 1139 1130 Sicut
1151 1075 1180 1130 in
1193 1073 1312 1130 adversis
1325 1073 1412 1130 virtus
1428 1092 1460 1129 ea
1475 1090 1574 1128 murus
1588 1072 1718 1141 habetur,

1094 1165 1141 1223 Sic
1152 1165 1233 1221 istius
1246 1174 1330 1238 egent
1343 1181 1474 1238 prospera
1487 1162 1639 1237 temperie,

1060 1255 1117 1312 Nec
1130 1255 1209 1330 prior
1222 1254 1269 1310 iila
1281 1255 1486 1323 monetarium,
1501 1254 1555 1309 nisi
1567 1252 1637 1308 suita
1648 1253 1686 1308 sit
1695 1252 1774 1319 istis,

1094 1345 1137 1401 Ne
1151 1345 1188 1400 sit
1199 1343 1285 1400 fracta
1298 1343 1392 1413 malis,
1407 1344 1463 1400 sive
1476 1345 1590 1399 remissa
1603 1343 1698 1412 bonis,

1058 1433 1138 1505 Quid
1151 1434 1226 1498 vitii.
1238 1434 1309 1510 quid
1323 1435 1360 1490 sit
1371 1434 1483 1490 virtutis
1490 1476 1497 1502 ,
1511 1433 1620 1489 discute
1629 1437 1641 1464 ¹
1651 1432 1794 1506 prudens:

1094 1523 1180 1597 Quod
1192 1525 1215 1580 si
1227 1523 1398 1599 perdideris,
1413 1524 1518 1580 desinis
1529 1541 1588 1580 esse
1600 1523 1677 1599 quod
1689 1540 1729 1580 es.

958 1641 961 1648 Δ
1056 1614 1246 1690 Philosophus
1258 1632 1352 1670 causas
1365 1633 1461 1672 rerum
1473 1614 1608 1670 discernit
1620 1631 1736 1688 opacas;

1093 1703 1214 1761 Effectus
1228 1723 1345 1779 operum
1359 1705 1498 1782 practicus
1510 1705 1672 1780 exsequitur
1681 1705 1703 1756 ⁸.

1057 1853 1101 1911 sit
1114 1854 1166 1912 tihi
1178 1855 1334 1930 praecipuus
1345 1853 1433 1912 divini
1446 1853 1539 1910 cultus
1548 1853 1680 1921 honoris,
1845 1921 1850 1932 ι

1093 1945 1191 2021 Teque
1204 1945 1290 2002 timor
1304 1962 1413 2020 semper
1425 1944 1527 2000 subdat
1539 1961 1673 2018 amorque
1687 1939 1756 1998 Deo.

1057 2036 1147 2092 Nemo
1158 2033 1255 2091 Deum'
1263 2046 1371 2091 metuet
1383 2035 1425 2091 vel
1436 2035 1541 2092 amabit
1553 2035 1625 2090 sicut
1637 2043 1767 2107 oportet,

1092 2126 1122 2182 Si
1135 2145 1191 2182 non
1203 2136 1351 2200 agnoscat,
1366 2126 1439 2181 sicut
1449 2136 1561 2200 oportet
1572 2143 1655 2193 eum,
1743 2125 1830 2198 [ipse‚

1056 2216 1148 2287 Quam
1157 2217 1251 2289 justus
1260 2218 1297 2272 sit
1307 2217 1373 2272 hic⁷
1386 2227 1470 2291 atque
1479 2227 1588 2290 potens,
1601 2235 1685 2292 quarn
1697 2218 1733 2271 sit
1742 2216 1836 2272 muns

1092 2307 1238 2379 Quantum
1251 2325 1302 2364 nus
1314 2308 1427 2373 toleret,
1438 2325 1522 2381 quam
1535 2325 1617 2380 grave
1627 2308 1775 2380 percutiat.

1057 2394 1122 2466 Quo
1135 2395 1236 2452 melior
1246 2398 1355 2452 cunctis
1364 2397 1441 2452 Deus
1451 2406 1506 2467 est,
1519 2394 1581 2470 plus
1593 2396 1678 2453 debet
1689 2399 1794 2464 amari;

1091 2486 1127 2542 Et
1140 2486 1240 2543 melior
1254 2497 1317 2560 post
1326 2488 1403 2544 huuc
1416 2487 1515 2542 ordine
1527 2487 1648 2561 quisque
1658 2503 1722 2557 auo,

1057 2576 1122 2647 Quo
1135 2576 1236 2632 melior
1245 2577 1364 2652 quisque
1373 2586 1428 2644 est,
1440 2576 1546 2649 majore
1555 2587 1598 2632 est
1607 2575 1710 2650 dignus
1719 2594 1813 2634 amore
1820 2601 1828 2645 ;

1091 2667 1188 2743 thue
1200 2667 1259 2722 Deo
1273 2666 1359 2723 suerit
1369 2667 1470 2733 carior,
1484 2675 1513 2722 et
1524 2665 1577 2721 tibi
1589 2666 1637 2722 sit.

1056 2757 1134 2828 Quos
1145 2757 1250 2812 etenim
1263 2755 1316 2811 nisi
1330 2766 1446 2829 propter
1457 2773 1523 2812 eum
1534 2754 1667 2812 debemus
1679 2759 1795 2812 amare?
1824 2759 1827 2764 “

1091 2848 1169 2904 Finis
1180 2847 1228 2902 hic
1239 2847 1268 2902 iu
1282 2847 1391 2902 cunctis
1403 2864 1463 2920 quae
1475 2845 1542 2901 facis
1555 2863 1628 2901 unus
1638 2848 1703 2902 erit.

1055 2936 1119 2992 Non
1132 2947 1194 3004 tua,
1209 2935 1258 2992 sed
1270 2935 1384 3022 meioi
1397 2945 1538 3009 queratur
1553 2934 1642 3008 gloria
1653 2954 1704 3009 per
1717 2948 1753 2992 te.

1090 3028 1150 3085 Non
1163 3025 1294 3096 tibi,‘aed
1305 3027 1414 3082 cunctis
1425 3025 1541 3094 vixeris,
1555 3027 1643 3082 immo
1655 3026 1725 3082 Deo.

1054 3185 1229 3240 Detrimenta
1242 3194 1296 3241 tue
1310 3202 1403 3240 caveas
1416 3184 1607 3260 superomnia
1621 3185 1713 3254 samar,

1090 3275 1132 3330 Ut
1143 3273 1239 3330 multis
1251 3275 1339 3349 possis
1351 3285 1381 3331 et
1393 3274 1444 3330 tibi
1457 3274 1602 3348 proficere.

1054 3364 1123 3435 Quae
1134 3375 1333 3438 precesserunt
1345 3375 1452 3438 coguut
1464 3383 1534 3419 nova
1547 3365 1666 3421 crimina
1678 3367 1772 3432 credi;

1089 3455 1125 3510 Et
1136 3455 1215 3528 prior
1226 3455 1256 3510 in
1271 3465 1371 3510 testem
1385 3455 1440 3510 vita
1452 3455 1593 3529 sequentis
1604 3456 1669 3512 erit.

1054 3543 1189 3600 Scandala
1199 3561 1283 3617 quam
1295 3545 1382 3617 possis
1392 3544 1541 3600 hominum
1553 3546 1640 3601 vitare
1649 3546 1755 3603 labora.

1089 3633 1129 3688 Ut
1143 3642 1236 3688 tamen
1246 3633 1257 3664 ⁸
1268 3634 1396 3688 incurras
1408 3632 1535 3690 scandala
1547 3633 1623 3690 nulla
1635 3635 1695 3691 Dei.

1053 3722 1175 3777 Insames
1187 3721 1278 3795 fugiat
1291 3731 1339 3776 tua
1351 3723 1524 3778 conversatio
1536 3740 1656 3798 semper,

1088 3811 1124 3866 Et
1137 3809 1212 3866 socio
1225 3809 1317 3884 gaude
1328 3821 1356 3866 te
1369 3810 1486 3868 meliore
1498 3810 1564 3868 frui.

1053 3899 1103 3955 Est
1114 3898 1214 3954 melius
1227 3899 1334 3955 socium
1346 3919 1431 3974 quam
1441 3911 1592 3974 cognatum
1602 3919 1661 3958 esse
1674 3903 1828 3973 bonorum;

1087 3989 1162 4045 Hinc
1173 3989 1279 4045 etenim
1293 3990 1381 4044 virtus
1393 3991 1514 4058 eminet,
1527 3989 1594 4046 inde
1605 4008 1702 4064 genus.

1052 4078 1096 4134 Ne
1107 4088 1215 4135 tentare
1227 4079 1335 4145 Deum,
1350 4078 1409 4149 fili,
1423 4081 1630 4154 praesumpseris
1644 4098 1767 4155 unquam
1784 4107 1789 4136 ε

1013 4171 1016 4178 ’
1089 4168 1186 4225 Nitere
1197 4169 1273 4243 quo⁸
1289 4169 1376 4242 possis
1387 4179 1416 4224 et
1427 4170 1560 4225 merearis
1572 4187 1666 4244 opem.

1052 4257 1168 4314 Summa
1178 4257 1230 4314 Dei
1239 4257 1350 4314 bonitas
1363 4257 1515 4334 disponens
1525 4259 1618 4314 omnia
1631 4270 1705 4315 recte
1711 4301 1719 4329 ,

1088 4348 1157 4419 Quas
1171 4348 1258 4419 bona,
1273 4367 1334 4424 que
1345 4347 1416 4406 mala
1426 4358 1509 4421 sunt,
1520 4349 1634 4405 ordinat
1646 4351 1705 4423 ipse
1718 4348 1799 4406 benc.

1054 4439 1127 4494 Hinc
1140 4457 1192 4495 nec
1205 4441 1234 4495 in
1249 4439 1370 4496 adversis
1377 4440 1455 4513 justo
1468 4438 1564 4495 solatia
1576 4437 1695 4510 desunt,

1086 4528 1129 4585 Ut
1140 4530 1211 4586 mala
1224 4531 1280 4587 sint
1291 4531 1374 4588 etiam
1389 4549 1477 4607 quum
1492 4531 1561 4586 sciat
1576 4547 1635 4587 esse
1647 4525 1764 4589 bonum.

1050 4623 1066 4677 J
1069 4639 1129 4677 ussa
1144 4623 1287 4695 potestatis
1299 4635 1416 4678 terrene
1427 4622 1601 4678 discutienda
1613 4647 1619 4676 ι

1086 4711 1214 4768 Caelestis
1227 4714 1279 4769 tibi
1292 4731 1356 4769 mox
1368 4713 1536 4787 perficienda
1547 4715 1625 4768 scias.

1050 4803 1080 4859 Si
1092 4803 1157 4878 quis
1166 4803 1267 4860 divinis
1274 4803 1373 4876 jubeat
1384 4804 1523 4860 contraria
1532 4804 1632 4876 jussis,

1049 5017 1077 5061 ut
1095 5007 1215 5076 auspicor.
1228 5033 1260 5046 -
1274 5008 1285 5037 ⁸
1300 5007 1437 5072 Exeuntem
1452 5007 1515 5061 God.
1534 5005 1610 5060 Burn.
1631 5033 1665 5048 -
1691 5008 1737 5060 'ia
1753 4956 1826 5076 cruris

214 5099 229 5128 ⁸
248 5099 352 5152 Doctu-
362 5095 425 5149 God.
437 5094 536 5147 Cotton.
548 5116 581 5136 -
593 5093 604 5120 ⁴
615 5094 670 5146 ciat
680 5093 743 5146 uod.
756 5091 909 5146 Cottum-⁸
919 5093 1011 5146 ruere
1049 5093 1113 5147 Gud.
1137 5093 1203 5145 Gott.
1212 5121 1244 5134 -
1254 5091 1264 5122 ⁸
1276 5095 1308 5150 Ut
1328 5105 1386 5148 mac
1403 5093 1468 5148 eru.
1486 5093 1550 5148 Gott.
1565 5119 1596 5134 -·
1608 5091 1619 5122 '
1632 5095 1702 5158 Orod
1714 5095 1752 5149 rel
1765 5100 1825 5160 quid

1049 5177 1112 5234 eod.
1128 5179 1193 5232 eote
