4522 6104
727 582 959 655 EXPOSl'llO
984 583 1028 657 ΙΝ
1053 583 1347 658 HEXAMERON.
1756 584 1822 656 671

249 717 452 815 peraddita,
470 719 616 795 formari
632 722 778 821 proprie
797 721 939 793 dicitur.
961 722 1134 813 Isidorus,
1156 723 1327 818 Etynwl„
1347 721 1410 793 lib.
1434 726 1494 809 XI,
1513 745 1592 819 cap.
1613 747 1626 792 1
1649 749 1657 792 :
1681 726 1829 796 «Homo

247 837 364 912 dicttts
380 856 452 930 est,
470 843 554 938 quia
570 866 612 914 ex
632 841 746 913 burno
773 856 827 912 est
853 841 988 931 factus,
1015 844 1106 914 sicut
1133 856 1169 914 et
1196 843 1233 914 in
1263 842 1393 915 Genesi
1418 840 1548 914 dicitur
1566 867 1574 914 :
1595 868 1613 910 a
1630 844 1672 912 Et
1697 845 1830 916 creavit

250 989 269 1028 a
282 966 378 1034 Deus
394 963 581 1036 hominem
595 961 744 1062 delimo
761 975 874 1034 terrae.
891 990 910 1029 n
935 961 1089 1035 abusive
1109 977 1230 1035 tamen
1243 963 1506 1062 pronuntiatur
1521 987 1563 1033 ex
1580 978 1731 1060 utraque
1747 964 1830 1036 sub·

246 1082 375 1153 stantia
397 1096 492 1154 totus
512 1081 647 1170 bomo,
664 1080 703 1153 id
720 1095 773 1152 est
792 1104 834 1152 ex
850 1081 1019 1152 societate
1035 1082 1162 1154 animae
1178 1096 1214 1154 et
1230 1083 1416 1180 corporis,
1439 1104 1524 1152 nam
1548 1081 1693 1179 proprie
1715 1081 1828 1154 homo

247 1199 293 1270 ab
307 1197 435 1272 humo.
447 1229 465 1268 u
486 1207 573 1272 ltem
589 1229 598 1272 ε
614 1201 783 1300 «Duplex
799 1215 852 1273 est
863 1215 984 1274 autem
999 1201 1126 1292 homo,
1140 1203 1289 1274 interior
1305 1217 1341 1274 et
1351 1203 1504 1274 exterior
1517 1230 1525 1273 :
1538 1203 1687 1274 interior
1699 1200 1826 1292 bomo,

247 1321 384 1409 anima;
398 1321 551 1393 exterior
562 1319 689 1410 homo,
702 1343 875 1434 corpusp
890 1320 991 1393 Idem
1005 1347 1013 1391 :
1029 1321 1184 1393 «Anima
1200 1321 1357 1392 hominis
1373 1345 1449 1392 non
1467 1319 1658 1410 est'hom0,
1676 1321 1739 1392 scd
1752 1345 1831 1393 cor·

245 1461 313 1534 pus
324 1439 424 1536 quod
440 1465 482 1512 ex
493 1441 607 1513 humo
619 1441 756 1518 factum
772 1455 843 1533 est,
855 1441 892 1513 id
903 1455 1044 1514 tantum
1056 1455 1110 1514 est
1119 1441 1271 1514 homo.»
1289 1441 1396 1532 Beda,
1408 1467 1520 1539 supra
1533 1445 1695 1514 Genesim
1703 1443 1766 1514 lib.
1783 1447 1825 1515 lt.

246 1557 289 1627 Et
316 1560 458 1630 vocavit
482 1561 631 1633 nomina
654 1585 780 1633 eorum
803 1561 917 1633 Adam
943 1562 980 1632 in
1003 1560 1064 1634 die
1086 1585 1159 1659 quo
1185 1562 1295 1634 creati
1318 1577 1413 1634 sunt.
1438 1561 1552 1633 Adam
1577 1562 1830 1660 interpretatur

244 1673 371 1765 homo,
383 1692 423 1749 ut
431 1679 573 1777 utrique
588 1681 686 1752 sextri
700 1680 814 1778 possit
830 1681 958 1777 aptari.
969 1679 1073 1752 Unde
1089 1693 1185 1752 recte
1198 1679 1347 1753 diciturr
1359 1681 1531 1752 «Vocavit
1542 1681 1689 1754 nomina
1702 1706 1829 1754 eorum

245 1793 375 1885 Adam,
396 1823 414 1862 n
435 1797 473 1868 id
488 1811 542 1869 est
557 1796 683 1870 homo.
707 1799 805 1871 Sicut
825 1796 938 1870 bomo
954 1797 1064 1872 latine
1082 1797 1130 1871 ab
1142 1797 1274 1888 humn,
1294 1799 1343 1871 ita
1368 1798 1465 1897 apud
1481 1798 1649 1870 Hebraeos
1670 1799 1782 1872 Adam
1809 1825 1829 1872 a

243 1928 337 1988 terra
354 1917 574 1989 nominatur.
596 1917 700 1990 Unde
722 1931 758 1990 et
782 1932 945 1990 terrenus
968 1919 1043 1990 sive
1065 1932 1161 1991 terra
1186 1917 1294 1991 rubra
1318 1933 1437 2017 potest
1461 1920 1698 2017 interpretari.
1720 1925 1828 1992 Porro

242 2035 339 2132 apud
368 2039 510 2108 Graecos
537 2037 650 2109 homo
678 2037 785 2110 aliam
809 2037 920 2111 habet
946 2039 1214 2136 etymologiam.
1234 2043 1392 2112 Vocatur
1418 2039 1514 2111 enim
1539 2049 1694 2140 ἄνθρωπος
1715 2040 1760 2110 ab
1784 2065 1828 2112 eo

241 2153 342 2249 quod
370 2178 526 2254 superna
554 2157 708 2254 spectari
737 2156 847 2230 etad
877 2156 1034 2229 coelestia
1063 2157 1270 2230 contuenda
1302 2157 1433 2230 debeat
1461 2159 1591 2229 mentis
1622 2158 1746 2230 oculos
1775 2175 1829 2232 at·

170 2261 206 2339 0.
242 2269 416 2344 tollere.»

293 2392 515 2489 «inspiravit
538 2393 756 2490 spiraculum
776 2394 869 2464 vitae.
888 2421 906 2460 n
924 2393 965 2465 ld
990 2409 1042 2465 cst
1065 2394 1168 2490 quasi
1191 2417 1256 2491 per
1279 2419 1416 2466 senon
1442 2394 1488 2465 de
1512 2394 1632 2491 aliquo
1656 2395 1828 2466 materiali

241 2511 441 2608 primordio
457 2511 559 2584 dedit
574 2514 732 2585 animam
747 2515 892 2612 corpori
904 2513 979 2610 jam
996 2513 1169 2602 formato,
1187 2530 1228 2585 ut
1244 2515 1321 2611 ipsa
1347 2513 1513 2586 videlicet
1539 2515 1658 2586 anima
1683 2539 1725 2585 ex
1750 2515 1828 2585 solo

241 2633 318 2702 Deo
335 2645 508 2729 tanquam
524 2633 703 2730 principio
725 2657 801 2703 non
823 2657 865 2703 ex
883 2632 953 2703 alia
970 2631 1195 2730 primordiali
1217 2654 1325 2703 causa
1346 2657 1422 2703 esse
1444 2633 1605 2705 heberet.
1628 2663 1645 2701 n
1660 2636 1827 2731 Spiracu·

240 2749 316 2822 lum
333 2753 413 2823 vitae
430 2779 448 2818 n
467 2751 554 2823 dicit
569 2750 616 2824 ad
632 2751 872 2825 differentiam
889 2751 994 2823 ssatus
1010 2752 1126 2840 venti,
1143 2751 1207 2848 qui
1225 2764 1261 2821 et
1278 2750 1496 2849 spiraculum
1513 2751 1657 2841 dicitur,
1673 2752 1737 2823 sed
1750 2777 1825 2824 non

240 2871 437 2962 vivificans,
454 2873 546 2944 sicut
557 2887 593 2944 et
603 2872 724 2944 anima
741 2873 1005 2969 nonnunquam
1018 2871 1123 2944 flatus
1136 2870 1280 2960 dicitur,
1290 2871 1391 2967 juxta
1403 2871 1492 2942 illud
1504 2873 1617 2943 lsaiae¹
1635 2901 1644 2942 :
1662 2873 1826 2944 «Flatum

239 3015 388 3063 omnem
403 3015 470 3088 ego
488 2992 566 3064 ieci.
586 3019 604 3058 n
629 2992 720 3062 Hinc
742 3015 888 3089 quoque
905 2992 1024 3063 anima
1040 3005 1137 3064 recte
1158 2990 1258 3063 flatui
1278 2991 1352 3062 sive
1376 2991 1554 3088 spiraculo
1580 2974 1822 3089 eomparatur,

170 3165 172 3170 -
239 3111 324 3208 quia
340 3113 492 3184 maxime
508 3135 555 3184 an
572 3112 609 3183 in
627 3135 781 3210 corpore
797 3113 843 3184 sit
859 3112 1074 3210 exspirando
1086 3112 1143 3185 vel
1152 3110 1276 3185 flando
1288 3125 1450 3210 apparet,
1464 3131 1577 3211 quum
1593 3113 1670 3185 sine
1683 3114 1739 3186 his
1752 3116 1825 3188 vita

240 3253 314 3301 non
336 3231 449 3329 possit
467 3231 506 3302 in
527 3229 739 3303 animalibus
755 3233 973 3304 conservari.

291 3331 364 3420 «ln
381 3348 508 3422 faciem
524 3349 612 3446 ejus.
630 3377 648 3416 u
665 3350 908 3448 spiraculum,
927 3352 1093 3446 inquam,
1108 3350 1145 3421 in
1164 3350 1291 3422 faciem
1307 3350 1403 3445 ejus,
1421 3348 1493 3422 boc
1512 3365 1579 3438 est,
1597 3350 1754 3422 hominis
1769 3353 1824 3423 fa-

238 3483 358 3557 ctum,
381 3482 422 3539 ut
441 3469 608 3542 videlieet
630 3472 750 3543 anima
776 3469 835 3542 illa
859 3469 938 3542 sola
961 3493 1037 3541 non
1065 3483 1276 3557 caeterorum
1300 3469 1536 3541 animantium
1562 3471 1728 3541 notitiam
1750 3471 1824 3542 sive

238 3589 424 3662 scientiam
440 3615 504 3688 per
518 3592 694 3664 rationem
711 3590 873 3666 haberet.
887 3592 1008 3664 Facies
1021 3591 1155 3689 quippe
1167 3615 1239 3689 qua
1254 3591 1499 3688 unusquisque
1518 3591 1747 3686 cognoscitur
1762 3616 1825 3662 no·

238 3707 352 3780 titiam
370 3708 557 3804 significat.

289 3857 306 3896 α
324 3831 368 3898 Et
384 3827 496 3900 lactus
514 3843 579 3899 est.
598 3855 616 3896 n
633 3826 675 3898 td
688 3840 759 3914 est,
777 3829 826 3898 ita
843 3839 1113 3899 consummatus
1130 3841 1184 3899 est
1198 3825 1325 3898 homo.

288 3977 305 4013 a
321 3951 361 4018 ln
379 3946 537 4019 animam
554 3948 747 4017 viventem.
766 3973 783 4012 n
801 3945 926 4050 Idtest,
943 3968 1008 4043 per
1024 3944 1133 4017 talem
1150 3947 1401 4043 animamque
1417 3967 1558 4044 semper
1574 3949 1691 4034 vivat,
1710 3973 1822 4043 quum

237 4065 417 4139 desectum
433 4089 508 4135 non
525 4063 669 4136 lrabeat.

286 4183 524 4256 «Paradisum
535 4184 772 4282 voluptatis.»
791 4181 913 4273 idest,
931 4182 1079 4256 hortum
1095 4181 1360 4272 delectabilem,
1380 4197 1420 4254 ut
1438 4207 1512 4254 non
1529 4181 1760 4254 solummodo
1779 4212 1820 4258 ex

236 4306 408 4402 dignitate
423 4306 614 4377 creationis
629 4328 702 4377 suae
721 4319 899 4403 quantum
915 4308 993 4378 Deo
1010 4303 1140 4378 debeat
1152 4305 1264 4376 homo
1282 4303 1500 4393 attenderet,
1516 4329 1641 4376 verum
1658 4305 1766 4376 etiam
1778 4331 1819 4376 ex

237 4427 441 4500 amoenitate
458 4441 494 4498 et
510 4424 784 4498 delectabilitate
800 4426 870 4499 loci
887 4425 989 4499 electi
1006 4451 1048 4499 ex
1064 4427 1231 4498 universo
1249 4425 1387 4498 mundo
1399 4425 1436 4496 in
1449 4450 1521 4524 quo
1533 4438 1587 4496 est
1600 4425 1750 4522 positus.
1767 4427 1820 4496 De

236 4572 309 4645 quo
326 4548 473 4646 quidem
490 4547 573 4620 loco
589 4548 764 4646 scriptum
778 4564 855 4638 est,
878 4547 980 4646 quod
1000 4547 1166 4620 nonnulli
1183 4547 1332 4637 volunt,
1351 4547 1450 4645 quod
1471 4547 1508 4618 in
1532 4545 1695 4618 orientali
1718 4561 1819 4644 parte

236 4666 335 4739 orbis
360 4682 538 4740 terrarum
561 4669 606 4739 sit
628 4669 729 4740 loeus
751 4667 930 4766 paradisi,
949 4668 1112 4766 quamvis
1135 4667 1342 4764 longissimo
1367 4666 1597 4764 interjacente
1618 4665 1735 4765 spatio
1761 4664 1819 4735 vel

236 4787 370 4859 Oceani
394 4787 451 4860 vel
473 4800 649 4860 terrarum
668 4812 689 4861 a
711 4789 849 4860 eunctis
874 4787 1080 4886 regionibus
1101 4811 1192 4887 quas
1215 4811 1313 4859 nunc
1336 4785 1536 4858 humanum
1559 4809 1670 4882 genus
1693 4783 1818 4856 incolit

235 4920 423 4980 secretum.
444 4908 547 4981 Unde
565 4931 631 4980 nec
647 4932 748 5006 aquae
765 4907 909 5000 diluvii,
929 4933 1008 5008 quae
1023 4922 1136 4982 totam
1152 4909 1267 4982 nostri
1280 4907 1379 4981 orbis
1399 4905 1623 5007 superficiem
1649 4904 1817 4980 altissime

269 5177 279 5206 ¹
296 5177 364 5231 baia
376 5193 431 5248 cap.
446 5195 508 5244 trn,
519 5195 543 5230 r.
561 5171 616 5232 tt.'
