4536 6102
649 641 860 714 Ertsrott
886 639 945 712 tu
969 641 1110 713 nitunt
1135 641 1421 712 enudaretur.
1749 643 1826 714 623

239 779 355 852 rabile
368 795 441 870 est,
460 805 572 878 quum
588 781 711 853 omnia
729 781 888 853 oraturia
907 795 1024 858 vestra
1046 783 1084 852 in
1101 782 1277 853 memoria
1292 782 1416 856 matris
1432 779 1622 854 domiuieae
1646 781 1824 870 tunderis,

243 901 378 974 nullam
395 903 475 998 ejus
499 901 900 988 commorationem,
918 901 1009 972 siunt
1027 925 1094 974 nec
1106 915 1321 972 caeterorum
1336 916 1566 990 sanctourm,
1587 899 1639 974 ibi
1661 901 1827 999 frequen·

242 1022 337 1093 tatis.
356 1023 628 1094 Processienum
643 1021 720 1092 lere
734 1035 850 1092 totam
863 1022 1135 1092 venerationem
1152 1020 1292 1094 evehis
1306 1020 1516 1092 exclusistis.
1531 1049 1549 1089 n
1564 1020 1742 1093 Alleluia»
1761 1047 1828 1094 nec

243 1140 279 1210 in
296 1141 578 1237 Septuagesima,
595 1139 783 1210 communi
797 1135 962 1211 Ecclesiae
979 1162 1082 1210 mere
1098 1139 1348 1228 intermittitis3
1363 1139 1426 1211 sed
1441 1163 1557 1236 usque
1573 1139 1610 1208 in
1622 1139 1830 1236 Quadrage

243 1259 370 1329 simum
385 1258 557 1329 retinetis.
576 1255 811 1354 Symbolum,
830 1255 935 1354 quod
955 1256 1095 1330 dicitur
1124 1257 1394 1355 apostolorum,
1425 1257 1526 1354 quod
1550 1271 1624 1328 tam
1650 1281 1671 1328 a
1692 1256 1830 1330 eletos

229 1401 352 1474 ¹‹pnnn
367 1399 390 1448 a
404 1376 595 1449 monachis
610 1377 648 1448 in
665 1377 783 1462 Prin-
793 1377 931 1474 pariter
947 1397 988 1448 ac
1008 1376 1253 1475 Ccmpletorio
1276 1399 1321 1448 ex
1343 1378 1496 1474 antiquo
1525 1376 1790 1474 trequentetrn,
1809 1403 1830 1449 a

243 1511 361 1568 vestre
385 1511 567 1568 remotum
582 1510 636 1567 est
653 1495 934 1585 cousuetudine,
951 1496 1017 1594 qui
1033 1509 1158 1568 tamen
1177 1495 1384 1594 symbolum
1403 1495 1585 1594 Athanasii
1605 1493 1733 1568 diebus
1747 1511 1832 1568 tan-¹

244 1629 321 1686 turn
334 1613 525 1686 dominicis
538 1614 690 1685 recitare
707 1612 928 1686 decrevistis.
950 1613 1142 1686 «Gloria»
1166 1636 1249 1686 enm
1274 1615 1510 1714 responsoriis
1534 1613 1736 1710 rigdiarnm
1757 1629 1833 1686 tan·

245 1750 322 1805 tum
340 1735 537 1808 decantatis
553 1733 680 1808 diebus
702 1733 891 1806 dominicae
916 1735 1106 1835 sepulturae
1126 1738 1339 1834 :antiquam
1364 1734 1663 1808 consuetudinem
1690 1737 1832 1834 penitus

244 1853 450 1928 abstulistis.
475 1856 543 1927 Ubi
560 1871 596 1928 et
611 1855 857 1943 invitatorium
882 1871 918 1928 et
940 1856 1117 1953 hymnum
1142 1880 1227 1928 curn
1254 1856 1368 1928 tribus
1393 1871 1535 1929 tantum
1550 1855 1776 1944 ¹lectionibus
1797 1873 1833 1927 et

244 1974 495 2070 responsoriis,
512 1999 596 2046 curn
616 1973 783 2063 «Gloria,
803 2000 821 2040 n
835 1989 963 2047 contra
978 1998 1126 2046 omnem
1141 1973 1305 2046 Ecclesiae
1321 1999 1478 2063 morem,
1493 1988 1546 2064 et,
1565 1988 1605 2045 ut
1621 1973 1764 2062 dicitur,
1778 1999 1834 2045 ra·

245 2094 383 2165 tionem
398 2119 463 2167 vos
478 2093 599 2166 dicere
619 2095 832 2167 instituistis
851 2100 973 2182 Quum
994 2095 1091 2166 enim
1112 2093 1184 2166 hoc
1200 2094 1361 2166 triduum
1376 2108 1549 2193 tanquam
1572 2095 1746 2192 exsequiae
1765 2094 1833 2166 do·

245 2214 384 2286 minicae
396 2213 433 2284 in
445 2213 543 2285 luctu
560 2228 763 2312 peragatur,
782 2229 888 2311 atque
905 2214 990 2285 hinc
1006 2214 1113 2310 vulgo
1129 2213 1262 2284 horum
1278 2213 1420 2285 dierum
1437 2214 1562 2310 vigiliae
1581 2230 1835 2312 nuncupentur

244 2333 418 2424 tenebrae,
437 2333 537 2432 quod
554 2335 733 2406 exstinctis
749 2334 799 2406 ibi
815 2333 1053 2408 luminaribus
1069 2358 1204 2405 moeror
1216 2332 1275 2404 hic
1298 2335 1535 2432 exprimatur3
1553 2357 1629 2406 non
1646 2332 1836 2404 mediocri·

245 2468 299 2523 ter
320 2453 525 2524 mirandum
549 2453 692 2526 videtur
711 2452 768 2526 vel
793 2453 1059 2541 invitatorium,
1079 2451 1137 2524 vel
1152 2450 1351 2549 hymnum,
1370 2450 1427 2522 vel
1446 2479 1463 2519 n
1479 2450 1621 2540 Gloria,
1637 2431 1659 2517 ¹n
1680 2475 1759 2547 quae
1775 2475 1838 2548 pc·

246 2573 315 2645 tius
332 2572 451 2670 gaudii
469 2599 575 2646 voces
592 2588 697 2663 sunt,
716 2573 767 2646 ibi
788 2573 984 2646 decantari.
1008 2577 1098 2660 Quae
1121 2573 1244 2644 omnia
1270 2596 1384 2668 quum
1409 2572 1579 2643 omnibus
1603 2572 1641 2642 in
1667 2594 1835 2667 magnam

247 2693 523 2766 admirationem
539 2694 702 2782 veniant,
722 2717 786 2764 cur
801 2692 877 2763 haec
893 2692 1027 2763 scilicet
1042 2705 1161 2762 vestra
1178 2690 1318 2762 novitas
1334 2690 1444 2762 totius
1461 2689 1615 2761 eeclesiae
1635 2691 1714 2760 usui
1739 2690 1836 2786 apud

247 2834 312 2882 vos
335 2808 554 2906 praeseratur,
582 2835 649 2881 nec
670 2824 790 2881 tamen
807 2809 853 2881 ah
870 2809 1232 2880 institutionevestra
1253 2806 1336 2878 ideo
1362 2805 1546 2894 receditis,
1574 2831 1642 2878 nec
1663 2806 1751 2903 quid
1777 2804 1838 2875 alii

248 2942 472 3000 murmurent
487 2930 618 3002 curatis
633 2957 641 3000 :
659 2930 741 3025 quia
760 2929 798 3000 id
814 2927 1074 3000 rationabiliter
1094 2953 1161 2998 vos
1184 2926 1299 2997 facere
1321 2925 1523 3015 confiditiS,
1543 2951 1634 3022 quos
1660 2927 1835 2997 institutio

248 3047 376 3144 regulae
392 3072 528 3120 novum
544 3073 636 3146 opus
652 3047 697 3120 de
715 3049 826 3119 veteri
844 3047 960 3120 lacere
976 3045 1181 3145 compellit,
1199 3047 1291 3117 sicut
1307 3044 1353 3117 de
1378 3047 1571 3143 semetipso
1598 3046 1837 3142 Hieronymus

248 3169 423 3243 meminit.
451 3173 531 3238 Non
557 3166 654 3240 enim
679 3192 813 3239 vocum
838 3168 1032 3256 novitates,
1051 3165 1115 3238 sed
1135 3164 1307 3264 profanas
1329 3179 1471 3237 tantum
1487 3179 1523 3236 et
1538 3162 1625 3235 fidei
1639 3164 1838 3236 contrarias

248 3287 438 3386 Apostolus
458 3287 651 3360 interdicit.
671 3287 837 3385 Alioquin
866 3311 1000 3359 novam
1023 3285 1139 3382 legem
1164 3287 1276 3358 veteri
1300 3310 1375 3357 non
1401 3284 1669 3383 praeferremus,
1695 3300 1731 3356 et
1755 3301 1838 3382 post
1896 3289 1900 3298 '

248 3408 440 3480 canonicas
457 3408 651 3505 scripturas
667 3407 785 3480 multa·
795 3405 879 3479 fidei
894 3406 1006 3478 verba
1027 3407 1229 3478 necessario
1254 3406 1419 3495 inventa,
1438 3405 1688 3476 haereticorum
1711 3427 1835 3491 more,

248 3549 509 3624 respueremus.
536 3523 591 3595 Ad
623 3524 883 3597 confutandam
914 3525 1049 3623 quippe
1084 3547 1218 3596 novam
1251 3522 1414 3595 haeresim
1447 3507 1586 3594 novum
1620 3521 1838 3594 vocabulum

250 3649 408 3736 ὁμοούσιον
424 3657 606 3740 repertum
618 3643 684 3714 fuit
698 3671 707 3714 ε
723 3667 790 3716 nec
805 3643 877 3715 hoc
888 3667 1023 3715 nomen
1040 3643 1250 3714 «Trinitas»
1271 3656 1307 3713 et
1325 3671 1343 3709 n
1354 3664 1539 3739 personas
1556 3641 1739 3712 canonicis
1756 3641 1839 3712 scri·

251 3763 364 3858 pturis
380 3762 553 3833 insertum
570 3775 637 3832 est.
654 3761 818 3858 Denique
834 3762 871 3833 in
890 3759 1021 3832 divinis
1038 3759 1165 3832 officiis
1186 3761 1265 3857 quis
1281 3749 1423 3856 ig'noret
1441 3760 1599 3831 diversas
1620 3774 1656 3831 et
1679 3760 1840 3831 innume·

250 3907 307 3954 ras
323 3881 488 3954 Ecclesiae
502 3881 781 3954 consuetudines
797 3881 890 3952 inter
907 3881 1004 3978 ipsos
1022 3880 1131 3950 etiam
1147 3879 1319 3951 clericos?
1339 3856 1532 3975 Antiquam
1558 3894 1654 3951 certe
1671 3883 1840 3950 Romanae

250 3999 344 4072 sedis
365 3999 663 4073 consuetudinem
680 4024 747 4071 nec
762 4000 842 4097 ipsa
856 3999 980 4071 civitas
998 4011 1114 4087 tenet,
1133 3995 1198 4069 sed
1213 3997 1292 4068 sola
1306 3995 1462 4069 Ecclesia
1479 3997 1739 4085 Lateranensi's,
1761 4023 1840 4094 quae

252 4134 366 4192 mater
382 4134 435 4190 est
451 4119 632 4210 omnium,
651 4118 840 4216 antiquum
856 4132 955 4191 tenet
970 4117 1150 4207 officium,
1170 4115 1269 4188 nulla
1284 4115 1437 4186 filiarum
1454 4138 1600 4186 suarum
1616 4115 1654 4184 in
1672 4113 1743 4186 hoc
1759 4139 1839 4187 eam

252 4255 444 4339 sequente,
465 4264 532 4312 nec
557 4240 634 4337 ipsa
649 4240 757 4311 etiam
774 4240 927 4312 Romani
945 4237 1067 4336 palatii
1081 4236 1241 4309 basilica.
1258 4233 1534 4307 Mediolanensis
1548 4233 1767 4332 ,metropolis
1789 4235 1840 4305 ita

253 4361 289 4432 in
307 4359 437 4432 talibus
453 4359 499 4433 ab
515 4359 684 4431 omnibus
699 4358 869 4448 dissidet,
894 4375 934 4431 ut
959 4358 1058 4430 nulla
1083 4358 1193 4430 etiam
1217 4356 1523 4452 suffraganearum
1546 4377 1692 4425 suarum
1717 4355 1841 4426 matris

253 4479 514 4550 institutionem
530 4478 701 4551 imitetur.
720 4478 777 4550 Sic
802 4493 838 4549 et
858 4477 1104 4573 Lugdunensis
1125 4475 1241 4575 prima
1264 4474 1367 4546 sedes
1390 4472 1586 4546 Galliarum
1608 4473 1685 4545 sola
1709 4473 1747 4544 in
1773 4461 1839 4544 suo

254 4598 408 4695 persistit
417 4597 550 4671 officio.
565 4603 609 4669 Et
621 4621 733 4694 quum
749 4611 848 4669 tanta
865 4598 902 4666 in
919 4597 994 4668 istis
1011 4595 1103 4667 sacta
1119 4595 1164 4666 sit
1177 4594 1347 4684 varietas,
1365 4590 1543 4691 quidquid
1555 4615 1626 4663 una
1638 4606 1721 4689 post
1734 4591 1840 4663 aliam

256 4719 395 4790 noviter
410 4719 579 4808 instituit,
594 4717 689 4790 nulla
706 4716 937 4816 reprehensio
954 4716 1123 4789 novitatis
1137 4715 1280 4804 incidit,
1296 4716 1380 4813 quia
1397 4713 1495 4788 nulla
1508 4713 1592 4786 lidei
1608 4714 1841 4785 contrarietas

256 4836 333 4910 suit.
355 4836 573 4910 Nonnullam
598 4837 695 4909 enim
711 4834 991 4908 oblectationem
1007 4834 1082 4906 haec
1100 4834 1214 4906 divini
1229 4833 1344 4906 cultus
1361 4835 1512 4907 varietas
1528 4834 1658 4924 habet;
1676 4834 1782 4931 quia,
1803 4847 1841 4903 ut

254 4954 386 5027 Tullius
403 4956 603 5045 meminit¹‚
622 4954 789 5027 identitas
805 4955 843 5025 in
867 4953 1037 5026 omnibus
1056 4969 1170 5028 mater
1186 4968 1240 5026 est
1264 4953 1446 5026 satietatis.
1465 4953 1536 5040 Qui
1563 4977 1649 5050 ergo
1676 4953 1842 5024 omnium

290 5224 298 5250 ⁴
317 5243 329 5270 ι
341 5223 457 5278 Omnibus
467 5223 491 5278 in
502 5222 574 5278 rebus
584 5224 716 5276 similitudo
727 5233 766 5276 est
773 5224 891 5276 satietatis
899 5233 986 5276 mater.
997 5242 1008 5270 ι
1021 5221 1138 5286 (lavent,
1184 5221 1238 5280 tr.)
