4590 6106
465 579 511 650 36
894 581 1020 652 PETRl
1045 577 1280 652 ABAEttttut
1307 577 1362 650 Er
1386 577 1611 650 HELOlSSAE

463 723 581 796 adhuc
599 723 724 796 laboro
745 723 922 821 periculo,
943 737 979 795 et
997 721 1158 820 quotidie
1175 723 1275 819 quasi
1293 722 1423 794 cervici
1438 745 1526 796 meae
1543 720 1701 818 gladium
1719 721 1966 794 imminentem
1982 745 2041 794 su·

464 843 593 940 spicio,
618 857 657 915 ut
678 843 768 915 inter
792 841 915 939 epulas
939 843 997 914 vix
1021 843 1212 940 respirem,
1240 843 1330 913 sicut
1354 839 1400 914 de
1422 839 1484 913 illo
1500 841 1647 938 legitur¹
1665 841 1727 938 qui
1748 863 1861 936 quum
1878 840 2040 937 Dionysii

464 962 604 1059 tyranni
626 961 838 1060 potentiam¹
855 975 961 1058 atque
979 985 1066 1060 opes
1090 961 1307 1057 conquisitas
1331 961 1491 1032 maximae
1510 963 1700 1058 imputaret
1717 959 1958 1050 beatitudine,
1979 959 2041 1037 lilo

464 1080 612 1152 latenter
624 1104 822 1178 appensum
839 1104 996 1177 superse
1010 1079 1167 1176 gladium
1180 1080 1384 1178 aspiciens‘,
1405 1104 1484 1177 quae
1498 1093 1674 1152 terrenam
1687 1079 1884 1178 potentiam
1898 1079 2043 1156 felicitas

462 1215 701 1298 consequatur
712 1200 863 1272 edoctus
880 1213 945 1272 est.
962 1199 1073 1286 Quod
1089 1222 1185 1276 nunc
1199 1225 1344 1296 quoque
1358 1201 1432 1298 ipse
1448 1200 1496 1271 de
1511 1221 1670 1298 paupere
1683 1197 1861 1272 monacho
1880 1199 1918 1272 in
1935 1198 2042 1272 abba-

464 1335 535 1390 tem
549 1334 750 1417 promotus,
766 1319 1176 1417 incessanter⁸experior,
1188 1333 1286 1392 tanto
1300 1318 1432 1390 scilicet
1442 1318 1604 1390 miserior
1616 1332 1751 1415 quanto
1765 1317 1874 1392 ditior
1883 1317 2040 1410 effectum

464 1453 503 1510 nt
520 1453 650 1510 nostro
663 1437 769 1510 etiem
792 1436 974 1535 exemplo,
1000 1459 1126 1510 eorum
1148 1438 1211 1534 qui
1236 1437 1274 1510 id
1296 1453 1424 1536 sponte
1449 1452 1637 1536 appetunt,
1661 1437 1808 1510 ambitio
1830 1436 2038 1510 refrenetur.

465 1563 564 1649 Haec,
588 1557 812 1630 dilectissime
830 1557 936 1630 frater
957 1559 994 1628 in
1017 1557 1175 1646 Christo,
1196 1572 1292 1630 etex
1310 1557 1447 1630 diutina
1470 1557 1757 1630 conversatione‘
1776 1555 2045 1630 familiarissime

465 1703 603 1768 eomes,
622 1678 668 1750 de
693 1677 931 1752 calamitatum
956 1701 1115 1748 mearum
1134 1676 1297 1767 historia,
1325 1678 1361 1747 in
1389 1675 1518 1773 quibus
1539 1675 1640 1773 quasi
1663 1700 1685 1746 a
1710 1672 2044 1770 cunabulisijugiter

465 1798 608 1888 laboro,
630 1812 697 1870 tuae
714 1821 774 1869 me
795 1796 1008 1870 desolationi
1027 1811 1132 1893 atque
1150 1796 1286 1892 injuriae
1309 1796 1412 1867 illatae
1432 1794 1611 1894 scripsisse
1634 1793 1802 1884 sufficiam
1819 1807 1874 1882 ut,
1895 1793 1984 1871 sicut
2006 1793 2042 1868 in

467 1915 613 1990 exordio
632 1917 798 2014 prelatus
808 1939 888 1986 sum
906 1915 1079 2014 epistolae,
1100 1916 1368 2013 oppressionem
1388 1918 1504 1988 tuam⁷
1522 1916 1558 1987 in
1577 1915 1846 2012 comparatione
1862 1938 2040 2006 meanun,

466 2052 527 2110 aut
544 2035 707 2126 nullam⁸,
729 2050 790 2108 aut
807 2035 1005 2106 modicam⁹
1022 2059 1098 2108 esse
1113 2033 1268 2130 judices3
1288 2049 1324 2106 et
1340 2049 1445 2106 tanto
1454 2037 1561 2108 eam¹⁰
1573 2034 1763 2132 patientius
1780 2033 1888 2123 ieras,
1907 2049 2043 2132 quanto

466 2158 667 2229 minorem-¹¹
687 2153 908 2243 consideras,
929 2153 1015 2226 illud
1036 2179 1176 2251 semper
1193 2155 1230 2226 in
1243 2153 1526 2226 consolationem
1542 2177 1742 2242 assumens,
1759 2151 1858 2249 quod
1876 2151 2045 2230 membris

465 2277 537 2348 suis
551 2276 596 2348 de
613 2275 789 2348 membris·
799 2271 934 2346 diaboli
947 2273 1343 2372 Dominuspraedixit':
1362 2303 1380 2342 u
1397 2274 1434 2346 Si
1452 2297 1510 2346 me
1523 2273 1699 2372 persecuti
1715 2287 1817 2363 sunt,
1834 2287 1872 2346 et
1886 2298 1949 2348 vos
1966 2297 2045 2371 per-

467 2409 678 2492 sequentur„
695 2395 731 2466 Si
750 2393 906 2478 mundus
919 2416 984 2464 vos
1002 2391 1095 2483 odit,
1112 2393 1236 2464 scitote
1254 2392 1426 2488 quoniam
1439 2416 1497 2464 me
1510 2391 1667 2488 priorem
1685 2389 1787 2465 vobis
1803 2390 1889 2464 odio
1906 2390 2040 2465 hebuit.

468 2515 504 2584 Si
528 2513 574 2584 de
599 2510 737 2584 mundo
759 2510 929 2600 liussetis,
949 2510 1116 2584 mundus·
1134 2509 1234 2608 quod
1255 2535 1361 2583 suum
1383 2524 1458 2581 erat
1482 2507 1654 2606 diligeret.
1678 2537 1695 2576 u
1715 2513 1760 2582 Et
1783 2537 1792 2580 :
1815 2513 2001 2602 «Omnes,
2025 2543 2043 2580 a

467 2635 583 2731 inquit
596 2633 849 2732 apostolus¹⁸,«
866 2633 929 2730 qui
947 2631 1073 2704 volunt
1088 2632 1147 2730 pie
1161 2631 1279 2702 vivere
1297 2630 1334 2702 in
1353 2629 1518 2720 Christo,
1529 2631 1815 2728 persecutionem
1829 2633 2044 2731 patientur.»

470 2758 513 2826 Et
530 2753 663 2826 alibi¹⁸z
687 2783 705 2821 a
728 2752 832 2826 Haud
856 2776 976 2850 quaero
997 2750 1206 2826 hominibus
1230 2750 1382 2849 plaeere.
1411 2750 1449 2821 Si
1472 2749 1593 2822 adhuc
1616 2749 1821 2824 hominihus
1846 2751 2043 2848 placerem,

470 2875 598 2947 Christi
611 2900 733 2948 semus
751 2899 825 2948 non
844 2897 970 2946 essem.
988 2901 1005 2940 a
1017 2877 1062 2944 Et
1073 2873 1256 2972 psalmista
1264 2877 1304 2944 ¹¹:
1324 2901 1341 2940 u
1358 2871 1506 2945 Confitsi
1518 2885 1622 2962 suut,
1641 2901 1659 2940 r
1674 2873 1805 2970 inquit,
1824 2903 1842 2942 u
1858 2873 1921 2970 qui
1931 2874 2047 2946 homi-

467 2993 572 3066 nibus
589 2993 748 3092 placent,
769 2994 941 3091 quoniam
958 2997 1055 3065 Deus
1074 2993 1207 3091 sprevit
1223 3016 1298 3064 eos.
1320 3020 1337 3060 »
1358 2989 1472 3080 Quod
1489 2989 1676 3088 diligenter
1694 2990 1819 3064 beatru
1836 2991 2049 3066 attendens¹‘

469 3117 724 3210 Hieronymus,
746 3115 849 3210 eujus
865 3137 924 3186 me
941 3113 1118 3213 praecipue
1136 3113 1172 3184 in
1191 3111 1417 3186 contumeliis
1433 3110 1695 3184 detractionum
1713 3111 1891 3185 heredem
1906 3117 2048 3212 conspi-

470 3237 543 3324 cio,
560 3234 607 3305 ad
620 3234 859 3331 Nepotianum
877 3232 1034 3305 scribens
1048 3233 1125 3304 eit¹⁷
1142 3259 1149 3304 :
1169 3235 1246 3303 «Si
1260 3231 1389 3318 adium,
1405 3232 1521 3329 iuquit
1538 3231 1955 3331 supereminentium
1969 3233 2048 3330 ptu-

471 3379 606 3442 cerem,
630 3353 763 3424 Christi
778 3377 898 3432 servm
915 3377 987 3424 non
1004 3363 1125 3424 esrem.
1151 3351 1264 3424 Desiit
1279 3350 1420 3450 placere
1438 3350 1661 3442 hominibus,
1677 3365 1713 3423 et
1729 3375 1852 3426 servus
1868 3350 1980 3424 factm
1996 3367 2049 3424 est

471 3469 811 3544 chrimatdem-ad
825 3470 976 3546 Asellam
989 3470 1035 3542 de
1049 3468 1139 3544 fictis
1151 3471 1299 3542 amicis²⁸
1315 3498 1322 3541 :
1342 3499 1360 3539 α
1376 3471 1515 3544 Gratias
1527 3494 1595 3568 ago
1608 3475 1686 3543 Deo
1699 3495 1796 3563 meo,
1807 3471 1908 3569 quod
1922 3471 2050 3570 dignus

470 3595 536 3664 sim
548 3616 656 3690 quem
671 3588 827 3665 mundus
841 3588 969 3662 oderit.
983 3618 1000 3656 r
1016 3594 1060 3660 Et
1073 3589 1119 3662 ad
1133 3589 1367 3662 Heliodorum
1379 3589 1624 3664 monachum¹'
1639 3616 1647 3662 ε
1662 3595 1810 3682 «Erras,
1826 3590 1944 3682 irater,
1952 3615 2049 3664 erras

470 3715 499 3784 si
524 3728 628 3811 putas
652 3735 811 3808 unquam
832 3709 1065 3784 christianum
1087 3713 1371 3810 persecutionem
1391 3735 1466 3784 non
1484 3712 1570 3812 pati.
1591 3709 1825 3784 Adversarius
1838 3729 1957 3786 nmmr
1970 3730 2048 3786 mut

470 3857 575 3929 quam
592 3832 645 3902 leo
662 3833 804 3930 rugt'ens'
824 3829 992 3903 devorare
1005 3857 1167 3928 quaerens
1181 3833 1307 3903 circuit
1316 3834 1349 3922 ¹⁰,
1365 3844 1402 3904 et
1414 3845 1453 3902 tu
1466 3853 1592 3929 moero
1605 3830 1730 3929 putas?
1742 3831 1850 3904 Sedet
1862 3833 1900 3902 in
1913 3831 2042 3922 insidiit‘

470 3977 553 4024 oum
574 3949 754 4022 divitibtu.
777 3978 794 4016 a
815 3951 877 4022 llis
894 3951 1013 4048 itaque
1036 3949 1261 4022 documentis
1279 3965 1385 4047 atque
1400 3949 1571 4049 euemplis
1592 3951 1757 4041 animati,
1776 3965 1875 4023 tento
1893 3939 2047 4038 securiul

470 4069 536 4142 ista
559 4069 768 4158 toleremus,
795 4081 931 4165 quanto
960 4069 1164 4164 injuriosius
1189 4069 1368 4141 accidunt.
1392 4073 1479 4158 Quae
1503 4069 1533 4140 si
1558 4093 1632 4140 non
1660 4069 1707 4142 ad
1736 4072 1900 4142 morimur
1925 4064 2051 4162 nobis]

470 4189 595 4262 saltem
617 4188 664 4264 ad
686 4190 934 4288 purgationem
958 4190 1114 4288 aliquam
1138 4187 1313 4288 proficere
1334 4213 1415 4260 non·
1433 4188 1648 4262 dubitemus.
1675 4195 1720 4261 Et
1739 4190 1911 4287 quoniam
1928 4191 2052 4282 omnid

470 4311 588 4382 divina
608 4308 863 4408 dispositione¹¹
882 4325 1065 4406 geruntur,
1087 4311 1124 4380 in
1141 4307 1213 4380 hoc
1237 4333 1275 4380 se
1297 4307 1421 4382 saltem
1439 4309 1590 4407 quisque
1608 4309 1767 4384 fidelium
1786 4312 1823 4382 in
1836 4312 1936 4383 omni
1954 4311 2050 4410 presi

470 4598 483 4624 ι
496 4593 540 4646 pu·
553 4579 577 4630 le
589 4577 689 4630 conduit
699 4578 757 4630 d‘uo
769 4579 846 4630 baron
858 4577 890 4630 da
900 4577 924 4630 la
935 4588 1010 4630 terre.
1022 4595 1035 4623 ι
1048 4575 1116 4627 Dum.
1129 4575 1243 4628 serato
1274 4587 1357 4628 neuter
1371 4575 1442 4630 tute.
1453 4603 1485 4614 -
1494 4576 1505 4605 ⁸
1515 4575 1613 4630 metro
1625 4581 1765 4630 mmor
1779 4575 1851 4628 ttttS.
1863 4575 1916 4616 -'
1931 4577 1994 4629 ἳνα.
2012 4571 2051 4640 rol

470 4672 549 4712 autem
564 4672 589 4711 at
603 4661 708 4712 Niceros
721 4665 841 4714 conductu
854 4674 925 4714 terroe
937 4669 1034 4712 vertunt
1043 4673 1091 4724 par
1105 4676 1137 4712 un
1155 4664 1243 4724 tuom,
1275 4661 1389 4711 adversos
1407 4657 1480 4710 ltus.
1491 4657 1543 4696 -⁸
1558 4659 1644 4712 Nullus
1656 4659 1769 4710 alts-
1782 4656 1793 4685 ⁰
1804 4661 1914 4710 Iudices
1931 4657 2002 4710 ltus.
2016 4653 2050 4702 -l

470 4743 532 4794 male
546 4754 572 4794 ut
585 4745 681 4811 opinor,
692 4745 799 4810 quamvis
813 4761 878 4797 nunc
889 4746 963 4796 etiam
975 4745 1037 4795 inter
1050 4744 1133 4796 Sancti
1143 4743 1243 4796 Gildasii
1275 4742 1298 4770 ⁴⁰
1308 4743 1360 4794 Eat
1369 4741 1502 4794 ltus-¹¹
1514 4745 1728 4809 lesmorensem
1738 4755 1831 4807 reputes
1840 4743 1911 4796 uttS.
1918 4771 1939 4780 -
1947 4742 1969 4770 ¹²
1978 4734 2053 4808 loacl

470 4826 688 4878 ruderasecretum
703 4827 790 4878 callem
801 4829 878 4879 latere
891 4827 982 4889 lerunt,
995 4843 1040 4894 per
1051 4843 1123 4895 quam
1135 4827 1245 4879 Ahaelar-
1275 4841 1378 4892 capas.
1388 4842 1411 4874 v.
1424 4827 1594 4894 tiletum—⁴¹
1604 4827 1705 4879 Timoth.
1716 4843 1848 4894 cap.m,v.
1861 4815 2055 4890 tte-“Gemi

470 4911 515 4962 dus
534 4909 645 4976 effugisse
658 4909 769 4962 traditur.
782 4911 820 4962 Gi.
835 4912 965 4974 Remmat,
975 4911 993 4965 l.
1005 4928 1047 4976 c.‚¹
1058 4921 1076 4962 t.
1089 4911 1115 4973 l,
1130 4928 1158 4979 p.
1172 4914 1245 4962 tut·
1276 4927 1332 4978 cap.
1345 4927 1368 4972 r,
1381 4927 1405 4962 r.
1423 4911 1524 4962 stt-¹·
1534 4911 1622 4964 Psalm.
1636 4927 1681 4974 au,
1693 4927 1717 4963 r.
1730 4909 1818 4964 c.-¹·
1831 4911 1965 4964 cosmoe
1978 4905 2056 4972 sust

470 4998 691 5058 suspiciosam
697 4995 890 5057 scartolillS.-·
900 4995 903 5004 '
912 4997 967 5060 leot
975 4995 1060 5048 u.-ct.
1072 4997 1143 5048 tusc.
1152 4997 1241 5058 orme.
1274 4991 1329 5031 -fl
1341 4993 1420 5059 Epist.
1431 5010 1518 5056 uun,
1530 4995 1592 5058 opp.
1604 5004 1621 5044 t.
1632 4993 1672 5050 tv.
1683 4993 1729 5046 col.
1741 4995 1832 5044 sst.-
1840 4991 1862 5020 ⁴⁸
1870 4995 1947 5060 Epist.
1961 4989 2054 5054 uiui:

468 5078 513 5128 lib.
525 5077 555 5140 v,
565 5093 619 5144 rap.
636 5095 687 5128 xxt-
698 5077 750 5115 -¹
767 5080 914 5132 Potertutem
925 5080 975 5130 tls.
987 5079 1058 5131 tmu.
1068 5079 1121 5120 -⁸
1138 5080 1243 5132 Summo
1278 5076 1338 5140 opp.
1352 5087 1371 5128 t.
1386 5076 1428 5139 tv,
1442 5078 1491 5130 ool.
1503 5079 1546 5130 dl.
1560 5103 1588 5115 —
1598 5077 1621 5106 ¹⁹
1633 5078 1712 5146 Epist.
1724 5095 1748 5139 r,
1762 5079 1824 5141 opp.
1837 5088 1856 5128 t.
1870 5077 1910 5139 tv,
1925 5079 1972 5129 col.
1985 5079 2009 5127 8.
2020 5070 2055 5137 -l

469 5167 597 5228 impetraret
606 5165 721 5228 felicitati
734 5161 804 5216 llllS.
817 5187 849 5200 -
865 5163 875 5189 ⁸
891 5163 1028 5228 Suspicione
1042 5163 1072 5216 l).
1085 5187 1117 5205 -·
1129 5163 1140 5190 ¹
1151 5164 1244 5214 tuaes-
1276 5160 1373 5214 ”Petri
1384 5161 1455 5228 epist.
1468 5177 1490 5228 r,
1499 5177 1556 5230 cap.
1565 5178 1591 5225 r,
1600 5179 1624 5216 r.
1636 5160 1718 5214 8.-·⁸‘
1730 5162 1912 5225 Dispensatoris
1919 5161 1970 5214 us,
1979 5161 2039 5214 aral·
