4590 6110
660 583 720 656 DE
745 583 951 658 DlONYSlO
978 583 1263 694 sutertona
1288 583 1515 657 Erlsrom.
1814 581 1884 654 685

299 723 353 798 bit
374 724 445 798 hoc
466 725 547 798 loco
568 725 701 800 Bedam
722 727 876 800 aliorum
892 729 1104 826 opinionem
1119 729 1239 828 potius
1260 743 1422 800 secutum
1441 753 1535 816 esse,
1554 752 1664 824 quam
1679 750 1781 799 suam
1798 753 1886 798 con-

299 846 452 919 stituisse
474 849 701 920 sententiam.
722 851 820 947 Saepe
846 850 997 938 etenim,
1021 864 1061 921 ut
1087 865 1294 922 sanctorum
1315 850 1543 922 auctoritates
1565 848 1688 921 illaesas
1707 849 1887 920 custodia·
1978 917 1980 924 .

299 991 392 1059 mus,
404 994 446 1042 ea
457 995 536 1067 quae
548 971 710 1043 scribunt
722 970 768 1042 ad
786 971 996 1067 opinionem
1006 971 1158 1043 aliorum
1175 972 1419 1069 potiusquam
1436 969 1483 1042 ad
1499 971 1713 1042 sententiam
1726 971 1887 1068 ipsorum

298 1087 498 1162 referimus.
518 1091 575 1162 Sic
592 1106 627 1172 et
647 1092 684 1161 in
701 1088 774 1162 hoc
796 1089 878 1162 loco
895 1090 1057 1194 dicamus
1074 1091 1206 1163 Bedam
1229 1091 1381 1164 aliorum
1403 1090 1642 1162 introduxisse
1658 1092 1885 1176 sententiam,

297 1211 360 1306 qui
381 1234 422 1281 ex
443 1211 727 1308 aequivocatione
743 1213 900 1284 nominis
921 1210 1080 1311 decepti,
1104 1212 1272 1284 eumdem
1289 1237 1365 1284 esse
1387 1212 1651 1283 aestimaverunt
1675 1213 1886 1308 Dionysium

298 1333 561 1429 areopagitam,
580 1346 616 1403 et
631 1333 845 1430 Dionysium
860 1332 1131 1406 Corinthiorum
1145 1365 1153 1403 :
1165 1334 1299 1431 quippe
1314 1358 1428 1430 quum
1446 1347 1481 1404 et
1496 1332 1642 1404 beatum
1659 1332 1887 1403 Ambrosium

298 1449 390 1523 adeo
407 1450 454 1522 ab
475 1451 645 1524 historica
660 1454 810 1526 veritate
829 1453 990 1551 quodam
1012 1453 1093 1525 loco
1106 1478 1172 1552 per
1184 1453 1504 1550 aequivocationem
1523 1451 1681 1522 nominis
1702 1449 1887 1524 videamus

297 1571 531 1662 exorbitasse,
550 1589 591 1646 ut
605 1575 782 1647 Jacobum
806 1575 952 1648 fratrem
970 1577 1137 1665 loannis,
1160 1600 1269 1673 quem
1290 1575 1424 1672 pariter
1439 1599 1523 1645 cum
1544 1578 1682 1645 Joanne
1699 1573 1805 1645 fratre
1821 1599 1887 1644 suo

296 1709 331 1766 et
347 1699 452 1766 Petro
468 1695 516 1768 ad
536 1695 888 1794 transfigurationem
909 1699 964 1769 sui
986 1723 1149 1769 seorsum
1173 1695 1351 1768 Dominus
1377 1696 1584 1794 assumpsit,
1608 1720 1692 1766 eum
1713 1693 1886 1766 Jacobum

296 1812 402 1886 fuisse
419 1831 571 1906 asserat,
592 1818 654 1914 qui
670 1818 807 1915 primus
818 1817 950 1889 solium
967 1817 1188 1890 sacerdotale
1204 1815 1415 1889 conscendit
1432 1821 1454 1887 ¹.
1475 1815 1583 1902 Quod
1599 1816 1748 1914 quidem
1761 1815 1807 1886 de
1817 1815 1888 1888 alio

295 1936 450 2025 Jacobo,
469 1952 505 2008 et
521 1939 582 2034 qui
606 1938 715 2011 frater
726 1940 872 2010 Domini
890 1952 1118 2037 nuncupatus
1137 1953 1207 2028 est,
1227 1953 1263 2011 et
1274 1939 1412 2038 primus
1425 1940 1462 2008 in
1481 1936 1813 2034 Hierosolymorum
1828 1961 1887 2007 ec-

295 2055 439 2128 clesiam
452 2072 505 2129 est
519 2058 724 2148 ordinatus,
742 2075 885 2132 constat
899 2059 1046 2156 intelligi
1063 2059 1195 2154 debere
1212 2087 1220 2130 ε
1234 2074 1275 2130 ut
1287 2059 1454 2131 videlicet
1466 2058 1525 2130 ille
1539 2060 1675 2156 primus
1692 2059 1763 2131 hoc
1775 2059 1887 2131 modo

295 2176 516 2251 sacerdotale
533 2178 663 2250 solium
679 2178 897 2276 intelligatur
913 2178 1178 2250 conscendisse.
1200 2179 1237 2249 Si
1257 2202 1343 2273 ergo
1359 2192 1481 2249 tantus
1498 2175 1628 2249 doctor
1647 2203 1711 2276 per
1733 2179 1888 2276 aequivo-

294 2297 474 2370 cationem
495 2299 653 2370 nominis
668 2299 814 2388 Jacobi,
835 2324 855 2372 a
868 2300 1018 2371 veritate
1033 2297 1206 2369 historica
1222 2299 1259 2368 in
1277 2298 1500 2397 expositione
1515 2298 1719 2394 evangelica
1737 2302 1887 2397 permis·

294 2441 353 2487 sus
379 2417 424 2488 sit
444 2415 605 2505 deviare;
624 2418 712 2515 quid
735 2418 884 2506 mirum,
914 2418 943 2490 si
966 2417 1099 2488 Bedam
1120 2415 1355 2513 aequivocatio
1378 2440 1525 2514 quoque
1546 2418 1705 2488 nominis
1727 2421 1888 2517 Dionysii

294 2535 352 2606 vel
364 2535 556 2634 plerosque
571 2536 660 2609 alios
679 2538 853 2626 fefellerit,
870 2538 1066 2637 praesertim
1082 2537 1119 2607 in
1137 2535 1196 2607 illa
1211 2514 1363 2608 Actuum
1381 2537 1633 2634 Apostolorum
1650 2540 1886 2636 expositione,

294 2679 403 2752 quam
420 2655 558 2754 abipso
572 2657 667 2728 Beda
684 2673 822 2729 certum
837 2673 890 2730 est
900 2672 1027 2756 postea
1038 2671 1265 2730 retractatam
1279 2658 1378 2728 esse?
1392 2661 1433 2729 In
1446 2658 1547 2754 cujus
1560 2658 1709 2755 quidem
1724 2675 1889 2734 retracta·

294 2774 403 2846 tionis
419 2774 705 2872 praefatiuncula,
729 2791 769 2848 ut
786 2775 943 2849 breviter
956 2776 1067 2848 verba
1083 2777 1158 2872 ejus
1174 2775 1545 2873 comprehendamus,
1561 2778 1608 2848 ita
1629 2802 1775 2851 exorsus
1793 2781 1843 2852 ait
1853 2785 1884 2854 ¹:

297 2922 315 2960 u
334 2894 473 2965 Scimus
486 2895 656 2966 eximium
672 2895 862 2967 doctorem
876 2897 1112 2992 Augustinum
1126 2894 1237 2968 libros
1250 2897 1555 2967 Retractote'onum
1567 2897 1603 2966 in
1617 2897 1781 2994 quaedam
1794 2924 1886 2999 opu·

294 3011 392 3083 scula
405 3037 469 3084 sua
483 3013 606 3085 fecisse
626 3042 634 3085 ε
654 3015 754 3111 cujus
771 3014 986 3088 industriam
998 3014 1105 3087 nobis
1117 3040 1265 3114 quoque
1280 3015 1413 3113 placuit
1426 3016 1575 3107 imitari,
1592 3033 1632 3088 ut
1647 3033 1731 3115 post
1746 3022 1885 3117 exposi-

295 3131 431 3203 tionem
452 3136 605 3206 Actuum
625 3133 894 3233 Apostolorum,
914 3161 1023 3234 quam
1042 3151 1125 3207 ante
1142 3161 1258 3208 annos
1276 3135 1395 3233 plures
1414 3137 1709 3234 conscripsimus,
1733 3164 1831 3210 nunc
1850 3141 1886 3211 in

295 3252 391 3323 idem
413 3254 584 3325 volumen
607 3253 755 3327 brevem
783 3257 1047 3329 retractationis
1071 3255 1234 3328 libellum
1260 3256 1477 3346 condamus,
1508 3256 1629 3329 studio
1652 3260 1806 3332 maxime
1831 3261 1887 3332 vel

294 3374 452 3446 addendi
469 3400 548 3473 quae
564 3377 684 3448 minus
701 3377 810 3468 dicta,
825 3377 880 3450 vel
898 3375 1116 3450 emendandi
1134 3402 1212 3474 quae
1229 3402 1348 3459 secus,
1370 3404 1479 3474 quam
1496 3378 1647 3476 placuit,
1669 3381 1766 3453 dicta
1782 3382 1888 3454 vide-

294 3496 439 3569 bantur.
464 3525 482 3566 »
501 3499 572 3584 Qui
590 3499 698 3570 etiam
720 3500 757 3569 in
774 3499 944 3597 praedicta
968 3500 1191 3596 expositione
1212 3523 1277 3570 sua
1298 3522 1422 3570 versus
1440 3501 1536 3570 Arati
1554 3475 1759 3596 frequenter
1776 3507 1888 3574 intro·

294 3614 411 3705 duxit,
433 3618 534 3712 cujus
551 3619 748 3690 nonnullos
761 3620 929 3691 novimus
942 3643 1100 3706 errores,
1119 3641 1233 3716 quum
1250 3629 1373 3715 a'perte
1388 3642 1472 3689 eum
1489 3621 1728 3715 Hieronymus
1747 3623 1782 3694 in
1799 3647 1887 3719 prae·

295 3734 392 3805 dicto
419 3733 610 3806 illustrium
635 3739 797 3808 virorum
821 3736 915 3808 libro
938 3761 1074 3808 errasse
1097 3737 1272 3826 ostendit,
1301 3737 1348 3808 de
1367 3738 1502 3810 ‘eodem
1528 3739 1587 3810 die
1607 3765 1681 3837 quo
1705 3745 1827 3814 Petrus
1851 3760 1886 3815 et

295 3853 422 3925 Paulus
431 3855 525 3952 passi
541 3870 637 3925 sunt.
646 3859 765 3942 Quem
778 3855 926 3953 quidem
940 3855 1037 3927 diem
1053 3881 1126 3926 non
1145 3855 1247 3928 aliter
1261 3857 1430 3928 eumdem
1444 3873 1518 3928 tam
1532 3863 1658 3931 Aratus
1668 3887 1777 3958 quam
1790 3864 1885 3935 Beda

294 3974 332 4043 in
357 3973 614 4071 martyrologio
642 3975 716 4070 ejus
741 3977 952 4047 auctoritate
983 3975 1093 4048 frctus
1120 3976 1290 4074 accipiat,
1311 3977 1380 4047 nisi
1405 3978 1491 4048 anni
1518 3977 1682 4051 revoluto
1705 3979 1882 4080 tempore,

295 4120 407 4191 quum
424 4096 663 4192 Hieronymus
680 4095 810 4168 eodem
825 4121 972 4195 prorsus
988 4096 1059 4185 die,
1075 4121 1173 4168 anno
1185 4110 1314 4193 quarto
1332 4095 1473 4167 decimo
1491 4098 1642 4168 Neronis
1654 4113 1728 4169 tam
1741 4105 1883 4172 Petrum

294 4238 404 4312 quam
420 4215 570 4286 Paulum
587 4241 711 4312 passos
728 4241 805 4289 esse
822 4218 1044 4315 pronuntiet.
1068 4217 1246 4313 Denique,
1262 4231 1302 4287 ut
1317 4215 1413 4288 hanc
1428 4216 1528 4288 litem
1543 4219 1722 4292 variarum
1740 4236 1883 4292 senten·

294 4337 425 4408 tiarum
437 4337 665 4435 pacatissimo
679 4337 751 4410 fine
765 4340 884 4438 sopire
897 4339 1040 4436 penitus
1055 4338 1256 4441 valeamus,
1277 4337 1378 4410 facile
1396 4338 1571 4429 fortassis,
1593 4340 1622 4412 si
1639 4341 1731 4413 duos
1748 4344 1882 4441 Diony-

294 4461 366 4531 sios
382 4459 654 4532 Corinthiorum
677 4462 867 4560 episcopos
883 4461 1056 4534 exstitisse
1074 4486 1270 4559 ponamus,
1289 4474 1325 4532 et
1344 4459 1476 4533 Bedam
1501 4486 1666 4534 veracem
1687 4465 1884 4561 poterimus

295 4594 436 4668 tenere,
456 4596 491 4650 et
509 4580 599 4652 nihil
616 4606 680 4678 per
698 4581 909 4679 opinionem
926 4583 1087 4680 accipere
1107 4613 1115 4652 ε
1135 4583 1185 4653 ita
1200 4581 1365 4680 quidem,
1387 4597 1428 4653 ut
1443 4607 1537 4654 unus
1555 4607 1597 4654 ex
1613 4585 1794 4680 Dionysiis
1810 4588 1884 4656 Co-

295 4699 511 4772 rinthiorum
529 4702 724 4799 episcopis,
743 4717 779 4772 et
794 4703 985 4800 Dionysius
1004 4704 1215 4800 areopagita
1231 4701 1329 4775 idem
1345 4703 1456 4793 sint³,
1481 4704 1617 4801 dequo
1635 4706 1731 4777 Beda
1746 4707 1881 4794 scriblt,

296 4832 331 4888 et
346 4818 383 4888 in
401 4819 550 4892 diversis
566 4821 791 4920 temporibus
807 4822 904 4895 idem
921 4822 1068 4894 Athenis
1085 4837 1121 4894 et
1137 4822 1313 4895 Corintho
1330 4837 1496 4921 praeesset
1511 4824 1720 4924 episcopus,
1740 4841 1776 4897 et
1791 4840 1887 4924 post·

295 4939 447 5011 modum
472 4965 492 5012 a
519 4958 645 5014 sancto
671 4943 853 5016 Clemente
880 4943 1077 5016 Galliarum
1103 4943 1148 5014 sit
1171 4942 1358 5016 ordinatus
1379 4944 1563 5043 apostolus
1584 4973 1592 5017 ε
1613 4946 1702 5018 alius
1727 4972 1814 5018 vero
1843 4973 1884 5018 ex

333 5203 339 5228 ¹
363 5204 1047 5272 opp,t.11,cot.rtra.-¹0pp.,r.V1,cot.t.-
1063 5207 1206 5260 'Sithmh
