4536 6102
600 597 660 668 DE
684 593 853 668 sthro
879 593 1047 668 tolNNE
1072 595 1281 669 BAPTlS'l'A
1306 596 1467 669 SERMO.
1523 609 1528 616 '
1759 601 1822 670 594

254 743 428 832 minibus,
454 739 614 839 quodam
638 737 874 810 simulationis
898 737 1007 836 pallio
1031 763 1069 810 se
1094 755 1281 828 ornantes,
1309 739 1502 812 multarum
1528 738 1832 812 febriuncularum

253 863 476 935 curationem
497 873 733 958 praesumunt,
757 871 797 926 ut
819 880 932 952 quum
953 856 990 926 in
1012 857 1189 953 aliquibus
1210 883 1427 956 quocunque
1448 883 1534 930 casu
1555 859 1685 930 sanitas
1706 882 1833 940 conse·

252 994 396 1077 quatur,
410 978 482 1049 hoc
495 978 544 1048 eis
560 977 728 1074 imputari
741 975 865 1074 possit.
885 977 1006 1062 Quum
1017 1001 1104 1047 vero
1121 978 1157 1047 in
1176 975 1352 1074 aliquibus
1364 977 1569 1065 defecerint,
1585 977 1734 1050 infrrmae
1751 976 1835 1048 fidei
1950 1017 1956 1041 ι

253 1099 444 1172 hominum
468 1096 683 1184 ascribatur,
712 1096 774 1192 qui
797 1094 895 1191 digni
912 1119 987 1166 non
1011 1095 1151 1168 fuerant
1171 1111 1211 1168 ut
1231 1095 1307 1168 haec
1327 1096 1507 1170 beneficia
1530 1097 1751 1196 susciperent
1774 1112 1835 1168 aut

254 1219 362 1290 etiam
379 1215 555 1288 viderent.
1411 1233 1417 1242 “

303 1335 472 1408 Nonnulli
483 1360 627 1433 quoque
643 1335 689 1405 de
706 1336 853 1406 nomine
870 1335 1051 1431 religionis
1069 1335 1273 1432 gloriantes,
1287 1361 1400 1432 quum
1417 1336 1566 1430 gratiam
1582 1336 1836 1407 miraculorum

253 1453 393 1551 assequi
410 1479 483 1525 non
501 1453 639 1543 valent,
654 1468 695 1524 ut
709 1453 795 1524 hinc
813 1454 966 1524 maxime
982 1453 1105 1549 religio
1125 1455 1287 1552 ipsorum
1303 1453 1578 1552 comprobetur,
1598 1453 1669 1524 hoc
1685 1453 1732 1525 ad
1748 1479 1836 1526 con-
1893 1485 1897 1494 ’

253 1574 468 1646 solationem
479 1597 581 1644 suam
592 1572 718 1644 afferre
735 1572 864 1663 solent,
879 1597 955 1645 non
968 1575 1043 1669 jam
1059 1573 1131 1644 hoc
1148 1589 1323 1670 tempore,
1337 1598 1410 1670 quo
1424 1571 1511 1644 fides
1523 1572 1758 1645 corroborata
1768 1588 1834 1662 est,

253 1691 425 1764 miracula
442 1693 492 1762 sic
508 1717 584 1764 esse
600 1693 798 1764 necessaria
814 1692 1001 1789 quomodo
1018 1691 1204 1790 quondam
1221 1694 1258 1763 in
1277 1693 1458 1790 primitiva
1478 1692 1648 1764 Ecclesia.
1667 1692 1721 1765 ad
1738 1692 1838 1791 quod

252 1813 361 1884 etiam
377 1812 621 1884 testimonium
646 1811 692 1883 de
709 1812 873 1910 apostolo
890 1812 1118 1901 inducentes,
1142 1813 1284 1884 dicunt¹
1306 1841 1313 1884 :
1336 1814 1508 1910 «Lingua
1533 1815 1570 1884 in
1597 1814 1740 1910 signum
1755 1827 1839 1886 sunt

253 1957 328 2004 non
351 1931 533 2022 fidelibus,
552 1931 616 2004 sed
632 1930 854 2022 infidelibus,
870 1933 1198 2032 prophetiaeautem
1216 1958 1291 2005 non
1309 1933 1529 2022 infidelibus,
1549 1932 1612 2005 sed
1629 1933 1835 2005 fidelibus.»

252 2051 352 2121 Sicut
376 2075 461 2146 ergo
485 2050 630 2122 cuilibet
650 2076 781 2146 genera
804 2050 1006 2147 linguarum
1033 2051 1160 2122 collata
1187 2050 1307 2122 subito
1334 2076 1401 2148 pro
1422 2053 1524 2146 signo
1544 2049 1725 2124 habentur
1742 2053 1839 2150 apud

251 2167 432 2258 infideles,
457 2184 597 2239 etcum
618 2168 856 2240 admiratione
873 2194 1003 2265 magna
1023 2168 1070 2240 ab
1092 2170 1142 2240 eis
1164 2171 1266 2267 quasi
1289 2194 1459 2265 magnum
1475 2170 1563 2267 quid
1580 2171 1836 2270 suscipiuntur,

252 2286 364 2357 uthis
382 2300 554 2382 tanquam
570 2285 749 2357 miraculis
767 2287 814 2357 ad
829 2285 939 2357 fidem
956 2302 1193 2358 moveantur:
1213 2287 1262 2357 ita
1279 2302 1315 2358 et
1331 2311 1553 2384 quaecunque
1576 2287 1748 2358 miracula
1763 2287 1841 2359 infi-

253 2404 392 2476 delibus
412 2407 533 2503 potius
553 2428 663 2501 quam
686 2403 850 2477 fidelibus
870 2407 1069 2475 necessaria
1087 2405 1233 2476 dicunt:
1253 2405 1407 2502 ideoque
1424 2404 1496 2476 hoc
1511 2419 1674 2502 ternpore
1690 2406 1759 2495 his,
1779 2411 1841 2504 qui

192 2608 198 2622 Ι
251 2524 348 2594 inter
363 2521 485 2593 fideles
502 2538 773 2613 conversantur,
784 2523 880 2594 hanc
894 2523 1079 2617 signorum
1094 2522 1244 2616 gratiam
1260 2548 1335 2593 non
1349 2547 1426 2594 esse
1440 2525 1689 2610 necessariam,
1705 2550 1777 2621 qua
1791 2525 1841 2599 illi

253 2641 377 2714 fideles
401 2643 600 2715 efficiantur
622 2645 684 2740 qui
705 2645 781 2738 jam
802 2641 925 2714 fideles
946 2657 1042 2712 sunt.
1066 2641 1136 2712 Sed
1157 2643 1320 2738 profecto
1337 2668 1450 2740 quum
1471 2642 1560 2715 fides
1576 2646 1654 2716 sine
1670 2646 1840 2744 operibus

251 2773 398 2834 mo'rtua
415 2763 472 2853 sit,
485 2778 523 2834 et
539 2787 662 2833 servus
675 2762 802 2850 sciens,
814 2775 850 2831 ct
866 2784 940 2830 non
959 2760 1091 2831 faciens
1100 2758 1323 2830 voluntatem
1340 2762 1486 2830 Domini
1497 2762 1552 2831 sui
1566 2762 1687 2833 multis
1695 2764 1840 2860 vapulet

251 2883 386 2980 plagis,
409 2908 485 2954 non
507 2883 625 2953 minus
646 2893 794 2979 propter
817 2905 928 2977 opera
948 2903 1058 2977 quam
1079 2894 1227 2977 propter
1249 2877 1360 2950 fidem
1380 2879 1617 2968 conferenda,
1640 2881 1712 2954 hoc
1732 2885 1840 2956 etiarn

250 3017 418 3101 tempore
434 3003 632 3073 necessaria
647 2999 815 3071 videntur
831 2999 1014 3071 miracula.
1038 2998 1108 3070 Sed
1125 3023 1191 3068 nec
1209 2996 1327 3069 adhuc
1347 2998 1547 3070 infidelium
1565 3015 1639 3072 tarn
1654 3001 1840 3073 baeretico·

249 3143 338 3192 rum
358 3146 467 3219 quam
489 3119 694 3191 ludaeorum
714 3119 787 3190 sive
804 3117 990 3214 gentilium
1005 3116 1112 3188 nobis
1129 3119 1234 3214 copia
1251 3116 1362 3189 deest.
1382 3117 1436 3188 Ad
1456 3144 1612 3215 quorum
1629 3124 1841 3193 conversio-

250 3261 342 3308 nem
358 3235 578 3326 faciendam,
598 3235 655 3308 vel
671 3236 978 3335 oppugnationem
999 3234 1289 3333 reprimendam,
1316 3260 1390 3306 non
1418 3237 1537 3308 minus
1553 3239 1725 3310 miracula
1743 3264 1840 3312 nunc

249 3383 401 3456 quoque
422 3361 513 3446 sicut
534 3358 619 3429 olim
641 3357 839 3428 necessaria
856 3353 1037 3426 videntur.
1062 3353 1132 3425 Sed
1149 3355 1233 3452 quia
1250 3380 1325 3426 non
1342 3371 1425 3428 sunt
1441 3357 1503 3454 qui
1519 3355 1614 3429 hanc
1630 3384 1839 3456 promerue«

249 3479 330 3549 rint
347 3479 514 3573 gratiam,
537 3483 604 3548 nec
621 3489 696 3546 tam
712 3474 758 3545 ad
774 3474 924 3546 salutem
940 3472 1109 3563 aliorum,
1130 3497 1240 3571 quam
1257 3472 1303 3546 ad
1321 3477 1598 3548 ostentationem
1619 3479 1673 3548 sui
1690 3481 1841 3576 quisque

250 3620 338 3668 eam
354 3594 544 3684 desiderat,
558 3596 706 3692 jamque
718 3594 868 3664 omnino
886 3590 975 3663 fides
988 3591 1048 3663 illa
1062 3591 1179 3688 periit,
1193 3590 1239 3662 de
1257 3617 1328 3690 qua
1344 3593 1506 3665 Salvator
1522 3597 1610 3666 ait¹:
1627 3625 1644 3662 a
1657 3597 1693 3668 Si
1704 3596 1839 3670 habue-

249 3717 334 3788 ritis
352 3712 462 3786 fidem
478 3716 568 3785 sicut
584 3738 736 3810 granum
754 3713 904 3809 sinapis,
928 3711 1054 3782 dicetis
1073 3708 1157 3781 huic
1179 3713 1294 3783 monti
1315 3727 1354 3783 ut
1375 3738 1412 3784 se
1433 3715 1638 3804 transferat,
1666 3732 1702 3787 et
1728 3732 1840 3790 trans·
1922 3783 1924 3790 ,

249 3836 360 3925 feret,
376 3863 393 3904 a
421 3849 603 3906 cessantur
623 3834 765 3931 penitus
790 3831 850 3902 illa
875 3829 1130 3901 miraculorum
1153 3828 1344 3919 beneficia,
1379 3858 1457 3928 quaa
1477 3833 1666 3930 praedictus
1692 3861 1837 3932 onager,

248 3957 422 4055 quamvis
442 3955 498 4026 his
523 3953 689 4050 indignus
712 3977 787 4024 non
812 3963 919 4039 esset,
946 3950 1097 4046 respuit,
1123 3964 1159 4020 et
1184 3951 1246 4047 qui
1274 3949 1372 4045 digni
1398 3977 1472 4022 non
1496 3967 1580 4024 sunt
1595 3970 1786 4051 appetunt,
1806 3973 1840 4028 et

246 4075 488 4174 impudenter
507 4071 688 4144 simulant.
707 4072 778 4159 Qui
794 4069 949 4167 denique
964 4069 1160 4140 clamorem
1177 4067 1350 4140 exactoris
1366 4094 1441 4140 non
1460 4069 1620 4160 audiens,
1634 4085 1670 4142 et
1685 4071 1722 4142 in
1740 4098 1840 4144 mon·

246 4194 352 4268 tanis
368 4192 519 4263 virentia
534 4214 683 4288 quaeque
699 4190 921 4286 perquirens,
934 4201 1071 4283 quanto
1088 4185 1164 4256 haec
1180 4183 1332 4282 amplius
1345 4185 1391 4256 ad
1408 4185 1556 4282 gloriam
1572 4211 1674 4259 suam
1688 4191 1837 4286 peregit,

247 4328 363 4386 tanto
382 4310 457 4382 haec
479 4311 590 4407 magis
617 4309 663 4381 ad
687 4309 920 4404 ignominiam
938 4321 1098 4378 nostram
1115 4306 1303 4376 convertit.
1323 4305 1411 4392 Quis
1430 4307 1526 4376 enim
1542 4320 1616 4378 tam
1633 4307 1841 4381 insatiabilis

245 4433 316 4506 vel
334 4434 562 4529 importunus
580 4443 740 4517 exactor,
759 4427 945 4524 quomodo
962 4440 1088 4496 venter
1104 4423 1366 4496 monachorum
1384 4424 1440 4496 vel
1456 4427 1576 4522 potius
1592 4427 1838 4524 epicureorum

245 4577 475 4655 porcorum,
494 4550 540 4622 de
556 4548 718 4649 qualibus
735 4548 880 4646 quidem
897 4545 984 4618 illud
1000 4546 1248 4618 horatianum⁸
1267 4573 1275 4616 :

561 4763 607 4822 lle
620 4777 741 4842 quoque
751 4758 815 4840 jam
828 4755 973 4832 nitidum,
989 4755 1066 4818 bene
1082 4763 1186 4817 curata
1200 4762 1286 4832 cute,
1301 4754 1397 4830 vises,

545 4919 549 4926 .
562 4865 662 4938 Quum
673 4859 772 4924 ridere
786 4861 891 4935 voles,
906 4857 1028 4941 Epicuri
1042 4857 1081 4921 de
1097 4876 1189 4938 grego
1203 4874 1340 4940 porcum.

287 5163 298 5190 ¹
318 5159 429 5212 Corinth.
443 5160 471 5219 l,
482 5172 537 5225 cap.
550 5172 601 5219 nr,
612 5171 636 5207 r.
649 5158 691 5209 ²2.
701 5181 733 5195 -
745 5155 755 5185 ¹
766 5156 837 5220 Luc„
851 5171 906 5222 cap.
919 5171 983 5216 xrn,
994 5169 1019 5207 v.
1029 5159 1054 5206 t.
1065 5180 1096 5192 -
1113 5153 1123 5182 ¹
1138 5155 1216 5217 aput.
1230 5153 1274 5206 lib.
1289 5155 1315 5217 l,
1330 5153 1402 5220 epist.
1415 5167 1448 5216 rr,
1460 5167 1483 5204 r.
1498 5151 1527 5203 1⁵
1537 5161 1561 5205 et
1572 5153 1611 5204 fd.
