4496 6102
429 589 500 660 388
1030 591 1157 664 PETRI
1183 591 1418 664 ABAEtlttut

429 733 519 802 vitae.
536 707 643 817 Quod
662 730 779 802 statim
798 729 1009 822 declaratur,
1032 757 1144 829 quum
1161 757 1205 804 eo
1223 731 1400 832 baptizato
1416 750 1450 806 et
1464 748 1602 824 orante,
1619 732 1698 804 coeli
1714 731 1843 832 aperiri
1862 729 2019 803 reserun-

430 867 499 942 tur,
522 866 557 921 et
573 851 721 948 Spiritus
744 850 962 924 descendere
983 869 1298 926 commemoratur.
1316 857 1516 954 Baptismus
1538 857 1672 955 quippe
1691 855 1800 926 coelos
1817 868 1968 945 reserat,
1984 871 2018 926 et

429 971 697 1068 perseverantie
715 972 861 1066 gratiam
881 973 994 1044 oratio
1014 973 1119 1044 nobis
1136 975 1313 1072 impetrat.
1335 976 1455 1048 Multis
1470 1001 1553 1047 curn
1569 981 1650 1048 lesu
1670 975 1869 1073 baptizatis,
1889 975 2019 1071 pariter

429 1116 535 1162 nemo
556 1106 605 1164 est
629 1107 756 1189 praeter
776 1105 876 1184 eum,
895 1119 1126 1192 superquam
1148 1096 1276 1193 aperiri
1299 1096 1449 1186 coelum,
1471 1097 1527 1171 vel
1545 1098 1695 1197 Spiritus
1712 1095 1930 1168 descendere
1948 1119 2019 1166 me·

429 1224 610 1281 moretur:
629 1213 713 1308 quia
731 1213 936 1310 quicunque
957 1215 993 1284 in
1014 1239 1166 1312 corpore
1190 1215 1281 1309 ejus,
1299 1215 1399 1312 quod
1419 1231 1472 1288 est
1494 1216 1666 1307 Ecclesia,
1684 1240 1759 1286 non
1774 1214 2016 1304 continentur,
2112 1250 2116 1258 ·

429 1345 501 1402 tam
515 1355 535 1402 a
545 1332 655 1427 janua
669 1331 749 1404 coeli
760 1358 870 1430 quam
880 1336 1017 1432 agralia
1029 1335 1094 1405 Dei
1108 1349 1191 1406 sunt
1204 1335 1348 1408 exclusi.
1362 1336 1466 1408 Solus
1477 1339 1610 1436 quippe
1625 1338 1699 1436 ipse
1712 1351 1764 1408 est
1776 1335 1838 1432 qui
1847 1335 1974 1433 aperit,
1986 1350 2021 1407 et

428 1476 535 1522 nemo
549 1452 701 1546 claudit,
719 1480 901 1553 perquem
916 1481 1210 1555 unumquemque
1223 1455 1433 1530 salvandum
1444 1463 1453 1497 ¹
1465 1458 1511 1530 ad
1526 1459 1633 1530 vitam
1645 1456 1781 1556 ingredi
1794 1479 1939 1528 necesse
1954 1473 2016 1528 est.

476 1579 530 1646 De
552 1576 719 1648 columba
741 1592 877 1669 autem,
904 1579 939 1650 in
962 1603 1034 1675 qua
1056 1579 1205 1675 Spiritus
1222 1594 1363 1651 sanctus
1382 1578 1553 1677 figuratus
1571 1578 1783 1668 ostenditur,
1804 1579 1895 1649 sicut
1915 1594 1951 1649 et
1976 1577 2022 1650 de

428 1695 545 1784 stella,
570 1697 756 1768 sciendum
778 1712 847 1788 est,
869 1713 908 1770 ut
927 1723 967 1769 ex
989 1698 1171 1770 elementis
1193 1698 1325 1772 scilicet
1348 1716 1465 1772 creata
1485 1701 1626 1772 noviter
1642 1716 1791 1796 utraque
1811 1697 2017 1770 credatur¹t

427 1841 506 1912 quae
527 1815 647 1888 officio
667 1842 733 1888 suo
754 1817 800 1888 ad
817 1818 917 1914 quod
937 1835 1061 1891 creatae
1081 1834 1164 1890 sunt
1182 1820 1363 1917 completo
1385 1845 1460 1892 esse
1479 1819 1678 1909 desierunt,
1697 1821 1734 1890 in
1755 1819 1929 1890 elementa
1947 1819 2020 1914 ipsa

358 2015 363 2026 ,
428 1934 601 2008 resolutae.
623 1936 773 2034 Spiritus
791 1953 928 2029 autem,
950 1940 1013 2035 qui
1033 1964 1098 2038 per
1116 1940 1344 2037 ¹praesentiam
1366 1939 1560 2013 divinitatis
1580 1939 1713 2036 ubique
1735 1953 1806 2029 est,
1834 1963 1902 2010 neo
1923 1937 2018 2008 loca-

365 2084 373 2113 -·
427 2057 506 2130 liter
522 2051 706 2155 quoquam
725 2055 944 2130 descendere
970 2072 1088 2158 potest
1112 2058 1149 2128 in
1171 2082 1235 2129 sua
1256 2058 1473 2156 incorporali
1491 2059 1686 2132 substantia
1705 2072 1811 2155 atque
1832 2056 2016 2146 invisibili,

428 2177 556 2250 (licitur
579 2187 698 2250 talnen
716 2174 941 2247 descendisse
963 2201 1070 2275 super
1093 2177 1290 2247 Dominum
1313 2178 1349 2248 in
1375 2180 1492 2276 specie
1516 2178 1695 2276 corporali
1715 2178 1806 2250 sicut
1830 2175 2015 2248 columba:

428 2318 471 2365 eo
498 2296 661 2369 videlicet
682 2297 782 2394 quod
805 2297 851 2368 ad
873 2295 1133 2395 plenitudinem
1156 2298 1305 2394 Spiritus
1329 2300 1463 2390 sancti,
1483 2317 1597 2396 quam
1619 2323 1760 2396 semper
1782 2295 1926 2387 habuit,
1959 2297 2019 2369 de·

428 2415 716 2506 monstrandam,
745 2439 827 2487 vera
851 2415 910 2486 illa
933 2413 1100 2486 columba
1117 2414 1199 2487 licet
1215 2417 1355 2488 noviter
1372 2417 1482 2508 laeta,
1508 2443 1615 2517 super
1633 2442 1717 2489 eum
1734 2415 1904 2488 insederit
1921 2417 2020 2513 juxta

426 2530 514 2603 illud
537 2534 825 2635 propheticum³t
849 2535 1033 2632 «Spiritus
1054 2535 1198 2605 Domini
1216 2549 1324 2632 super
1347 2561 1423 2626 me,
1449 2562 1492 2608 eo
1515 2536 1614 2634 quod
1633 2537 1774 2609 unxerit
1791 2561 1871 2608 me:
1893 2535 1939 2607 ad
1957 2561 2021 2610 an-

428 2654 666 2727 nuntiandum
689 2657 880 2728 mansuetis
904 2657 999 2727 misit
1021 2681 1090 2728 me.
1106 2685 1123 2723 »
1146 2655 1266 2728 Unde*
1286 2672 1321 2728 et
1340 2656 1433 2730 bene
1457 2659 1492 2729 in
1515 2657 1723 2754 hujusmodi
1742 2683 1824 2749 ave,
1850 2683 1929 2754 quae
1949 2683 2022 2756 prae

426 2778 558 2848 caeteris
569 2779 607 2850 in
622 2792 760 2849 tantum
777 2776 910 2850 blanda
926 2793 961 2849 et
978 2792 1163 2850 mansueta
1181 2801 1258 2850 esse
1275 2778 1445 2870 creditur,
1463 2794 1502 2850 ut
1523 2779 1714 2850 iracundiae
1732 2778 1811 2851 felle
1830 2803 1950 2852 carere
1969 2779 2022 2850 di·

425 2911 536 2968 catur.
566 2901 708 2985 Quanta
732 2876 1005 2972 mansuetudine
1028 2898 1085 2970 vel
1110 2899 1316 2970 innocentia
1338 2901 1402 2971 iste
1423 2903 1542 2997 Agnus
1565 2900 1648 2990 Dei,
1672 2900 1763 2971 sicut
1786 2898 1832 2971 de
1858 2901 1936 2996 ipso
1955 2904 2020 2972 Ba·

427 3017 530 3114 ptista
550 3033 778 3117 protestatur,
795 3019 1055 3118 praeminuerit,
1072 3019 1237 3090 universa
1250 3017 1326 3114 ejus
1347 3043 1456 3117 opera
1478 3019 1676 3115 loquuntur
1696 3034 1802 3116 atque
1824 3034 2018 3117 praecepta,

425 3163 503 3234 quae
522 3153 655 3211 tantam
675 3140 884 3212 suavitatem
906 3139 1072 3211 redolent
1094 3139 1264 3230 caritatis,
1289 3154 1329 3209 ut
1350 3164 1417 3211 nec
1436 3139 1588 3210 inimicis
1606 3139 1710 3210 liceat
1728 3139 1841 3210 irasci.
1863 3135 1936 3210 Nec
1953 3164 2020 3236 pu·

427 3258 575 3329 tandum
594 3275 645 3332 est
663 3262 710 3332 ita
727 3261 897 3360 Spiritum
917 3273 1079 3332 sanctum
1098 3261 1135 3331 in
1154 3259 1272 3357 specie
1288 3249 1463 3333 columba
1484 3261 1601 3332 visum
1621 3285 1715 3350 esse,
1733 3275 1772 3331 ut
1794 3259 1971 3331 ullatenus
1989 3265 2021 3332 ei

425 3375 727 3474 incorporaretur,
754 3394 816 3450 aut
838 3381 875 3449 in
900 3403 1089 3476 personam
1112 3379 1296 3470 uniretur;
1324 3379 1387 3451 sed
1411 3377 1640 3451 solummodo
1662 3403 1704 3450 ea
1726 3402 1832 3449 usum
1855 3403 1932 3449 esse
1954 3403 2021 3476 pro

426 3501 544 3597 signo,
565 3503 654 3574 sicut
673 3518 709 3574 et
726 3504 854 3600 linguis
871 3503 938 3573 illis
954 3483 1085 3599 igneis,
1107 3502 1236 3598 quibus
1255 3528 1362 3602 super
1379 3503 1561 3601 apostolos
1575 3519 1738 3596 ostensus
1757 3517 1821 3574 est.
1843 3500 1967 3594 Unde,
1987 3519 2021 3574 et

425 3620 549 3692 beatus
581 3625 742 3695 meminit
760 3624 1002 3721 Augustinus⁵,
1030 3647 1216 3720 nunquam
1239 3625 1409 3722 Spiritum
1433 3639 1597 3696 sanctum
1619 3639 1719 3723 patre
1742 3623 1920 3695 minorent
1950 3624 2021 3696 dici

426 3739 593 3837 legimus,
624 3744 820 3816 seeundum
848 3745 1003 3842 aliquem
1031 3747 1202 3817 unionem
1228 3761 1390 3816 naturae:
1415 3771 1528 3843 quum
1556 3761 1676 3818 tamen
1693 3743 1801 3816 Filius
1819 3744 2019 3818 secundum

425 3860 655 3936 humanitatis
672 3865 976 3964 assumptionem,
999 3870 1139 3938 Patrem
1161 3891 1198 3938 se
1219 3866 1393 3961 majorem
1413 3891 1489 3938 esse
1513 3881 1670 3939 testetur.
1687 3863 1863 3937 Columba
1882 3867 2021 3964 itaque⁸

425 4002 533 4079 super
550 3983 745 4055 Dominum
763 3984 956 4075 insidente,
974 4000 1009 4056 et
1024 4009 1108 4056 eum
1126 4009 1147 4054 a
1163 3985 1289 4056 ceteris
1307 3984 1563 4083 distinguente,
1578 4001 1613 4056 et
1627 3999 1797 4083 tanquam
1809 3983 1920 4080 digito
1934 4009 2015 4074 suo,

427 4103 488 4198 qui
513 4102 661 4201 Spiritus
684 4104 901 4200 intelligitur,
926 4119 1025 4203 patre
1047 4104 1164 4203 ipsum
1186 4103 1473 4196 demonstrante,
1498 4129 1568 4177 vox
1590 4103 1745 4203 desuper
1765 4104 1874 4203 patris
1895 4104 2019 4176 audita

426 4238 489 4295 est.
508 4227 594 4310 Quae
608 4223 753 4320 quidem
767 4250 838 4296 vox
856 4227 893 4296 in
913 4249 1065 4323 persona
1086 4225 1196 4296 Patris
1214 4215 1350 4298 in'aere
1372 4226 1462 4297 lacta
1485 4241 1537 4298 est
1552 4226 1626 4297 sive
1645 4249 1711 4324 per
1733 4225 1918 4322 angelum,
1943 4226 2020 4298 sire

427 4368 643 4440 quocunque
663 4344 732 4415 alio
755 4344 867 4416 modo
890 4344 1052 4418 sormata.
1080 4348 1159 4416 Non
1181 4344 1277 4416 enim
1301 4359 1402 4445 pater
1422 4370 1554 4444 corpus
1574 4344 1702 4435 habet,
1726 4359 1787 4416 aut
1811 4345 1929 4443 ipsum
1951 4370 2019 4415 un·

426 4491 538 4566 quarn
552 4467 714 4557 assumit,
732 4480 771 4539 ut
789 4466 1034 4565 corporalibus
1050 4467 1293 4539 instrumentis
1311 4468 1386 4567 ipse
1405 4492 1530 4540 rocem
1548 4467 1701 4538 formare
1719 4467 1842 4566 possit.
1864 4465 2022 4563 Diligen-

428 4600 481 4657 ter
494 4613 580 4660 vero
593 4588 728 4684 dictum
746 4605 814 4681 est,
839 4614 914 4661 non
935 4589 1064 4686 inquo
1085 4587 1234 4686 placuit,
1258 4588 1321 4660 sed
1342 4589 1380 4660 in
1398 4613 1471 4686 quo
1493 4587 1728 4687 complacuit,
1745 4603 1785 4659 ut
1803 4612 1877 4659 non
1899 4586 2021 4690 solum

428 4723 535 4803 caput
547 4709 663 4807 ipsum
676 4708 742 4779 sibi
755 4703 896 4808 placere
910 4711 1081 4799 insinuet,
1103 4707 1166 4780 sed
1179 4733 1262 4780 cum
1280 4710 1357 4808 ipso
1376 4710 1482 4782 etiam
1497 4733 1538 4780 ac
1552 4733 1617 4808 per
1632 4709 1750 4806 ipsum
1766 4706 1929 4780 membra
1942 4708 2022 4803 ejus

429 4841 525 4920 grata
539 4826 606 4897 sibi
618 4828 814 4901 denuntiet.

465 5048 472 5074 ⁴
494 5048 637 5100 sanandum
657 5050 707 5101 tls.
728 5051 797 5102 Eius.
818 5077 851 5088 -
866 5050 876 5078 ⁸
896 5051 946 5104 MS.
968 5053 1037 5105 Eius.
1055 5079 1072 5092 -
1093 5054 1199 5114 Utraque
1240 5076 1268 5089 -
1283 5052 1380 5104 “Ser-m
1392 5067 1485 5113 ccsxrr,
1500 5053 1562 5116 opp.
1575 5061 1592 5101 t
1606 5050 1634 5112 ll,
1646 5050 1694 5101 col.
1708 5051 1780 5102 1079.
1792 5049 1830 5101 ct.
1845 5051 1908 5113 opp.
1920 5060 1937 5099 t.
1950 5049 2021 5108 Vlll,

431 5137 562 5184 credentur
571 5135 617 5186 Ed.
629 5134 701 5186 Amb.
713 5163 744 5174 -
756 5136 766 5164 ⁸
776 5137 846 5189 lsaie
856 5153 910 5203 cap.
923 5154 963 5188 uxr
973 5177 979 5196 .
990 5155 1014 5189 r.
1028 5143 1051 5188 t.
1062 5165 1095 5175 -
1108 5137 1118 5164 ⁸
1133 5139 1200 5188 Unde
1241 5137 1289 5189 col.
1303 5139 1362 5198 661,
1372 5139 1421 5189 690
1436 5149 1461 5188 et
1478 5137 1537 5188 691.
1554 5165 1580 5174 -
1592 5135 1602 5163 ⁶
1613 5134 1663 5186 llS.
1676 5135 1747 5188 Etns.
1758 5163 1773 5175 -
1790 5136 1875 5198 traque
1886 5134 1957 5186 deest
1968 5133 2019 5184 Ed.

430 5219 795 5286 atheneusquecolumbaauper
803 5221 1197 5274 Doma'ratmdesuntinlloddlins.
1241 5222 1304 5276 tmb
