4520 6104
404 679 409 686 ·
476 642 549 716 234
1076 632 1204 704 PETRI
1231 632 1465 705 ABAELARDI

477 783 631 856 excutiat
648 777 707 850 illa
725 777 899 849 ditissima
920 777 1040 874 regina
1061 775 1154 847 Saba
1169 781 1196 865 ¹,
1220 801 1299 873 quae
1320 801 1404 848 cum
1428 800 1557 873 magno
1579 775 1853 850 laboreinfirmi
1871 805 1995 873 serus,
2024 801 2054 858 et

475 904 590 1000 longae
609 901 675 972 viae
692 898 895 996 fatigatione
912 898 1045 998 pariter
1060 911 1167 996 atque
1181 897 1363 996 periculis,
1384 897 1620 996 expensisque
1632 899 1767 982 nimiis,
1789 901 1886 972 venit
1898 926 1919 972 a
1932 901 2057 978 finibus

477 1039 575 1112 terrae
596 1021 807 1120 sapientiam
826 1019 976 1116 experiri
1002 1018 1222 1105 Salomonis,
1247 1033 1283 1090 et
1306 1043 1391 1090 cum
1420 1042 1464 1090 eo
1490 1017 1753 1116 conferrequae
1770 1036 1919 1093 noverat
1940 1021 1988 1095 de
2006 1023 2057 1096 his

474 1141 771 1242 quaelignorabat.
793 1139 903 1236 Cujus
922 1139 1080 1212 studium
1103 1154 1139 1211 et
1156 1128 1317 1210 laborem
1331 1139 1368 1209 in
1384 1153 1524 1210 tautum
1535 1139 1708 1212 Salomon
1728 1140 1957 1238 approbavit,-
1977 1145 2054 1215 utei

473 1287 541 1362 pro
558 1261 847 1334 remuneratione
875 1273 1004 1331 cuncta
1022 1283 1102 1357 quae
1123 1259 1225 1356 petiit
1247 1258 1366 1349 daret,
1398 1259 1650 1358 exceptisque
1669 1259 1746 1357 ipse
1772 1259 1821 1330 illi
1844 1260 1938 1332 ultro
1961 1285 2055 1336 more

474 1382 651 1455 obtulerat
669 1382 780 1478 regio.
804 1379 904 1452 Multi
922 1381 987 1450 viri
1005 1393 1172 1478 potentes
1189 1379 1235 1450 ad
1256 1378 1465 1478 sapientiam
1483 1379 1559 1475 ejus
1579 1378 1796 1452 audiendam
1815 1381 2054 1473 confluebant,

475 1519 509 1576 et
528 1503 630 1575 multi
647 1527 771 1600 regum
788 1515 823 1574 et
841 1501 975 1573 ducum
993 1516 1094 1572 terrae
1111 1499 1313 1571 doctrinam
1335 1500 1413 1596 ejus
1431 1501 1567 1597 magnis
1586 1499 1795 1572 munenibus
1808 1500 2053 1592 honorabant,

474 1639 508 1695 et
527 1648 641 1722 quum
658 1622 705 1694 ab
723 1623 773 1693 eis
791 1621 901 1693 multa
920 1621 1114 1718 susciperet
1130 1619 1305 1710 donaria,
1330 1621 1512 1692 neminem
1533 1644 1659 1692 eorum
1684 1645 1792 1718 super
1813 1621 1876 1692 his'
1894 1647 2057 1694 remune-

475 1767 568 1815 rasse
590 1743 733 1840 legitur,
762 1741 829 1813 nisi
856 1740 1096 1838 supradictam
1124 1738 1305 1812 feminam.
1333 1744 1384 1811 Ex
1412 1765 1487 1838 quo
1508 1755 1672 1839 patenter
1701 1739 1860 1812 exhibuit
1885 1757 2057 1839 quantum

474 1878 603 1934 sanctae
620 1863 759 1934 feminoe
777 1861 935 1934 studium
954 1874 990 1931 et
1011 1859 1179 1933 ardorem
1197 1859 1368 1932 doctrinae
1391 1859 1602 1959 approbavit
1623 1890 1631 1929 z
1655 1875 1692 1932 et
1710 1877 1885 1957 quantum
1902 1865 2057 1936 Domino

473 1982 592 2080 ipsum
612 1996 752 2080 gratum
774 2007 851 2054 esse
875 1981 1062 2052 censuerit.
1093 1985 1210 2068 Quam
1233 1995 1269 2052 et
1283 1981 1516 2080 postmodum
1536 1982 1612 2079 ipse
1632 1981 1809 2052 Dominus
1830 1997 1867 2052 et
1889 1982 2057 2056 Salomon

473 2127 598 2194 verus,
628 2104 741 2172 immo
765 2101 954 2199 plusquam
975 2099 1171 2190 Salomon,
1192 2099 1238 2170 ad
1266 2101 1607 2173 condemnationem
1633 2102 1793 2172 virorum
1821 2100 2057 2176 eruditionem

473 2247 575 2294 suam
593 2223 922 2308 contemnentium,
944 2243 1017 2290 non
1037 2218 1260 2318 praetermisit
1276 2220 1447 2292 inducere
1462 2248 1470 2290 :
1488 2221 1673 2318 «Regina,
1694 2223 1848 2319 »inquit
1860 2225 1889 2311 ²,
1902 2225 2058 2296 aetusui

473 2357 591 2439 surget
616 2343 652 2412 in
677 2339 838 2438 judicio,
857 2354 893 2412 et
910 2337 1168 2410 condemnabit
1189 2340 1455 2435 generationem
1476 2341 1592 2412 istam.
1614 2369 1634 2407 »ι
1652 2345 1693 2411 ln
1711 2365 1782 2438 qua
1807 2343 2056 2438 generatione,

473 2461 682 2550 carissimae,
711 2483 758 2530 ne
787 2482 852 2529 vos
882 2481 1027 2554 quoque
1053 2472 1171 2529 vestra
1194 2457 1413 2531 condemnet
1434 2457 1671 2556 negligentia,
1699 2459 1897 2558 providete.
1922 2466 1963 2533 ln
1984 2489 2059 2560 quo

471 2581 578 2652 etiam
596 2604 670 2678 quo
683 2579 803 2651 minus
816 2575 1033 2648 excusabiles
1046 2577 1143 2662 sitis,
1168 2601 1242 2648 nou
1260 2593 1313 2649 est
1328 2578 1430 2651 vobis
1449 2581 1689 2651 necessarium
1706 2579 1804 2676 longi
1816 2579 2059 2677 fatigationem

473 2699 607 2772 itineris
624 2700 799 2796 arripere,
820 2721 888 2768 nec
904 2695 950 2767 de
970 2697 1107 2792 magnis
1125 2698 1288 2794 expensis
1306 2699 1508 2793 providere.
1527 2700 1766 2794 Magisterium
1779 2699 1917 2772 habetis
1934 2703 1972 2772 in
1987 2727 2062 2775 ma·

474 2834 544 2911 tre,
566 2817 665 2917 quod
682 2817 729 2888 ad
746 2817 870 2887 omnia
885 2813 986 2887 vobis
1004 2813 1186 2904 sufficere,
1208 2829 1282 2886 tam
1300 2815 1347 2886 ad
1367 2815 1571 2914 exemplum
1589 2815 1724 2888 scilieet
1740 2819 1934 2916 virtutum,
1950 2847 2068 2919 quam

473 2939 520 3012 ad
539 2938 741 3011 doctrinam
762 2936 959 3008 litterarum
981 2949 1122 3033 potest:
1140 2959 1218 3030 quae
1237 2957 1312 3006 nou
1331 2934 1449 3007 solum
1471 2934 1609 3026 latinae,
1629 2961 1757 3010 verum
1773 2941 1880 3012 etiam
1899 2955 1972 3013 tam
1987 2942 2060 3015 hae·

471 3058 598 3132 braicae
613 3082 723 3156 quam
740 3081 859 3154 graeoae
881 3080 955 3126 non
974 3079 1100 3154 expers
1118 3053 1341 3144 litteraturae,
1362 3055 1437 3127 sola
1460 3055 1532 3127 hoc
1554 3071 1717 3155 tempore
1744 3057 1841 3130 illam
1857 3063 1968 3133 trium
1994 3063 2061 3134 lin·

471 3205 621 3276 guarum
640 3177 770 3274 edepta
789 3177 951 3275 peritiam
971 3173 1131 3263 videtur,
1151 3199 1243 3270 quae
1265 3174 1311 3246 ab
1329 3175 1497 3248 omnibus
1521 3165 1688 3248 in'beato
1711 3180 1952 3276 Hieronymo,
1976 3198 2062 3255 tan-

472 3323 580 3396 quam
609 3295 794 3393 singularis
819 3295 953 3392 gratia,
979 3291 1212 3391 praedicatur,
1248 3309 1283 3366 et
1313 3294 1358 3366 ab
1385 3295 1464 3394 ipso
1490 3295 1528 3365 in
1555 3295 1767 3394 supradictis
1794 3301 2064 3374 venerabilibus

471 3417 611 3488 feminis
637 3415 789 3487 maxime
818 3411 1105 3484 commendatur.
1127 3411 1252 3484 Tribus
1279 3414 1412 3513 quippe
1440 3414 1569 3512 linguis
1599 3416 1854 3516 principalibus
1880 3421 1955 3493 istis
1982 3423 2061 3495 duo

470 3541 692 3608 Testamenta
704 3531 978 3632 comprehensa,
994 3547 1236 3631 pervenerunt
1247 3533 1294 3605 ad
1305 3551 1465 3608 nostram
1477 3536 1652 3608 notitiam.
1665 3538 1802 3625 Quibus
1810 3540 1918 3612 etiarn
1928 3542 2063 3640 linguis

472 3653 594 3727 titulus
608 3653 797 3726 dominicae
805 3652 924 3724 crucis
936 3651 1133 3748 insignitus,
1149 3651 1314 3726 hebraice
1328 3655 1479 3746 scilicet,
1501 3681 1631 3752 graece,
1648 3673 1684 3730 et
1695 3655 1804 3730 latine
1817 3664 2060 3762 conscriptus,

471 3790 647 3875 patenter,
663 3775 781 3845 innuit
799 3774 856 3844 his
875 3774 1053 3872 prmoipue
1070 3772 1207 3872 linguis.
1220 3773 1442 3848 dominicam
1464 3776 1667 3848 doctrinam
1695 3792 1731 3849 et
1756 3778 1886 3852 Christi
1908 3781 2060 3872 laudes,

471 3897 611 3995 ipsum¹
628 3895 805 3967 Trinitatis
822 3895 1030 3992 mysterium
1055 3895 1092 3965 in
1113 3895 1323 3994 tripertitam
1342 3895 1470 3967 muudi
1488 3895 1735 3988 latitudinem,
1763 3899 1855 3971 sicut
1877 3916 1914 3973 et
1936 3903 2064 4000 ipsum

471 4016 773 4113 cruciswlignum,
802 4016 860 4086 cui
882 4014 1003 4086 titulus
1025 4030 1082 4086 est
1100 4017 1367 4114 superpositus,
1391 4018 1606 4115 tripertitum
1634 4018 1767 4110 fuerat,
1796 4019 1991 4094 indicanda
2028 4040 2069 4096 et

471 4135 740 4210 corroboranda
764 4137 853 4209 sore.
874 4139 1053 4236 Scriptum
1072 4137 1206 4235 quippe
1221 4140 1321 4208 est⁸:
1346 4166 1364 4205 a
1381 4141 1420 4208 ln
1442 4163 1505 4210 ore
1521 4138 1680 4211 duorum
1699 4139 1757 4214 vel
1779 4143 1888 4214 trium
1912 4145 2066 4218 testium

472 4257 578 4331 stabit
597 4282 707 4329 omne
727 4256 889 4328 verbum.
918 4285 935 4324 n
956 4256 1060 4328 Unde
1084 4271 1124 4328 ut
1146 4257 1277 4328 trium*
1301 4256 1504 4354 linguarum
1520 4261 1729 4332 auctoritate
1749 4261 1922 4360 scriptura
1942 4269 2069 4339 sanci-

406 4381 411 4390 '
470 4393 569 4450 retur
583 4401 706 4466 sacra,
728 4392 763 4448 et
780 4377 1024 4474 cujuscunque
1044 4375 1173 4474 linguae
1192 4376 1357 4450 doctrina
1379 4376 1531 4452 duarum
1548 4379 1698 4453 aliarum
1717 4383 1923 4458 testimonio
1948 4386 2069 4459 robo-

471 4512 622 4589 raretur,
641 4496 754 4569 tribus
772 4495 828 4569 his
846 4495 974 4594 linguis
990 4501 1101 4569 Vetus
1117 4495 1222 4568 simul
1241 4512 1276 4568 et
1296 4501 1436 4570 Novum
1456 4503 1718 4572 Testamentum
1733 4500 1853 4574 divina
1865 4505 2069 4600 providen-

470 4619 518 4688 tia
545 4616 852 4714 comprehendere
883 4617 1051 4690 decrevit.
1086 4623 1207 4716 lpsum
1235 4618 1343 4690 etiarn
1371 4623 1514 4691 Novum
1539 4624 1826 4712 Testamentum,
1853 4624 1955 4721 quod
1981 4640 2069 4699 tarn

470 4737 641 4836 dignitate
657 4761 767 4835 quam
783 4738 935 4810 utilitate
953 4737 1073 4810 Veteri
1089 4739 1345 4836 supereminet,
1365 4739 1478 4812 tribus
1497 4741 1571 4812 istis
1587 4741 1718 4839 linguis
1740 4744 1858 4842 primo
1880 4747 2069 4846 seriptum

472 4856 576 4931 luisse
595 4873 733 4930 constat
748 4911 757 4948 ,
775 4873 947 4955 tauquam
964 4857 1002 4929 id
1019 4859 1142 4931 titulus
1149 4860 1251 4967 cruci
1266 4862 1511 4959 superpositus
1523 4861 1682 4934 futurum
1692 4865 1931 4962 presignaret.
1949 4870 2071 4954 Quae-

504 5169 511 5196 ¹
525 5167 562 5222 lli
572 5169 644 5233 fleg„
655 5181 710 5235 cap.
721 5185 753 5232 x,
765 5185 789 5220 r.
803 5175 814 5217 1
825 5169 946 5235 etsqess
953 5169 1027 5229 Per„
1037 5169 1142 5238 capfirs,
1152 5185 1178 5221 r.
1194 5176 1204 5222 1
1218 5180 1243 5222 et
1251 5172 1340 5239 sq.-¹
1350 5173 1446 5237 trum,
1459 5190 1515 5240 cap.
1525 5191 1574 5236 sn,
1586 5191 1610 5227 r.
1621 5175 1709 5228 52.-⁸
1718 5175 1845 5240 [puraque
1856 5177 1978 5230 Trinitatis
1987 5177 2072 5234 Cod.

469 5255 689 5320 Viet.-⁰l{atth.,
697 5271 754 5323 cap.
762 5271 865 5320 xrru,r.
879 5256 970 5308 16.-“
983 5257 1012 5308 ta
1021 5269 1044 5308 et
1055 5261 1126 5310 triam
1135 5256 1197 5311 God.
1206 5256 1269 5311 vm.
