4520 6104
880 623 1117 698 EPISTOLAE.
1723 629 1795 704 207

208 763 471 840 nesciatutmm
483 766 520 837 in
532 763 819 837 maledictionem
832 767 1067 864 potiusquam
1074 766 1362 840 benedictionem
1378 767 1539 840 inducas.
1561 769 1724 866 Denique
1737 772 1799 868 qui

208 885 396 984 Scripturas
405 909 483 956 non
497 883 630 956 habent
640 884 924 981 intelligentiam,
943 884 1130 982 quomodo
1144 887 1321 958 sermonis
1331 885 1603 960 aedificationem
1614 889 1681 961 sibi
1696 892 1799 964 mini·

207 1003 386 1093 strabuut,
406 1004 586 1076 autetiam
602 1003 761 1100 regulam
776 1027 955 1101 exponere
966 1004 1022 1076 vel
1032 1005 1244 1103 intelligere,
1260 1019 1322 1078 aut
1333 1005 1459 1078 vitiose
1470 1005 1608 1106 prolata
1620 1009 1797 1105 corrigere

207 1124 403 1198 valebunt?
419 1124 524 1196 Unde
542 1149 616 1196 nou
635 1125 862 1197 mediocriter
879 1125 1051 1198 miramur
1069 1151 1148 1223 quae
1170 1127 1304 1198 inimici
1317 1128 1501 1224 'suggestio
1519 1129 1555 1198 in
1577 1131 1798 1203 monasteriis

97 1330 101 1338 Ι
206 1245 277 1316 hoc
296 1246 378 1343 egit,
395 1245 542 1318 utnulla
554 1245 606 1316 ibi
621 1245 668 1316 de
686 1244 923 1342 intelligendis
940 1247 1122 1344 seripturis
1140 1247 1209 1320 sint
1225 1247 1361 1336 studia,
1387 1246 1450 1319 sed
1470 1246 1515 1318 de
1529 1263 1637 1320 cantu
1657 1263 1797 1321 tantum

207 1363 263 1438 vel
281 1364 328 1440 de
344 1365 461 1438 verbis
475 1366 704 1438 solummodo
715 1365 927 1456 formandis,
938 1391 1015 1438 non
1026 1366 1282 1464 intelligendis,
1296 1366 1470 1439 habeatur
1482 1367 1683 1466 disciplina:
1696 1371 1797 1466 quasi

206 1488 330 1560 ovium
345 1487 483 1560 balatus
496 1488 577 1587 plus
589 1488 745 1561 utilitatis
756 1487 906 1578 habeat,
924 1513 1033 1586 quam
1046 1505 1181 1588 pastus.
1202 1490 1310 1562 Cibus
1328 1491 1462 1590 quippe
1475 1503 1527 1560 est
1538 1491 1663 1562 animae
1677 1505 1713 1563 et
1725 1493 1796 1591 spi·

206 1606 316 1678 ritalis
324 1597 469 1680 refectio
478 1608 544 1707 ipsi
551 1607 671 1679 divina
678 1605 907 1705 intelligentia
916 1610 1117 1708 Scripturae.
1131 1608 1278 1682 Undeet
1287 1609 1505 1682 Ezechielem
1515 1609 1798 1708 prophetam¹ad

205 1725 474 1823 praedicandum
485 1728 662 1799 Dominus
671 1727 865 1818 destinans,
886 1751 970 1799 eum
983 1729 1082 1826 prius
1098 1728 1281 1800 volumine
1298 1729 1409 1821 cibat,
1426 1729 1527 1827 qnod
1544 1731 1661 1802 statim
1673 1731 1709 1802 in
1721 1731 1797 1826 ejus

199 1869 270 1918 ore
282 1846 413 1919 facturn
427 1861 480 1919 est
493 1847 563 1920 mel
582 1847 700 1920 dulce.
726 1851 779 1919 De
792 1872 866 1944 quo
879 1848 986 1919 etiam
994 1847 1080 1920 cibo
1099 1849 1271 1948 scriptum
1290 1864 1344 1921 est
1358 1850 1395 1920 in
1414 1851 1600 1922 Jeremia¹z
1625 1879 1643 1918 u
1656 1851 1797 1924 Parvuli

207 1967 388 2064 petierunt
399 1989 550 2062 panem,
570 1980 606 2038 et
623 1989 697 2037 non
717 1981 792 2038 erat
806 1967 868 2063 qui
880 1967 1055 2064 frangeret
1069 1969 1131 2038 eis.
1146 1995 1164 2034 ιι
1184 1972 1318 2040 Panem
1335 1969 1468 2067 quippe
1480 1953 1636 2067 parvulis
1652 1969 1794 2068 frangit,
1915 2024 1918 2032 .

207 2086 273 2182 qui
288 2085 411 2158 litterae
424 2109 568 2158 sensum
585 2083 858 2184 simplicioribus
873 2087 998 2184 aperit.
1017 2087 1061 2157 Hi
1075 2110 1161 2160 vero
1180 2087 1319 2184 parvuli
1334 2111 1464 2186 panem
1478 2088 1590 2186 frangi
1598 2090 1794 2188 postulant,
1905 2106 1909 2114 ’

205 2229 320 2303 quum
335 2204 381 2278 de
395 2206 625 2304 intelligentia
637 2206 824 2304 Scripturae
839 2207 995 2278 animam
1012 2207 1164 2304 saginari
1178 2206 1398 2298 desiderant,
1420 2209 1510 2280 sicut
1523 2207 1606 2281 alibi
1620 2211 1797 2283 Dominus
1899 2258 1901 2262 -

203 2329 390 2398 testatur⁸z
411 2326 607 2398 «Emittam
623 2325 752 2397 famem
771 2325 808 2395 in
827 2339 936 2411 terra,
958 2349 1030 2398 non
1051 2325 1180 2398 famem
1199 2328 1319 2424 panis,
1341 2352 1458 2425 neque
1478 2328 1572 2400 sitim
1591 2353 1712 2426 aquae,
1733 2331 1796 2402 sed

201 2444 378 2518 audiendi
387 2444 537 2518 verbum
549 2445 707 2518 Domini.
722 2473 740 2512 u
752 2445 843 2517 Hinc
855 2459 975 2517 autem
990 2471 1010 2517 e
1023 2447 1203 2519 contrario
1216 2449 1383 2545 antiquus
1392 2446 1506 2520 hostis
1515 2447 1645 2522 famem
1657 2464 1692 2522 et
1696 2453 1794 2536 ‚sitim

203 2565 379 2638 audiendi
396 2566 503 2639 verba
521 2566 731 2656 hominum,
748 2582 783 2638 et
799 2591 961 2640 rumores
979 2568 1110 2658 seculi,
1131 2567 1293 2654 claustris
1311 2569 1610 2642 monasteriorum
1629 2571 1793 2661 immisit,

203 2699 247 2758 nt
260 2687 466 2785 vaniloquio
484 2702 650 2760 vacantes
671 2687 791 2760 divina
810 2701 909 2760 tanto
927 2688 1079 2787 amplius
1101 2688 1321 2761 fastidiamus
1341 2691 1501 2789 eloquia,
1526 2707 1661 2788 quanto
1686 2695 1795 2791 magis

201 2807 284 2880 sine
295 2805 484 2880 dulcedine
493 2807 550 2880 vel
562 2806 795 2880 condimento
807 2807 1156 2906 intelligentiaenobis
1167 2808 1544 2909 liuntinsipida.Unde
1554 2827 1589 2882 et
1599 2811 1791 2900 Psalmista,

201 2941 367 3025 utsupra
387 2926 649 3000 meminimus‘:
675 2953 694 2994 u
705 2929 822 3012 Quam
839 2924 963 3014 dulcia,
974 2923 1135 2996 faucibus
1156 2926 1243 2997 meis
1262 2925 1402 3023 eloquia
1421 2926 1500 3000 tual
1523 2953 1630 3026 super
1647 2930 1729 3002 mel¹
1741 2934 1796 3003 ori

196 3069 300 3118 meo.
320 3075 337 3114 ιι
356 3051 443 3134 Quae
462 3045 609 3145 quidem
628 3045 782 3117 dulcedo
792 3047 915 3142 inquo
928 3045 1137 3118 consisteret
1146 3047 1263 3118 statim
1279 3048 1448 3118 annexuit
1462 3047 1604 3120 dicens:
1625 3079 1642 3116 u
1654 3054 1794 3124 Aman-

196 3165 297 3237 datis
316 3167 383 3238 tuis
401 3165 568 3238 intellexi.
586 3193 603 3232 u
619 3164 660 3238 ld
675 3179 784 3256 est,·a
797 3163 974 3236 mandatis
993 3165 1061 3235 tuis
1079 3165 1198 3262 potius
1218 3189 1328 3262 quarn
1344 3165 1512 3238 humanis
1524 3167 1792 3265 intelligentiam

192 3286 346 3384 accepi3
364 3285 431 3358 illis
449 3285 611 3358 videlicet
629 3285 788 3358 eruditus
808 3301 914 3381 atque
935 3286 1137 3358 instructus.
1164 3286 1272 3383 Cujus
1291 3286 1437 3384 quidem
1456 3288 1693 3386 intelligentiae
1713 3317 1791 3390 qnae

189 3408 243 3478 sit
262 3405 395 3478 utilitas
407 3431 481 3479 non
500 3405 741 3504 pretermisit,
763 3404 1000 3502 subjungens:
1026 3433 1043 3474 u
1058 3409 1251 3504 Propterea
1265 3406 1363 3478 odivi
1377 3431 1524 3480 omnem
1545 3409 1640 3482 viam
1655 3411 1791 3507 iniqui-

188 3529 326 3600 tatis.»
346 3526 462 3600 Multae
477 3527 610 3625 quippe
630 3525 823 3623 iniquitatis
843 3526 907 3598 viae
924 3526 972 3597 ita
986 3550 1054 3624 per
1074 3550 1112 3598 se
1134 3541 1217 3599 sunt
1231 3542 1374 3626 apertae,
1390 3542 1431 3600 ut
1444 3528 1544 3600 facile
1564 3529 1733 3602 omnibus
1754 3533 1789 3604 in

187 3648 329 3722 odium
342 3647 399 3720 vel
412 3661 660 3746 contemptum
672 3647 833 3737 veniant,
855 3645 917 3718 sed
933 3671 1078 3718 omnem
1091 3647 1285 3744 iniquitatis
1298 3649 1392 3720 viam
1408 3673 1481 3720 non
1496 3650 1564 3740 uisi
1577 3675 1641 3752 per
1652 3651 1793 3750 eloquia

186 3769 324 3842 divina
346 3793 624 3866 cognoscamus,
643 3783 682 3840 ut
699 3792 825 3840 omnes
843 3768 975 3840 evitare
993 3767 1183 3864 possimus.
1206 3770 1297 3839 Hinc
1316 3784 1351 3840 et
1372 3768 1459 3840 illud
1477 3775 1571 3842 estl:
1595 3801 1612 3838 u
1629 3775 1669 3842 ln
1684 3773 1793 3847 corde

182 3888 472 3964 meoabscondi
485 3888 627 3986 eloquia
647 3903 723 3980 tua,
743 3904 782 3961 nt
795 3912 870 3959 non
888 3911 1035 3986 peccem
1049 3885 1125 3958 tibi.
1141 3914 1159 3954 u
1176 3891 1221 3958 in
1239 3887 1350 3960 corde
1371 3891 1490 3987 potius
1508 3891 1692 3964 recondita
1710 3911 1794 3966 sunt

178 4033 310 4108 quam
325 4009 362 4081 in
384 4034 446 4081 ore
465 4009 640 4098 sonantia,
652 4031 902 4105 quumeorum
916 4004 1184 4102 intelligentiam
1197 4006 1381 4079 meditatio
1398 4024 1523 4081 nostra
1536 4011 1674 4083 retinet.
1697 4017 1794 4100 Quo·

178 4155 282 4202 rum
308 4130 454 4227 quidem
478 4129 716 4228 intelligentiae
736 4144 871 4227 quanto
896 4127 1014 4199 minus
1038 4127 1241 4218 studemus,
1271 4129 1389 4202 minus
1410 4129 1476 4202 has
1500 4130 1694 4227 iniquitatis
1720 4135 1793 4206 vias

94 4348 96 4357 Ι
174 4252 450 4350 cognoscimus
469 4264 575 4348 atque
595 4251 767 4340 vitamus,
786 4264 821 4321 et
838 4250 957 4321 minus
974 4272 994 4320 a
1013 4247 1285 4347 peccatonobis
1304 4250 1494 4348 providere
1512 4251 1682 4326 valemus.
1706 4258 1793 4341 Quae

172 4372 350 4472 quidem
367 4371 578 4468 negligentia
597 4385 696 4442 tanto
714 4369 866 4468 amplius
883 4370 920 4440 in
941 4369 1147 4460 monachis,
1177 4371 1240 4467 qui
1264 4371 1309 4442 ad
1331 4371 1587 4469 perfectionem
1612 4373 1789 4471 aspirant,

171 4511 239 4568 est
254 4492 467 4590 arguenda,
484 4506 619 4589 quanto
632 4490 708 4562 haec
721 4491 772 4562 eis
785 4489 921 4562 facilior
933 4505 1024 4561 esset
1036 4489 1218 4581 doctrina,
1235 4491 1296 4588 qui
1311 4505 1347 4562 et
1360 4490 1467 4561 sacris
1479 4489 1664 4563 abundant
1678 4492 1789 4584 libris,

167 4632 214 4688 et
230 4613 380 4712 quietis
392 4613 466 4683 otio
483 4611 726 4710 perfruuntur.
752 4614 852 4697 Quos
867 4610 1013 4707 quidem
1031 4609 1077 4682 de
1100 4610 1328 4684 multitudine
1346 4611 1560 4708 scriptorum
1579 4611 1788 4708 gloriantes,

164 4734 250 4810 sed
262 4731 321 4805 ab
330 4756 457 4805 eorum
468 4731 620 4805 lectione
633 4744 812 4830 vacantes,
829 4755 936 4802 senex
947 4728 1007 4802 ille
1020 4731 1056 4802 in
1067 4735 1161 4802 Vitis
1169 4736 1320 4803 Parrum
1332 4731 1469 4829 egregie
1480 4733 1613 4829 arguit,
1631 4731 1787 4808 dicensl:
1903 4751 1904 4754 ’

167 4887 191 4926 u
210 4852 426 4952 Prophetae
446 4853 663 4951 scripserunt
682 4850 808 4941 libros,
829 4865 948 4950 patres
961 4867 1081 4925 autem
1100 4853 1211 4925 nostri
1228 4867 1402 4924 venerunt
1415 4863 1498 4950 post
1510 4877 1591 4942 eos,
1606 4869 1642 4926 et
1655 4859 1792 4956 operati
1870 4847 1875 4858 '

199 5180 211 5205 ⁸
238 5171 366 5232 uzeca,
380 5185 435 5238 cap.
454 5185 495 5234 m,
508 5187 532 5221 ι.
545 5173 569 5221 3.
581 5195 614 5210 ·-
625 5168 635 5236 ξ
648 5170 756 5222 fument.
777 5170 867 5223 ierem.
884 5187 938 5240 cap.
962 5190 1001 5236 rr,
1016 5190 1040 5227 ι.
1057 5173 1081 5224 l.
1096 5201 1126 5210 -
1142 5171 1152 5200 ⁸
1167 5173 1256 5233 lmus.
1279 5188 1333 5238 cap.
1353 5189 1407 5232 ιιιι,
1428 5190 1451 5224 ι.
1479 5176 1558 5222 lt.—
1572 5172 1581 5198 ⁴
1598 5173 1685 5224 Psalm.
1700 5189 1790 5236 cxvm,

151 5283 184 5318 ιι.
207 5267 288 5316 ¹⁰2.
312 5257 364 5297 -⁸
382 5257 455 5318 thid,
469 5275 493 5308 ι.
509 5263 547 5309 ll.
565 5284 598 5296 -
615 5257 684 5309 ‘Via
700 5259 813 5320 Patruus,
826 5271 890 5326 part.
904 5261 942 5314 ll.
