4496 6102
442 635 514 706 ttu
660 673 668 686 ·
1044 634 1172 706 PETRI
1198 635 1432 710 ABAELARDl

439 778 580 873 tingunt
592 771 760 872 pedibus,
777 773 858 870 quia
873 797 1028 871 quorum
1045 774 1263 848 desiderium
1283 795 1514 852 conversatur
1532 781 1568 850 in
1589 777 1709 870 coelis,
1735 802 1861 850 eorum
1886 781 2031 854 affectus

441 919 515 966 non
529 891 710 984 adhaerent
721 893 885 984 terrenis,
898 918 965 966 nec
979 895 1119 968 animos
1130 920 1213 968 suos
1225 896 1396 994 dejiciunt
1406 899 1441 971 in
1455 899 1612 989 caducis,
1625 899 1688 995 qui
1698 923 1839 970 sursum
1851 901 2030 974 Christum

441 1028 637 1112 quaerentes
655 1011 739 1084 solis
756 1012 895 1086 inhiant
911 1017 1063 1088 aeternis.
1083 1019 1183 1104 Quos
1202 1033 1240 1089 ut
1256 1018 1387 1092 imitari
1399 1020 1594 1118 possimus,
1616 1043 1784 1118 rogamus
1801 1035 1855 1111 te,
1876 1025 2032 1095 Domine
2091 1043 2095 1052 ·

441 1138 536 1224 Jesu,
553 1148 594 1205 ut
606 1157 674 1206 nos
688 1157 832 1231 quoque
846 1147 907 1206 tua
919 1135 1024 1209 facias
1037 1135 1215 1232 jumenta,
1237 1137 1366 1235 quibus
1380 1139 1417 1210 in
1432 1137 1542 1210 fidem
1556 1153 1591 1212 et
1605 1138 1762 1236 regendo
1775 1138 1933 1236 digneris
1947 1165 2033 1238 prae·

441 1278 531 1344 esse,
546 1253 707 1328 Salvator
721 1255 864 1342 mundi,
879 1259 937 1327 cui
951 1256 1080 1329 dicitur
1093 1257 1130 1328 in
1146 1257 1215 1328 alio
1230 1258 1387 1358 psalmo¹
1403 1287 1411 1330 :
1431 1290 1448 1328 u
1463 1261 1634 1332 Homines
1645 1276 1682 1332 et
1690 1261 1853 1356 jumenta
1865 1261 2028 1352 salvabis,

442 1377 615 1468 Domine,
636 1377 943 1475 quemadmodum
962 1379 1201 1479 multiplicasti
1219 1380 1498 1454 misericordiam
1520 1396 1637 1472 tuam,
1659 1385 1767 1453 Deus.
1786 1411 1803 1448 11
1825 1389 1948 1456 Amen.

1017 2129 1074 2215 IN
1110 2125 1301 2214 EADEM
1337 2127 1448 2215 DlE.

1128 2401 1239 2448 51111Μο
1265 2401 1340 2450 VllI.

496 2587 613 2656 «Erat
643 2597 763 2656 autem
793 2582 962 2682 spelunca
983 2599 1018 2656 et
1042 2585 1131 2685 lapis
1161 2588 1423 2686 superpositus,
1454 2601 1488 2658 et
1520 2588 1568 2660 311
1600 2590 1699 2658 lesus
1727 2615 1735 2656 :
1761 2585 1918 2656 «Tollite
1943 2585 2033 2684 lapi·

448 2731 465 2768 u
482 2700 587 2793 dem,
605 2717 672 2774 etc.
682 2707 730 2773 ¹.»
751 2703 992 2775 Miserationes
1010 2704 1156 2774 Domini
1175 2704 1347 2778 universis
1365 2703 1533 2804 operibus
1547 2703 1624 2801 ejus
1644 2701 1826 2774 Psalmista
1843 2702 2035 2814 praeferens

444 2819 513 2890 ait⁸
531 2848 539 2890 z
559 2823 635 2892 «Et
654 2821 898 2910 miserationes
916 2821 991 2918 ejus
1010 2824 1255 2921 superomnia
1274 2847 1382 2922 opera
1401 2823 1488 2920 ejus.
1508 2851 1526 2890 »
1549 2821 1814 2894 Miserationum
1829 2823 1949 2919 itaque
1963 2826 2036 2892 Do·

443 2941 533 3012 mini
551 2942 797 3034 recordantes,
813 2957 913 3014 tanto
925 2942 1010 3014 hinc
1031 2969 1115 3016 eum
1133 2943 1285 3044 amplius
1303 2941 1500 3042 glorificare
1516 2943 1705 3031 debemus,
1720 2956 1856 3040 quanto
1871 2941 1947 3014 haec
1960 2945 2036 3038 ejus

444 3086 554 3159 opera
572 3065 705 3137 caeteris
723 3087 892 3164 praeesse,
914 3080 949 3137 et
964 3066 1076 3162 magis
1100 3067 1297 3138 necessaria
1323 3065 1428 3136 nobis
1450 3065 1698 3162 cognoscimus
1724 3088 1812 3135 esse.
1835 3062 1939 3136 Unde
1957 3079 1995 3136 et
2015 3089 2036 3136 3

444 3181 557 3255 turbis
573 3181 681 3258 hodie
696 3187 825 3258 meruit
840 3185 1028 3276 honorari,
1045 3187 1198 3258 maxime
1209 3185 1309 3283 quod
1327 3185 1554 3257 moerentium
1568 3207 1735 3256 sororum
1755 3184 1874 3253 Lazari
1889 3184 2036 3254 misera·

444 3315 517 3391 tus,
539 3306 747 3378 suscitatum
762 3300 983 3377 eis'reddidit
1002 3304 1144 3376 fratrem
1158 3305 1233 3400 jam
1251 3305 1287 3375 in
1311 3318 1547 3376 monumento
1562 3318 1716 3400 quatuor
1733 3301 1809 3373 dies
1825 3299 2033 3374 habentem.

448 3423 491 3492 Ut
511 3427 606 3495 enim
630 3429 784 3496 loannes
807 3424 947 3515 scribit,
972 3439 1118 3524 propter
1134 3425 1205 3497 hoe
1224 3424 1331 3497 hodie
1345 3423 1450 3496 turba
1462 3425 1496 3495 ei
1516 3423 1622 3496 obvia
1637 3423 1753 3513 venit,
1769 3423 1941 3519 quoniam
1966 3425 2037 3496 hoc

444 3539 630 3614 audierant
644 3545 786 3617 factum.
805 3543 858 3614 td
871 3542 971 3641 quod
988 3557 1157 3640 tanquam
1172 3542 1354 3617 hodiernae
1372 3543 1565 3616 festivitatis
1578 3543 1752 3640 originem
1767 3543 1891 3615 oculos
1906 3544 2038 3638 mentis

445 3661 667 3754 reducentes
685 3679 785 3736 tanto
800 3664 1001 3763 diligentius
1014 3665 1090 3761 ejus
1102 3665 1310 3760 mysterium
1321 3665 1451 3737 intueri
1465 3663 1651 3754 debemus,
1667 3679 1804 3762 quanto
1815 3664 1891 3734 haec
1906 3688 2037 3762 magna

446 3785 591 3855 Domini
618 3786 861 3859 misericordia
887 3786 1059 3884 majorem
1079 3785 1201 3857 tribuit
1222 3785 1470 3884 peccatoribus
1486 3785 1782 3858 consolationem.
1804 3788 1886 3855 Tres
1900 3788 2039 3884 quippe

445 3918 606 3975 mortuos
619 3927 640 3976 a
654 3905 810 3976 Domino
824 3905 972 4002 legimus
986 3907 1188 3996 suscitatos,
1205 3905 1334 4003 quibus
1352 3905 1515 3980 universa
1526 3918 1754 4004 peccatorum
1769 3927 1898 4000 genera
1911 3905 2040 3975 docto-

443 4047 500 4094 res
516 4025 628 4096 nostri
646 4023 812 4096 dixerunt
830 4023 983 4122 figurari.
1001 4027 1187 4098 Suscitavit
1204 4027 1300 4097 enim
1316 4024 1425 4100 filiam
1445 4025 1712 4122 archisynagogi
1728 4025 1848 4096 adhue
1865 4027 1902 4094 in
1922 4025 2039 4096 domo

439 4144 617 4238 jacentem
643 4160 836 4243 antequam
865 4146 958 4218 foras
985 4146 1179 4219 efferretur.
1205 4147 1391 4219 Suscitavit
1410 4145 1520 4218 filium
1543 4144 1657 4218 viduae
1675 4160 1773 4216 extra
1790 4160 1932 4244 portam
1953 4143 2040 4216 civi-

442 4266 521 4336 tatis
541 4266 642 4337 Naim
662 4267 737 4362 jam
756 4266 995 4363 deportatum.
1014 4267 1202 4339 Suscitavit
1219 4281 1253 4338 et
1278 4267 1396 4357 hunc,
1416 4267 1554 4364 dequo
1574 4289 1671 4338 nunc
1687 4265 1791 4337 nobis
1812 4289 1932 4336 sermo
1960 4282 2038 4356 est,

441 4383 605 4458 videlicet
622 4389 814 4476 Lazarum,
841 4411 954 4484 quum
972 4387 1047 4482 jam
1073 4389 1109 4458 in
1138 4401 1374 4460 monumento
1400 4401 1555 4485 quatuor
1584 4386 1659 4457 dies
1683 4383 1843 4458 haberet.
1874 4386 1981 4458 Unde
2005 4402 2042 4458 et

442 4507 699 4604 quatriduanus
726 4521 889 4579 mortuus
916 4506 1056 4592 dicitur.
1083 4511 1166 4579 Tres
1191 4509 1295 4608 igitur
1323 4510 1379 4580 isti
1408 4508 1540 4578 mortui
1563 4507 1629 4578 tria
1650 4505 1876 4604 peccantium
1904 4531 2043 4601 genera

442 4631 597 4726 signant,
618 4630 680 4727 qui
696 4653 761 4730 per
776 4630 996 4729 praesentiam
1024 4628 1183 4702 divinam
1206 4631 1401 4729 inspirante
1419 4630 1527 4727 gratia
1554 4628 1764 4702 reviviscere
1782 4627 1953 4700 dicuntur
1975 4658 1983 4699 :
2007 4644 2044 4700 et

442 4749 575 4822 felicitss
593 4750 648 4821 isti
669 4757 821 4821 a‘morte
843 4751 991 4840 animae,
1020 4775 1127 4848 quam
1154 4749 1223 4822 itti*
1244 4775 1263 4822 a
1283 4765 1402 4828 morte¹
1419 4751 1594 4848 corporis,
1608 4775 1673 4848 per
1698 4751 1895 4822 Dominum
1921 4752 2042 4822 susci·

444 4882 574 4940 tantur.

492 4989 610 5062 Puella
628 4990 775 5088 quidem
798 5005 960 5081 mortua,
978 5015 1056 5088 quae
1073 4990 1190 5062 adhuc
1208 4991 1244 5062 in
1261 4990 1373 5062 domo
1388 4987 1576 5066 tenebatur
1591 4989 1709 5062 clausa
1731 4988 1878 5086 quando
1901 5005 1959 5060 est
1983 5015 2044 5062 su-

479 5247 485 5278 ¹
504 5250 594 5302 Psalm.
610 5267 687 5311 xxxv,
700 5269 721 5301 1.
738 5256 762 5302 7.
778 5279 806 5290 -
819 5252 827 5278 ¹
842 5255 925 5316 ioan,
941 5269 996 5319 cap,
1007 5269 1049 5314 11,
1064 5269 1086 5303 v.
1102 5243 1689 5307 38,-”1131313113.1.9.-’1113111311.
