4590 6106
470 598 516 666 tt
898 589 1025 660 PETlll
1053 587 1287 660 teramum
1311 589 1367 662 ET
1391 585 1615 659 HELOlSSAE

467 739 632 822 Quorum
651 755 742 804 unus
757 745 792 804 et
805 729 979 802 unximus
989 731 1123 800 Seneca
1136 727 1311 800 Lucilium
1322 729 1500 802 instruens
1516 728 1566 798 ait
1573 691 1602 798 ¹¹:
1621 730 1730 798 sNon
1743 749 1855 822 quum
1869 729 2047 800 vacaverit

468 850 796 952 philosophandum
814 861 887 922 est:
908 848 1032 920 omnia
1048 846 1258 944 negligenda
1279 864 1383 940 suut,
1406 862 1448 922 ut
1465 847 1550 920 huic
1570 844 1806 938 assideamtrs,
1829 847 2047 920 cuinullum
2171 827 2176 836 ⁶

470 992 608 1076 tempus
626 976 710 1048 satis
725 997 897 1070 maguum
919 985 987 1044 est.
1011 975 1091 1042 Nou
1113 971 1267 1044 multum
1287 971 1394 1046 refert
1411 985 1532 1044 utrum
1554 967 1696 1042 omittas
1716 967 1983 1066 philosophiam
2001 993 2046 1040 an

469 1097 689 1170 intermittas.
712 1097 793 1166 Nou
816 1091 914 1164 euim
933 1089 997 1162 ubi
1017 1091 1216 1188 interrupta
1237 1105 1310 1182 ost,
1333 1105 1468 1164 manet.
1492 1087 1760 1164 lleaisteudum¹
1773 1103 1826 1160 est
1843 1089 2048 1188 oecqtatio-

469 1215 594 1304 nibus,
623 1238 693 1288 nec
717 1209 936 1309 explioaudae
952 1224 1055 1300 sunt,
1080 1209 1143 1282 sed
1164 1208 1596 1296 sumersetensium
1619 1233 1715 1280 nuuc
1740 1206 1847 1306 igitur
1866 1210 1962 1308 apud
1980 1233 2049 1281 nos

469 1358 590 1406 eruore
618 1333 684 1404 Dei
711 1331 885 1404 sustinent
904 1330 968 1426 qui
990 1353 1072 1402 vere
1098 1329 1266 1402 monachi
1288 1329 1479 1421 dicuutur,
1507 1327 1579 1402 hoc
1606 1326 1785 1400 desiderio
1814 1327 2049 1427 philosophia

468 1455 531 1550 qui
556 1451 695 1524 nobiles
718 1449 756 1522 in
779 1447 943 1546 gentibus
967 1449 1161 1524 extiterunt
1186 1448 1404 1547 philosophi.
1430 1454 1471 1521 ln
1496 1448 1598 1521 omni
1621 1471 1781 1544 namque
1808 1448 1945 1547 populo
1977 1463 2049 1519 tarn

470 1571 592 1668 gentili
606 1568 741 1642 scilicet
756 1591 866 1665 quam
879 1567 1042 1663 judaico,
1055 1569 1136 1658 ¹sive
1151 1567 1366 1660 christiano,
1390 1569 1498 1666 alierui
1522 1592 1664 1666 semper
1684 1569 1876 1640 extiterunt
1898 1566 1970 1640 lide
1988 1591 2051 1638 seu

470 1713 613 1764 morum
632 1689 818 1767 honestate
844 1690 977 1761 caeteris
996 1689 1289 1786 praeminentes,
1310 1703 1402 1762 etse
1420 1713 1440 1760 a
1458 1687 1596 1788 populo
1614 1687 1732 1784 aliqua
1752 1687 1979 1760 continentiae
1996 1687 2051 1758 vel

469 1809 688 1883 abstinentiae
705 1807 958 1904 singularitate³
975 1820 1209 1903 segregantes.
1227 1807 1332 1905 Apud
1349 1806 1483 1880 Judeos
1502 1805 1649 1904 quidm
1670 1807 1864 1904 antiquitus
1884 1807 2047 1893 Nazaraei,

471 1931 587 2026 quise
605 1927 763 1998 Domino
779 1925 977 2000 mindam
1000 1925 1116 2022 legem
1133 1925 1408 2022 consecrabant,
1429 1928 1504 2000 sive
1525 1925 1589 1998 lilii
1604 1927 1863 2025 prophetarum
1887 1926 1971 1997 utre
1995 1927 2052 1997 vel

471 2048 582 2121 Elisaei
615 2061 829 2135 sectatores,
860 2069 954 2142 quos
980 2045 1087 2118 beato
1116 2059 1303 2120 attestante
1337 2047 1579 2143 Hiemnymo‘
1604 2047 1803 2118 monachos
1834 2046 1982 2143 legimus
2014 2049 2051 2117 in

472 2167 589 2240 Veteri
599 2171 845 2254 Testameut03
860 2164 1052 2239 novissime
1071 2177 1191 2236 autem
1212 2178 1283 2237 tres
1296 2163 1362 2236 illae
1381 2164 1615 2262 philosophiae
1633 2181 1756 2254 sectae,
1777 2189 1864 2261 quas
1877 2164 2053 2262 losephus
2146 2259 2152 2268 ἱ

471 2287 507 2358 in
523 2286 884 2381 libroAntipur'totttm
895 2286 1025 2356 xvttt³
1045 2283 1284 2381 distinguens,
1304 2283 1621 2373 aliosPhoristeos,
1642 2284 1731 2355 alios
1745 2282 1944 2372 Saduoaeos,
1965 2281 2054 2354 alios

471 2407 635 2478 nominat
659 2407 805 2476 Essenos.
826 2401 930 2501 Apud
952 2427 1020 2476 uos
1044 2426 1131 2474 vero
1159 2402 1347 2492 monachi,
1374 2404 1438 2500 qui
1465 2403 1630 2474 videlicet
1649 2417 1954 2474 outcommunem
1970 2423 2054 2496 apo·

471 2525 644 2596 stolorrun
662 2525 785 2612 vitam,
797 2537 859 2594 aut
870 2522 1031 2620 priorem
1039 2520 1138 2595 illem
1149 2537 1184 2594 et
1197 2522 1391 2594 solitariam
1405 2523 1771 2596 loannis⁶imitautur
1789 2519 2054 2619 Apudgantiles

471 2659 614 2733 autem,
644 2657 683 2714 ut
702 2641 838 2715 dictum
859 2656 929 2731 est,
949 2640 1167 2739 philosophi.
1189 2646 1269 2716 Non
1294 2643 1390 2714 enim
1409 2643 1588 2740 sapientise
1601 2641 1658 2713 vel
1670 2639 1905 2739 philosophie
1918 2663 2053 2712 nornen

473 2778 547 2834 tarn
565 2763 612 2834 sd
637 2762 791 2834 scientiae
813 2760 1098 2860 perceptionem,
1124 2784 1235 2859 quum
1252 2761 1299 2832 sd
1321 2761 1401 2834 vitre
1424 2761 1634 2858 religionem
1657 2759 1877 2850 referebant,
1901 2760 1991 2830 sicut
2007 2757 2055 2828 ab

473 2881 549 2977 ipso
577 2882 686 2956 etiam
712 2881 819 2977 hujus
845 2879 1001 2955 nominis
1033 2895 1115 2956 ortu
1143 2880 1351 2970 didicimus,
1380 2883 1543 2980 ipsorum
1568 2905 1713 2978 quoque
1741 2879 1949 2954 testimonio
1977 2900 2055 2948 seu-

472 3016 626 3076 ctorum.
638 2999 740 3074 Unde
749 3014 786 3072 et
798 2999 887 3070 illud
899 3014 952 3072 est
961 2999 1057 3074 beati
1069 3001 1254 3097 Augustini
1262 3005 1340 3072 Vlll
1349 3001 1394 3072 de
1405 3005 1552 3074 cairate
1563 3005 1634 3074 Der'
1642 2999 1753 3090 libro,
1768 3023 1896 3098 genera
1908 2997 2055 3095 quidem

471 3119 773 3216 philosophorum
793 3117 1059 3214 distinguentis⁷
1081 3145 1088 3188 ε
1113 3148 1131 3188 a
1152 3118 1315 3192 italicum
1334 3143 1445 3216 geum
1462 3135 1647 3194 auctorem
1667 3119 1793 3192 habult
1819 3117 2056 3216 Pythagoram

473 3239 651 3326 Samium,
669 3263 692 3308 a
704 3261 780 3335 quo
791 3251 828 3308 et
843 3237 953 3310 fertur
974 3237 1092 3335 ipsum
1111 3237 1347 3336 philosophiae
1364 3263 1498 3313 nonen
1516 3255 1693 3312 exortum.
1718 3244 1809 3312 Nam
1822 3261 1935 3338 quum
1952 3250 2055 3308 auter

474 3358 651 3453 sapientes
676 3354 940 3453 appellarentur
961 3357 1024 3452 qui
1044 3355 1157 3430 modo
1178 3357 1338 3454 quodam
1358 3358 1545 3432 laudabilis
1567 3362 1646 3434 vita
1668 3359 1744 3432 aliis
1767 3373 1932 3459 praestare
1957 3355 2055 3426 vide-

476 3479 624 3564 bantur,
643 3476 708 3547 iste
728 3477 967 3571 interrogatus
984 3475 1071 3572 quid
1090 3475 1334 3574 profiteretur,
1354 3479 1610 3578 philosophum
1634 3505 1673 3552 se
1695 3500 1771 3552 esse
1789 3477 1998 3576 respondit,
2018 3475 2056 3546 id

476 3610 529 3668 est
548 3593 748 3668 studiosum
771 3593 827 3664 vel
851 3607 1050 3667 amatorem
1076 3596 1276 3694 sapientire,
1297 3600 1470 3695 quoniam
1486 3601 1684 3696 sapientem
1705 3595 1867 3696 profiteri
1892 3619 2057 3691 arrogan-

476 3717 650 3788 tissimum
668 3711 865 3786 videbatur.
885 3740 904 3780 rr
924 3717 1001 3784 Hoc
1019 3714 1139 3809 itaque
1147 3714 1229 3789 loco
1239 3741 1354 3815 quum
1372 3717 1518 3790 dicitur:
1532 3747 1551 3786 «
1566 3715 1749 3815 quimodo
1761 3715 1921 3813 quodam
1934 3711 2056 3784 laudo·

475 3835 554 3908 hilis
572 3835 651 3906 vita
669 3833 746 3904 aliis
765 3845 930 3931 prestare
947 3832 1176 3926 videbantur,
1201 3865 1219 3904 s
1241 3853 1362 3937 aperte
1381 3853 1597 3910 monstratur
1619 3838 1796 3935 sapientes
1816 3833 1996 3931 gentium,
2018 3831 2056 3902 id

476 3967 529 4024 est
547 3950 801 4050 philosophos,
828 3973 871 4024 err
893 3949 1000 4022 leude
1020 3952 1098 4024 vitoe
1116 3955 1236 4050 potius
1256 3979 1365 4051 quarn
1383 3956 1541 4028 scientis
1553 3957 1604 4029 sic
1617 3980 1693 4028 csse
1707 3955 1921 4027 nominatos.
1938 3955 2055 4038 Quam

476 4071 593 4146 sobrie
613 4085 733 4143 autem
755 4085 862 4168 atque
881 4071 1108 4146 continenter
1123 4069 1195 4170 ¹ipsi
1212 4074 1386 4164 vixerint,
1409 4099 1484 4146 non
1497 4090 1553 4146 est
1569 4090 1733 4148 nostrum
1755 4071 1866 4146 modo
1885 4068 2056 4167 exemplis

476 4189 659 4290 colligere,
680 4214 726 4262 ue
739 4190 934 4264 Minervam
951 4189 1066 4286 ipsam
1081 4189 1203 4262 videar
1222 4189 1364 4264 docere.
1388 4194 1424 4264 Si
1437 4209 1557 4266 autem
1571 4195 1621 4268 sic
1633 4194 1713 4266 laici
1726 4191 1944 4290 gentilesque
1957 4189 2055 4260 vixe-

477 4326 575 4400 runt,
598 4307 696 4382 uuila
713 4307 845 4382 scilicet
870 4308 1090 4406 professione
1109 4307 1289 4406 religionis
1307 4309 1486 4402 adstricti,
1510 4313 1597 4410 quid
1618 4329 1652 4385 te
1673 4312 1844 4384 clericum
1869 4323 1976 4405 atque
2001 4331 2056 4380 cs·

478 4430 648 4502 uonicum
668 4428 784 4503 faeere
808 4427 981 4524 oportet⁸,
1008 4451 1054 4502 ne
1076 4427 1205 4501 divinis
1227 4429 1352 4504 officiis
1380 4447 1502 4531 aupes
1523 4433 1689 4531 presseras
1709 4431 1929 4528 voluptates,
1952 4451 1998 4499 ne
2020 4442 2055 4497 te

479 4549 693 4644 praecipitem
720 4545 796 4618 haec
826 4545 1012 4620 Clraribdis
1042 4546 1249 4641 absorbeat,
1276 4575 1323 4624 ue
1354 4550 1629 4625 obscenitatibus
1655 4551 1729 4624 istis
1755 4566 1789 4622 te
1814 4547 2056 4648 impudenter⁸

480 4683 585 4762 atque
607 4665 880 4741 irrevocabiliter
897 4667 1107 4764 immergas?
1132 4669 1204 4756 Qui
1225 4671 1255 4742 si
1277 4670 1394 4743 clerici
1423 4673 1683 4770 prerogativam
1702 4695 1777 4743 nou
1791 4693 1914 4758 curas,
1942 4665 2058 4768 philo-

481 4784 584 4882 sophi
609 4783 731 4854 saltem
755 4783 907 4857 defende
935 4784 1153 4882 dignitatern.
1179 4789 1215 4860 Si
1239 4791 1435 4863 reverentia
1457 4792 1520 4863 Dei
1541 4790 1802 4880 contemuitur,
1818 4811 1920 4860 amor
1933 4785 2057 4857 saltem

514 5023 523 5049 ⁴
540 5021 616 5086 Epist.
628 5019 763 5072 usne-¹
774 5021 964 5086 terrestrem
975 5035 1012 5076 ert
1020 5021 1139 5076 lim-¹
1148 5023 1251 5078 fladone
1283 5027 1294 5056 ⁸
1307 5027 1424 5091 Baptistae
1434 5025 1505 5081 atvs.
1516 5052 1550 5066 -
1562 5028 1571 5055 '
1585 5027 1646 5096 Cap.
1660 5045 1686 5080 rr.
1700 5056 1731 5067 -
1741 5026 1752 5056 ⁸
1767 5027 1866 5089 eroterrr
1879 5027 1955 5075 utrum
1970 5031 1993 5071 te
2012 5023 2058 5070 du·

480 5110 596 5170 singulari
609 5103 679 5155 iillS.
690 5102 745 5142 -⁴
760 5104 838 5171 Epist.
856 5111 1253 5174 xsrx,srt1’astarrrr,·xcr,art
1284 5125 1337 5164 cere
1351 5123 1443 5176 oportet
1453 5113 1522 5164 RMS.
1539 5111 1600 5164 Vide
1613 5121 1664 5164 not.
1675 5127 1728 5163 xtrr.
1741 5109 1791 5148 -'
1804 5109 1969 5173 tepraeesse
1985 5099 2057 5154 utre.

481 5193 614 5255 limticttm,
624 5189 684 5251 Ope.
693 5199 711 5239 t.
721 5187 763 5251 ll,
774 5199 837 5254 part.
848 5189 880 5255 il,
892 5193 941 5247 col.
951 5193 997 5244 565
1008 5195 1145 5247 ctist-⁸
1154 5195 1213 5263 Gap.
1226 5212 1252 5246 u.
