<?xml version="1.0" encoding="UTF-8"?>
<!DOCTYPE html PUBLIC "-//W3C//DTD XHTML 1.0 Transitional//EN"
    "http://www.w3.org/TR/xhtml1/DTD/xhtml1-transitional.dtd">
<html xmlns="http://www.w3.org/1999/xhtml" xml:lang="en" lang="en">
 <head>
  <title>
</title>
<meta http-equiv="Content-Type" content="text/html;charset=utf-8" />
  <meta name='ocr-system' content='tesseract 3.04.00' />
  <meta name='ocr-capabilities' content='ocr_page ocr_carea ocr_par ocr_line ocrx_word'/>
</head>
<body>
  <div class='ocr_page' id='page_1' title='image "./petriablardiope01despgoog_0306.png"; bbox 0 0 4486 6100; ppageno 0'>
   <div class='ocr_carea' id='block_1_1' title="bbox 583 561 1797 666">
    <p class='ocr_par' dir='ltr' id='par_1_1' title="bbox 583 561 1797 666">
     <span class='ocr_line' id='line_1_1' title="bbox 583 561 1797 666; baseline 0.011 -13"><span class='ocrx_word' id='word_1_1' title='bbox 583 582 674 654; x_wconf 85' lang='lat' dir='ltr'>CUM</span> <span class='ocrx_word' id='word_1_2' title='bbox 698 561 826 656; x_wconf 83' lang='lat' dir='ltr'>PETRI</span> <span class='ocrx_word' id='word_1_3' title='bbox 853 583 1087 659; x_wconf 80' lang='lat' dir='ltr'>ABAELARDl</span> <span class='ocrx_word' id='word_1_4' title='bbox 1113 586 1435 662; x_wconf 89' lang='lat' dir='ltr'>SOLUTlONlBUS.</span> <span class='ocrx_word' id='word_1_5' title='bbox 1731 595 1797 666; x_wconf 83' lang='lat' dir='ltr'>29t</span> 
     </span>
    </p>
   </div>
   <div class='ocr_carea' id='block_1_2' title="bbox 216 714 1849 2150">
    <p class='ocr_par' dir='ltr' id='par_1_2' title="bbox 216 714 1849 2150">
     <span class='ocr_line' id='line_1_2' title="bbox 219 714 1805 829; baseline 0.013 -45"><span class='ocrx_word' id='word_1_6' title='bbox 219 714 322 786; x_wconf 89' lang='lat' dir='ltr'>istam</span> <span class='ocrx_word' id='word_1_7' title='bbox 339 719 585 794; x_wconf 86' lang='lat' dir='ltr'>necessitatem</span> <span class='ocrx_word' id='word_1_8' title='bbox 604 724 847 821; x_wconf 90' lang='lat' dir='ltr'>progreditur,</span> <span class='ocrx_word' id='word_1_9' title='bbox 873 726 948 822; x_wconf 87' lang='lat' dir='ltr'>jam</span> <span class='ocrx_word' id='word_1_10' title='bbox 973 752 1047 798; x_wconf 92' lang='lat' dir='ltr'>non</span> <span class='ocrx_word' id='word_1_11' title='bbox 1077 729 1223 819; x_wconf 89' lang='lat' dir='ltr'>rationi,</span> <span class='ocrx_word' id='word_1_12' title='bbox 1252 728 1315 801; x_wconf 91' lang='lat' dir='ltr'>sed</span> <span class='ocrx_word' id='word_1_13' title='bbox 1345 729 1482 802; x_wconf 87' lang='lat' dir='ltr'>libidini</span> <span class='ocrx_word' id='word_1_14' title='bbox 1509 729 1731 829; x_wconf 78' lang='lat' dir='ltr'>obsequitur.</span> <span class='ocrx_word' id='word_1_15' title='bbox 1763 739 1805 805; x_wconf 90' lang='lat' dir='ltr'>Et</span> 
     </span>
     <span class='ocr_line' id='line_1_3' title="bbox 218 833 1802 952; baseline 0.015 -48"><span class='ocrx_word' id='word_1_16' title='bbox 218 833 315 906; x_wconf 91' lang='lat' dir='ltr'>hunc</span> <span class='ocrx_word' id='word_1_17' title='bbox 334 850 453 911; x_wconf 89' lang='lat' dir='ltr'>tamen</span> <span class='ocrx_word' id='word_1_18' title='bbox 468 865 542 913; x_wconf 90' lang='lat' dir='ltr'>non</span> <span class='ocrx_word' id='word_1_19' title='bbox 562 843 718 940; x_wconf 81' lang='lat' dir='ltr'>exigere,</span> <span class='ocrx_word' id='word_1_20' title='bbox 734 845 795 918; x_wconf 91' lang='lat' dir='ltr'>sed</span> <span class='ocrx_word' id='word_1_21' title='bbox 810 846 960 919; x_wconf 82' lang='lat' dir='ltr'>reddere</span> <span class='ocrx_word' id='word_1_22' title='bbox 975 849 1137 947; x_wconf 88' lang='lat' dir='ltr'>conjugi,</span> <span class='ocrx_word' id='word_1_23' title='bbox 1153 875 1199 922; x_wconf 90' lang='lat' dir='ltr'>ne</span> <span class='ocrx_word' id='word_1_24' title='bbox 1213 850 1427 922; x_wconf 80' lang='lat' dir='ltr'>fornicando</span> <span class='ocrx_word' id='word_1_25' title='bbox 1441 851 1653 924; x_wconf 90' lang='lat' dir='ltr'>damnaliter</span> <span class='ocrx_word' id='word_1_26' title='bbox 1665 870 1802 952; x_wconf 89' lang='lat' dir='ltr'>peccet,</span> 
     </span>
     <span class='ocr_line' id='line_1_4' title="bbox 219 954 1802 1070; baseline 0.013 -44"><span class='ocrx_word' id='word_1_27' title='bbox 219 954 265 1027; x_wconf 93' lang='lat' dir='ltr'>ad</span> <span class='ocrx_word' id='word_1_28' title='bbox 281 981 474 1054; x_wconf 85' lang='lat' dir='ltr'>personam</span> <span class='ocrx_word' id='word_1_29' title='bbox 488 964 641 1060; x_wconf 83' lang='lat' dir='ltr'>pertinet</span> <span class='ocrx_word' id='word_1_30' title='bbox 658 965 894 1063; x_wconf 86' lang='lat' dir='ltr'>conjugalem.</span> <span class='ocrx_word' id='word_1_31' title='bbox 917 967 954 1038; x_wconf 90' lang='lat' dir='ltr'>Si</span> <span class='ocrx_word' id='word_1_32' title='bbox 971 984 1091 1041; x_wconf 91' lang='lat' dir='ltr'>autem</span> <span class='ocrx_word' id='word_1_33' title='bbox 1106 969 1214 1041; x_wconf 90' lang='lat' dir='ltr'>ambo</span> <span class='ocrx_word' id='word_1_34' title='bbox 1240 970 1300 1042; x_wconf 93' lang='lat' dir='ltr'>tali</span> <span class='ocrx_word' id='word_1_35' title='bbox 1316 972 1613 1069; x_wconf 75' lang='lat' dir='ltr'>concupiscentiae</span> <span class='ocrx_word' id='word_1_36' title='bbox 1630 974 1802 1070; x_wconf 91' lang='lat' dir='ltr'>subigun-</span> 
     </span>
     <span class='ocr_line' id='line_1_5' title="bbox 217 1078 1803 1189; baseline 0.013 -44"><span class='ocrx_word' id='word_1_37' title='bbox 217 1090 286 1165; x_wconf 91' lang='lat' dir='ltr'>tur,</span> <span class='ocrx_word' id='word_1_38' title='bbox 300 1099 377 1148; x_wconf 90' lang='lat' dir='ltr'>rem</span> <span class='ocrx_word' id='word_1_39' title='bbox 395 1078 529 1152; x_wconf 90' lang='lat' dir='ltr'>faciunt</span> <span class='ocrx_word' id='word_1_40' title='bbox 542 1107 617 1154; x_wconf 90' lang='lat' dir='ltr'>non</span> <span class='ocrx_word' id='word_1_41' title='bbox 630 1083 737 1182; x_wconf 90' lang='lat' dir='ltr'>plane</span> <span class='ocrx_word' id='word_1_42' title='bbox 753 1087 971 1184; x_wconf 78' lang='lat' dir='ltr'>nuptiarum.</span> <span class='ocrx_word' id='word_1_43' title='bbox 988 1092 1242 1161; x_wconf 85' lang='lat' dir='ltr'>Verumtamen</span> <span class='ocrx_word' id='word_1_44' title='bbox 1256 1091 1286 1162; x_wconf 92' lang='lat' dir='ltr'>si</span> <span class='ocrx_word' id='word_1_45' title='bbox 1303 1091 1414 1188; x_wconf 88' lang='lat' dir='ltr'>magis</span> <span class='ocrx_word' id='word_1_46' title='bbox 1424 1091 1461 1163; x_wconf 92' lang='lat' dir='ltr'>in</span> <span class='ocrx_word' id='word_1_47' title='bbox 1475 1115 1538 1164; x_wconf 88' lang='lat' dir='ltr'>sua</span> <span class='ocrx_word' id='word_1_48' title='bbox 1548 1092 1803 1189; x_wconf 89' lang='lat' dir='ltr'>conjunctione</span> 
     </span>
     <span class='ocr_line' id='line_1_6' title="bbox 217 1192 1849 1313; baseline 0.014 -49"><span class='ocrx_word' id='word_1_49' title='bbox 217 1192 368 1292; x_wconf 92' lang='lat' dir='ltr'>diligunt</span> <span class='ocrx_word' id='word_1_50' title='bbox 386 1198 487 1295; x_wconf 92' lang='lat' dir='ltr'>quod</span> <span class='ocrx_word' id='word_1_51' title='bbox 503 1199 712 1294; x_wconf 91' lang='lat' dir='ltr'>honestum,</span> <span class='ocrx_word' id='word_1_52' title='bbox 731 1230 840 1302; x_wconf 88' lang='lat' dir='ltr'>quam</span> <span class='ocrx_word' id='word_1_53' title='bbox 854 1205 953 1304; x_wconf 93' lang='lat' dir='ltr'>quod</span> <span class='ocrx_word' id='word_1_54' title='bbox 970 1207 1202 1280; x_wconf 89' lang='lat' dir='ltr'>inhonestum</span> <span class='ocrx_word' id='word_1_55' title='bbox 1221 1223 1292 1300; x_wconf 91' lang='lat' dir='ltr'>est,</span> <span class='ocrx_word' id='word_1_56' title='bbox 1319 1209 1356 1281; x_wconf 90' lang='lat' dir='ltr'>id</span> <span class='ocrx_word' id='word_1_57' title='bbox 1374 1226 1447 1301; x_wconf 88' lang='lat' dir='ltr'>est,</span> <span class='ocrx_word' id='word_1_58' title='bbox 1467 1210 1568 1308; x_wconf 92' lang='lat' dir='ltr'>quod</span> <span class='ocrx_word' id='word_1_59' title='bbox 1591 1215 1802 1313; x_wconf 76' lang='lat' dir='ltr'>estpuptia·</span> <span class='ocrx_word' id='word_1_60' title='bbox 1847 1239 1849 1244; x_wconf 89' lang='lat'>·</span> 
     </span>
     <span class='ocr_line' id='line_1_7' title="bbox 218 1321 1803 1430; baseline 0.014 -43"><span class='ocrx_word' id='word_1_61' title='bbox 218 1341 319 1407; x_wconf 90' lang='lat' dir='ltr'>rum,</span> <span class='ocrx_word' id='word_1_62' title='bbox 340 1343 449 1414; x_wconf 92' lang='lat' dir='ltr'>quam</span> <span class='ocrx_word' id='word_1_63' title='bbox 464 1321 502 1392; x_wconf 97' lang='lat' dir='ltr'>id</span> <span class='ocrx_word' id='word_1_64' title='bbox 515 1323 615 1421; x_wconf 92' lang='lat' dir='ltr'>quod</span> <span class='ocrx_word' id='word_1_65' title='bbox 632 1350 707 1398; x_wconf 93' lang='lat' dir='ltr'>non</span> <span class='ocrx_word' id='word_1_66' title='bbox 728 1341 781 1400; x_wconf 88' lang='lat' dir='ltr'>est</span> <span class='ocrx_word' id='word_1_67' title='bbox 802 1329 1027 1427; x_wconf 85' lang='lat' dir='ltr'>nuptiarum,</span> <span class='ocrx_word' id='word_1_68' title='bbox 1049 1330 1121 1402; x_wconf 92' lang='lat' dir='ltr'>hoc</span> <span class='ocrx_word' id='word_1_69' title='bbox 1139 1331 1207 1424; x_wconf 90' lang='lat' dir='ltr'>eis,</span> <span class='ocrx_word' id='word_1_70' title='bbox 1230 1346 1375 1404; x_wconf 91' lang='lat' dir='ltr'>auctore</span> <span class='ocrx_word' id='word_1_71' title='bbox 1396 1331 1588 1430; x_wconf 82' lang='lat' dir='ltr'>Apostolo,</span> <span class='ocrx_word' id='word_1_72' title='bbox 1604 1335 1803 1408; x_wconf 91' lang='lat' dir='ltr'>secundum</span> 
     </span>
     <span class='ocr_line' id='line_1_8' title="bbox 218 1439 1803 1556; baseline 0.015 -48"><span class='ocrx_word' id='word_1_73' title='bbox 218 1439 357 1512; x_wconf 89' lang='lat' dir='ltr'>veniam</span> <span class='ocrx_word' id='word_1_74' title='bbox 372 1442 594 1517; x_wconf 81' lang='lat' dir='ltr'>conceditur.</span> <span class='ocrx_word' id='word_1_75' title='bbox 617 1475 636 1515; x_wconf 85' lang='lat' dir='ltr'>u</span> <span class='ocrx_word' id='word_1_76' title='bbox 650 1449 762 1520; x_wconf 84' lang='lat' dir='ltr'>ltem¹</span> <span class='ocrx_word' id='word_1_77' title='bbox 781 1475 788 1520; x_wconf 94' lang='lat'>:</span> <span class='ocrx_word' id='word_1_78' title='bbox 807 1478 825 1517; x_wconf 79' lang='lat' dir='ltr'>a</span> <span class='ocrx_word' id='word_1_79' title='bbox 841 1449 903 1522; x_wconf 91' lang='lat' dir='ltr'>llle</span> <span class='ocrx_word' id='word_1_80' title='bbox 917 1451 1086 1524; x_wconf 90' lang='lat' dir='ltr'>naturalis</span> <span class='ocrx_word' id='word_1_81' title='bbox 1100 1477 1198 1544; x_wconf 92' lang='lat' dir='ltr'>usus,</span> <span class='ocrx_word' id='word_1_82' title='bbox 1215 1452 1362 1550; x_wconf 90' lang='lat' dir='ltr'>quando</span> <span class='ocrx_word' id='word_1_83' title='bbox 1376 1453 1575 1552; x_wconf 88' lang='lat' dir='ltr'>prolabitur</span> <span class='ocrx_word' id='word_1_84' title='bbox 1592 1455 1685 1528; x_wconf 89' lang='lat' dir='ltr'>ultra</span> <span class='ocrx_word' id='word_1_85' title='bbox 1701 1471 1803 1556; x_wconf 92' lang='lat' dir='ltr'>pacta</span> 
     </span>
     <span class='ocr_line' id='line_1_9' title="bbox 217 1558 1802 1667; baseline 0.013 -39"><span class='ocrx_word' id='word_1_86' title='bbox 217 1558 401 1658; x_wconf 86' lang='lat' dir='ltr'>nuptialia,</span> <span class='ocrx_word' id='word_1_87' title='bbox 417 1560 455 1634; x_wconf 93' lang='lat' dir='ltr'>id</span> <span class='ocrx_word' id='word_1_88' title='bbox 472 1577 525 1636; x_wconf 90' lang='lat' dir='ltr'>est</span> <span class='ocrx_word' id='word_1_89' title='bbox 542 1564 635 1639; x_wconf 92' lang='lat' dir='ltr'>ultra</span> <span class='ocrx_word' id='word_1_90' title='bbox 649 1567 872 1667; x_wconf 89' lang='lat' dir='ltr'>propagandi</span> <span class='ocrx_word' id='word_1_91' title='bbox 886 1571 1144 1664; x_wconf 90' lang='lat' dir='ltr'>necessitatem,</span> <span class='ocrx_word' id='word_1_92' title='bbox 1155 1572 1303 1644; x_wconf 80' lang='lat' dir='ltr'>venialis</span> <span class='ocrx_word' id='word_1_93' title='bbox 1318 1572 1358 1643; x_wconf 87' lang='lat' dir='ltr'>frt</span> <span class='ocrx_word' id='word_1_94' title='bbox 1373 1573 1410 1644; x_wconf 94' lang='lat' dir='ltr'>in</span> <span class='ocrx_word' id='word_1_95' title='bbox 1424 1598 1549 1666; x_wconf 85' lang='lat' dir='ltr'>uxore,</span> <span class='ocrx_word' id='word_1_96' title='bbox 1565 1574 1602 1645; x_wconf 92' lang='lat' dir='ltr'>iu</span> <span class='ocrx_word' id='word_1_97' title='bbox 1617 1579 1802 1650; x_wconf 86' lang='lat' dir='ltr'>meretrice</span> 
     </span>
     <span class='ocr_line' id='line_1_10' title="bbox 216 1676 1802 1788; baseline 0.015 -39"><span class='ocrx_word' id='word_1_98' title='bbox 216 1676 449 1775; x_wconf 82' lang='lat' dir='ltr'>damnabilis3</span> <span class='ocrx_word' id='word_1_99' title='bbox 465 1684 550 1778; x_wconf 92' lang='lat' dir='ltr'>iste,</span> <span class='ocrx_word' id='word_1_100' title='bbox 566 1688 629 1784; x_wconf 93' lang='lat' dir='ltr'>qui</span> <span class='ocrx_word' id='word_1_101' title='bbox 646 1704 699 1760; x_wconf 92' lang='lat' dir='ltr'>est</span> <span class='ocrx_word' id='word_1_102' title='bbox 717 1706 841 1763; x_wconf 88' lang='lat' dir='ltr'>contra</span> <span class='ocrx_word' id='word_1_103' title='bbox 855 1706 1040 1783; x_wconf 90' lang='lat' dir='ltr'>naturam,</span> <span class='ocrx_word' id='word_1_104' title='bbox 1061 1692 1304 1766; x_wconf 83' lang='lat' dir='ltr'>execrabiliter</span> <span class='ocrx_word' id='word_1_105' title='bbox 1317 1691 1356 1766; x_wconf 85' lang='lat' dir='ltr'>fit</span> <span class='ocrx_word' id='word_1_106' title='bbox 1370 1694 1406 1766; x_wconf 90' lang='lat' dir='ltr'>in</span> <span class='ocrx_word' id='word_1_107' title='bbox 1425 1695 1629 1788; x_wconf 89' lang='lat' dir='ltr'>meretrice,</span> <span class='ocrx_word' id='word_1_108' title='bbox 1646 1697 1711 1770; x_wconf 89' lang='lat' dir='ltr'>sed</span> <span class='ocrx_word' id='word_1_109' title='bbox 1723 1723 1802 1772; x_wconf 87' lang='lat' dir='ltr'>exe·</span> 
     </span>
     <span class='ocr_line' id='line_1_11' title="bbox 216 1799 1802 1908; baseline 0.012 -37"><span class='ocrx_word' id='word_1_110' title='bbox 216 1799 382 1874; x_wconf 90' lang='lat' dir='ltr'>crabilius</span> <span class='ocrx_word' id='word_1_111' title='bbox 400 1805 436 1876; x_wconf 94' lang='lat' dir='ltr'>in</span> <span class='ocrx_word' id='word_1_112' title='bbox 456 1829 577 1880; x_wconf 86' lang='lat' dir='ltr'>uxore.</span> <span class='ocrx_word' id='word_1_113' title='bbox 597 1813 749 1881; x_wconf 84' lang='lat' dir='ltr'>Tantum</span> <span class='ocrx_word' id='word_1_114' title='bbox 762 1810 856 1882; x_wconf 88' lang='lat' dir='ltr'>valet</span> <span class='ocrx_word' id='word_1_115' title='bbox 869 1812 1049 1884; x_wconf 90' lang='lat' dir='ltr'>ordinatio</span> <span class='ocrx_word' id='word_1_116' title='bbox 1068 1815 1239 1898; x_wconf 84' lang='lat' dir='ltr'>creatoris</span> <span class='ocrx_word' id='word_1_117' title='bbox 1256 1829 1291 1887; x_wconf 90' lang='lat' dir='ltr'>et</span> <span class='ocrx_word' id='word_1_118' title='bbox 1304 1813 1397 1886; x_wconf 91' lang='lat' dir='ltr'>ordo</span> <span class='ocrx_word' id='word_1_119' title='bbox 1419 1830 1608 1908; x_wconf 88' lang='lat' dir='ltr'>creaturae,</span> <span class='ocrx_word' id='word_1_120' title='bbox 1629 1817 1722 1888; x_wconf 90' lang='lat' dir='ltr'>utin</span> <span class='ocrx_word' id='word_1_121' title='bbox 1741 1843 1802 1890; x_wconf 92' lang='lat' dir='ltr'>re-</span> 
     </span>
     <span class='ocr_line' id='line_1_12' title="bbox 216 1925 1798 2038; baseline 0.009 -41"><span class='ocrx_word' id='word_1_122' title='bbox 216 1925 341 1999; x_wconf 90' lang='lat' dir='ltr'>bus-ad</span> <span class='ocrx_word' id='word_1_123' title='bbox 354 1929 529 2001; x_wconf 91' lang='lat' dir='ltr'>utendum</span> <span class='ocrx_word' id='word_1_124' title='bbox 544 1933 740 2025; x_wconf 87' lang='lat' dir='ltr'>concessis,</span> <span class='ocrx_word' id='word_1_125' title='bbox 755 1936 861 2038; x_wconf 86' lang='lat' dir='ltr'>etiam</span> <span class='ocrx_word' id='word_1_126' title='bbox 880 1961 992 2032; x_wconf 91' lang='lat' dir='ltr'>quum</span> <span class='ocrx_word' id='word_1_127' title='bbox 1009 1936 1140 2008; x_wconf 92' lang='lat' dir='ltr'>modus</span> <span class='ocrx_word' id='word_1_128' title='bbox 1157 1937 1358 2028; x_wconf 86' lang='lat' dir='ltr'>exceditur,</span> <span class='ocrx_word' id='word_1_129' title='bbox 1374 1936 1481 2035; x_wconf 86' lang='lat' dir='ltr'>longe</span> <span class='ocrx_word' id='word_1_130' title='bbox 1498 1930 1543 2009; x_wconf 81' lang='lat' dir='ltr'>¹sit</span> <span class='ocrx_word' id='word_1_131' title='bbox 1561 1937 1798 2030; x_wconf 82' lang='lat' dir='ltr'>tolerabilius,</span> 
     </span>
     <span class='ocr_line' id='line_1_13' title="bbox 216 2050 1801 2150; baseline 0.008 -30"><span class='ocrx_word' id='word_1_132' title='bbox 216 2071 326 2146; x_wconf 91' lang='lat' dir='ltr'>quam</span> <span class='ocrx_word' id='word_1_133' title='bbox 342 2050 380 2120; x_wconf 93' lang='lat' dir='ltr'>in</span> <span class='ocrx_word' id='word_1_134' title='bbox 398 2051 467 2142; x_wconf 86' lang='lat' dir='ltr'>eis,</span> <span class='ocrx_word' id='word_1_135' title='bbox 488 2076 567 2150; x_wconf 85' lang='lat' dir='ltr'>quae</span> <span class='ocrx_word' id='word_1_136' title='bbox 580 2077 748 2128; x_wconf 91' lang='lat' dir='ltr'>concessa</span> <span class='ocrx_word' id='word_1_137' title='bbox 764 2079 840 2126; x_wconf 91' lang='lat' dir='ltr'>non</span> <span class='ocrx_word' id='word_1_138' title='bbox 854 2071 954 2146; x_wconf 92' lang='lat' dir='ltr'>sunt,</span> <span class='ocrx_word' id='word_1_139' title='bbox 972 2056 1028 2129; x_wconf 87' lang='lat' dir='ltr'>vel</span> <span class='ocrx_word' id='word_1_140' title='bbox 1050 2081 1144 2129; x_wconf 91' lang='lat' dir='ltr'>unus</span> <span class='ocrx_word' id='word_1_141' title='bbox 1161 2057 1219 2128; x_wconf 91' lang='lat' dir='ltr'>vel</span> <span class='ocrx_word' id='word_1_142' title='bbox 1235 2082 1335 2130; x_wconf 86' lang='lat' dir='ltr'>rarus</span> <span class='ocrx_word' id='word_1_143' title='bbox 1353 2081 1526 2129; x_wconf 85' lang='lat' dir='ltr'>excessus.</span> <span class='ocrx_word' id='word_1_144' title='bbox 1544 2061 1589 2128; x_wconf 89' lang='lat' dir='ltr'>Et</span> <span class='ocrx_word' id='word_1_145' title='bbox 1605 2057 1688 2131; x_wconf 94' lang='lat' dir='ltr'>ideo</span> <span class='ocrx_word' id='word_1_146' title='bbox 1706 2059 1743 2131; x_wconf 92' lang='lat' dir='ltr'>in</span> <span class='ocrx_word' id='word_1_147' title='bbox 1763 2085 1801 2133; x_wconf 92' lang='lat' dir='ltr'>re</span> 
     </span>
    </p>
   </div>
   <div class='ocr_carea' id='block_1_3' title="bbox 214 2171 1806 2998">
    <p class='ocr_par' dir='ltr' id='par_1_3' title="bbox 214 2171 1806 2998">
     <span class='ocr_line' id='line_1_14' title="bbox 215 2171 1798 2278; baseline 0.008 -38"><span class='ocrx_word' id='word_1_148' title='bbox 215 2192 384 2242; x_wconf 89' lang='lat' dir='ltr'>concessa</span> <span class='ocrx_word' id='word_1_149' title='bbox 394 2224 411 2264; x_wconf 30' lang='lat'>,¹</span> <span class='ocrx_word' id='word_1_150' title='bbox 420 2171 671 2246; x_wconf 90' lang='lat' dir='ltr'>immoderatio</span> <span class='ocrx_word' id='word_1_151' title='bbox 686 2175 870 2272; x_wconf 88' lang='lat' dir='ltr'>conjugis,</span> <span class='ocrx_word' id='word_1_152' title='bbox 893 2201 940 2248; x_wconf 91' lang='lat' dir='ltr'>ne</span> <span class='ocrx_word' id='word_1_153' title='bbox 958 2178 995 2248; x_wconf 91' lang='lat' dir='ltr'>iu</span> <span class='ocrx_word' id='word_1_154' title='bbox 1019 2203 1095 2248; x_wconf 88' lang='lat' dir='ltr'>rem</span> <span class='ocrx_word' id='word_1_155' title='bbox 1119 2202 1193 2250; x_wconf 91' lang='lat' dir='ltr'>non</span> <span class='ocrx_word' id='word_1_156' title='bbox 1213 2201 1420 2251; x_wconf 89' lang='lat' dir='ltr'>concessam</span> <span class='ocrx_word' id='word_1_157' title='bbox 1435 2177 1548 2250; x_wconf 91' lang='lat' dir='ltr'>libido</span> <span class='ocrx_word' id='word_1_158' title='bbox 1565 2197 1798 2278; x_wconf 87' lang='lat' dir='ltr'>prorumpat,</span> 
     </span>
     <span class='ocr_line' id='line_1_15' title="bbox 214 2286 1803 2395; baseline 0.008 -36"><span class='ocrx_word' id='word_1_159' title='bbox 214 2286 401 2361; x_wconf 91' lang='lat' dir='ltr'>toleranda</span> <span class='ocrx_word' id='word_1_160' title='bbox 419 2306 483 2362; x_wconf 92' lang='lat' dir='ltr'>est.</span> <span class='ocrx_word' id='word_1_161' title='bbox 511 2293 603 2365; x_wconf 88' lang='lat' dir='ltr'>Hinc</span> <span class='ocrx_word' id='word_1_162' title='bbox 625 2306 677 2366; x_wconf 91' lang='lat' dir='ltr'>est</span> <span class='ocrx_word' id='word_1_163' title='bbox 704 2294 811 2366; x_wconf 88' lang='lat' dir='ltr'>etiam</span> <span class='ocrx_word' id='word_1_164' title='bbox 826 2294 927 2391; x_wconf 91' lang='lat' dir='ltr'>quod</span> <span class='ocrx_word' id='word_1_165' title='bbox 952 2294 1058 2392; x_wconf 91' lang='lat' dir='ltr'>longe</span> <span class='ocrx_word' id='word_1_166' title='bbox 1079 2296 1198 2368; x_wconf 90' lang='lat' dir='ltr'>minus</span> <span class='ocrx_word' id='word_1_167' title='bbox 1215 2310 1340 2395; x_wconf 92' lang='lat' dir='ltr'>peccat</span> <span class='ocrx_word' id='word_1_168' title='bbox 1363 2295 1560 2394; x_wconf 88' lang='lat' dir='ltr'>quamlibet</span> <span class='ocrx_word' id='word_1_169' title='bbox 1576 2296 1738 2370; x_wconf 89' lang='lat' dir='ltr'>assiduus</span> <span class='ocrx_word' id='word_1_170' title='bbox 1755 2301 1803 2372; x_wconf 92' lang='lat' dir='ltr'>ad</span> 
     </span>
     <span class='ocr_line' id='line_1_16' title="bbox 216 2412 1804 2509; baseline 0.008 -29"><span class='ocrx_word' id='word_1_171' title='bbox 216 2433 379 2502; x_wconf 86' lang='lat' dir='ltr'>uxorem,</span> <span class='ocrx_word' id='word_1_172' title='bbox 395 2435 505 2509; x_wconf 91' lang='lat' dir='ltr'>quam</span> <span class='ocrx_word' id='word_1_173' title='bbox 518 2412 575 2484; x_wconf 84' lang='lat' dir='ltr'>vel</span> <span class='ocrx_word' id='word_1_174' title='bbox 588 2413 788 2486; x_wconf 90' lang='lat' dir='ltr'>rarissimus</span> <span class='ocrx_word' id='word_1_175' title='bbox 802 2414 848 2488; x_wconf 93' lang='lat' dir='ltr'>ad</span> <span class='ocrx_word' id='word_1_176' title='bbox 862 2415 1148 2488; x_wconf 81' lang='lat' dir='ltr'>fornicationem.</span> <span class='ocrx_word' id='word_1_177' title='bbox 1161 2420 1283 2505; x_wconf 89' lang='lat' dir='ltr'>Quum</span> <span class='ocrx_word' id='word_1_178' title='bbox 1297 2440 1383 2489; x_wconf 90' lang='lat' dir='ltr'>vero</span> <span class='ocrx_word' id='word_1_179' title='bbox 1396 2417 1450 2488; x_wconf 91' lang='lat' dir='ltr'>vir</span> <span class='ocrx_word' id='word_1_180' title='bbox 1468 2415 1632 2488; x_wconf 91' lang='lat' dir='ltr'>membro</span> <span class='ocrx_word' id='word_1_181' title='bbox 1646 2419 1804 2492; x_wconf 91' lang='lat' dir='ltr'>mulieris</span> 
     </span>
     <span class='ocr_line' id='line_1_17' title="bbox 215 2531 1802 2637; baseline 0.008 -37"><span class='ocrx_word' id='word_1_182' title='bbox 215 2554 290 2602; x_wconf 92' lang='lat' dir='ltr'>non</span> <span class='ocrx_word' id='word_1_183' title='bbox 309 2531 357 2604; x_wconf 87' lang='lat' dir='ltr'>ad</span> <span class='ocrx_word' id='word_1_184' title='bbox 374 2531 445 2604; x_wconf 93' lang='lat' dir='ltr'>hoc</span> <span class='ocrx_word' id='word_1_185' title='bbox 459 2557 631 2608; x_wconf 88' lang='lat' dir='ltr'>concesso</span> <span class='ocrx_word' id='word_1_186' title='bbox 647 2537 699 2607; x_wconf 92' lang='lat' dir='ltr'>uti</span> <span class='ocrx_word' id='word_1_187' title='bbox 713 2535 885 2628; x_wconf 89' lang='lat' dir='ltr'>voluerit,</span> <span class='ocrx_word' id='word_1_188' title='bbox 903 2538 1042 2637; x_wconf 89' lang='lat' dir='ltr'>turpior</span> <span class='ocrx_word' id='word_1_189' title='bbox 1053 2553 1106 2610; x_wconf 89' lang='lat' dir='ltr'>est</span> <span class='ocrx_word' id='word_1_190' title='bbox 1119 2563 1231 2631; x_wconf 85' lang='lat' dir='ltr'>uxor,</span> <span class='ocrx_word' id='word_1_191' title='bbox 1253 2540 1282 2610; x_wconf 92' lang='lat' dir='ltr'>si</span> <span class='ocrx_word' id='word_1_192' title='bbox 1299 2540 1409 2626; x_wconf 92' lang='lat' dir='ltr'>inse,</span> <span class='ocrx_word' id='word_1_193' title='bbox 1425 2538 1627 2636; x_wconf 87' lang='lat' dir='ltr'>quamsiin</span> <span class='ocrx_word' id='word_1_194' title='bbox 1646 2539 1713 2611; x_wconf 90' lang='lat' dir='ltr'>alia</span> <span class='ocrx_word' id='word_1_195' title='bbox 1727 2539 1802 2613; x_wconf 79' lang='lat' dir='ltr'>fieri</span> 
     </span>
     <span class='ocr_line' id='line_1_18' title="bbox 215 2652 1804 2758; baseline 0.007 -36"><span class='ocrx_word' id='word_1_196' title='bbox 215 2652 428 2750; x_wconf 88' lang='lat' dir='ltr'>permiserit.</span> <span class='ocrx_word' id='word_1_197' title='bbox 454 2658 572 2727; x_wconf 87' lang='lat' dir='ltr'>Decus</span> <span class='ocrx_word' id='word_1_198' title='bbox 593 2680 678 2754; x_wconf 92' lang='lat' dir='ltr'>ergo</span> <span class='ocrx_word' id='word_1_199' title='bbox 703 2657 890 2755; x_wconf 84' lang='lat' dir='ltr'>conjugale</span> <span class='ocrx_word' id='word_1_200' title='bbox 915 2673 967 2730; x_wconf 91' lang='lat' dir='ltr'>est</span> <span class='ocrx_word' id='word_1_201' title='bbox 989 2659 1130 2731; x_wconf 91' lang='lat' dir='ltr'>castitas</span> <span class='ocrx_word' id='word_1_202' title='bbox 1152 2658 1386 2758; x_wconf 90' lang='lat' dir='ltr'>procreandi,</span> <span class='ocrx_word' id='word_1_203' title='bbox 1407 2672 1443 2731; x_wconf 93' lang='lat' dir='ltr'>et</span> <span class='ocrx_word' id='word_1_204' title='bbox 1459 2658 1635 2732; x_wconf 90' lang='lat' dir='ltr'>reddendi</span> <span class='ocrx_word' id='word_1_205' title='bbox 1652 2661 1804 2734; x_wconf 88' lang='lat' dir='ltr'>camalis</span> 
     </span>
     <span class='ocr_line' id='line_1_19' title="bbox 216 2769 1800 2876; baseline 0.005 -33"><span class='ocrx_word' id='word_1_206' title='bbox 216 2769 606 2866; x_wconf 76' lang='lat' dir='ltr'>debitifides31mcest</span> <span class='ocrx_word' id='word_1_207' title='bbox 627 2801 720 2876; x_wconf 92' lang='lat' dir='ltr'>opus</span> <span class='ocrx_word' id='word_1_208' title='bbox 738 2778 961 2876; x_wconf 89' lang='lat' dir='ltr'>nuptiarum,</span> <span class='ocrx_word' id='word_1_209' title='bbox 983 2778 1055 2851; x_wconf 91' lang='lat' dir='ltr'>hoc</span> <span class='ocrx_word' id='word_1_210' title='bbox 1072 2777 1118 2850; x_wconf 90' lang='lat' dir='ltr'>ab</span> <span class='ocrx_word' id='word_1_211' title='bbox 1135 2779 1236 2851; x_wconf 92' lang='lat' dir='ltr'>omni</span> <span class='ocrx_word' id='word_1_212' title='bbox 1250 2780 1400 2852; x_wconf 91' lang='lat' dir='ltr'>crimine</span> <span class='ocrx_word' id='word_1_213' title='bbox 1415 2777 1574 2851; x_wconf 80' lang='lat' dir='ltr'>defendit</span> <span class='ocrx_word' id='word_1_214' title='bbox 1593 2779 1800 2876; x_wconf 82' lang='lat' dir='ltr'>Apostolus,</span> 
     </span>
     <span class='ocr_line' id='line_1_20' title="bbox 215 2889 1806 2998; baseline 0.006 -37"><span class='ocrx_word' id='word_1_215' title='bbox 215 2889 371 2964; x_wconf 92' lang='lat' dir='ltr'>dicendo</span> <span class='ocrx_word' id='word_1_216' title='bbox 382 2897 411 2963; x_wconf 90' lang='lat'>¹:</span> <span class='ocrx_word' id='word_1_217' title='bbox 431 2922 450 2962; x_wconf 82' lang='lat' dir='ltr'>u</span> <span class='ocrx_word' id='word_1_218' title='bbox 464 2897 510 2967; x_wconf 86' lang='lat' dir='ltr'>Et</span> <span class='ocrx_word' id='word_1_219' title='bbox 523 2894 552 2966; x_wconf 93' lang='lat' dir='ltr'>si</span> <span class='ocrx_word' id='word_1_220' title='bbox 566 2897 745 2994; x_wconf 90' lang='lat' dir='ltr'>acceperis</span> <span class='ocrx_word' id='word_1_221' title='bbox 759 2921 930 2989; x_wconf 88' lang='lat' dir='ltr'>uxorem,</span> <span class='ocrx_word' id='word_1_222' title='bbox 952 2923 1026 2970; x_wconf 91' lang='lat' dir='ltr'>non</span> <span class='ocrx_word' id='word_1_223' title='bbox 1042 2898 1211 2998; x_wconf 84' lang='lat' dir='ltr'>peccasti,</span> <span class='ocrx_word' id='word_1_224' title='bbox 1234 2911 1269 2971; x_wconf 90' lang='lat' dir='ltr'>et</span> <span class='ocrx_word' id='word_1_225' title='bbox 1285 2899 1314 2969; x_wconf 92' lang='lat' dir='ltr'>si</span> <span class='ocrx_word' id='word_1_226' title='bbox 1328 2898 1428 2995; x_wconf 86' lang='lat' dir='ltr'>virgo</span> <span class='ocrx_word' id='word_1_227' title='bbox 1443 2897 1621 2995; x_wconf 92' lang='lat' dir='ltr'>nupserit,</span> <span class='ocrx_word' id='word_1_228' title='bbox 1637 2922 1712 2968; x_wconf 93' lang='lat' dir='ltr'>non</span> <span class='ocrx_word' id='word_1_229' title='bbox 1727 2923 1806 2996; x_wconf 94' lang='lat' dir='ltr'>pec-</span> 
     </span>
    </p>
   </div>
   <div class='ocr_carea' id='block_1_4' title="bbox 143 3013 1838 4920">
    <p class='ocr_par' dir='ltr' id='par_1_4' title="bbox 143 3013 1838 4920">
     <span class='ocr_line' id='line_1_21' title="bbox 219 3013 1809 3116; baseline 0.007 -37"><span class='ocrx_word' id='word_1_230' title='bbox 219 3040 238 3079; x_wconf 88' lang='lat'>«</span> <span class='ocrx_word' id='word_1_231' title='bbox 253 3027 335 3100; x_wconf 86' lang='lat' dir='ltr'>cat;</span> <span class='ocrx_word' id='word_1_232' title='bbox 356 3028 391 3085; x_wconf 92' lang='lat' dir='ltr'>et</span> <span class='ocrx_word' id='word_1_233' title='bbox 411 3013 605 3113; x_wconf 85' lang='lat' dir='ltr'>quodvult</span> <span class='ocrx_word' id='word_1_234' title='bbox 623 3015 726 3090; x_wconf 87' lang='lat' dir='ltr'>faciat</span> <span class='ocrx_word' id='word_1_235' title='bbox 743 3044 751 3088; x_wconf 75' lang='grc' dir='ltr'><strong>ε</strong></span> <span class='ocrx_word' id='word_1_236' title='bbox 767 3042 842 3089; x_wconf 92' lang='lat' dir='ltr'>non</span> <span class='ocrx_word' id='word_1_237' title='bbox 860 3034 1002 3116; x_wconf 91' lang='lat' dir='ltr'>peccat,</span> <span class='ocrx_word' id='word_1_238' title='bbox 1024 3019 1054 3088; x_wconf 91' lang='lat' dir='ltr'>si</span> <span class='ocrx_word' id='word_1_239' title='bbox 1070 3017 1194 3091; x_wconf 89' lang='lat' dir='ltr'>nubat.</span> <span class='ocrx_word' id='word_1_240' title='bbox 1210 3047 1229 3087; x_wconf 82' lang='lat' dir='ltr'>n</span> <span class='ocrx_word' id='word_1_241' title='bbox 1244 3016 1415 3116; x_wconf 86' lang='lat' dir='ltr'>Exigendi</span> <span class='ocrx_word' id='word_1_242' title='bbox 1432 3031 1552 3088; x_wconf 92' lang='lat' dir='ltr'>autem</span> <span class='ocrx_word' id='word_1_243' title='bbox 1566 3015 1677 3089; x_wconf 90' lang='lat' dir='ltr'>debiti</span> <span class='ocrx_word' id='word_1_244' title='bbox 1695 3017 1742 3090; x_wconf 91' lang='lat' dir='ltr'>ab</span> <span class='ocrx_word' id='word_1_245' title='bbox 1761 3018 1809 3090; x_wconf 91' lang='lat' dir='ltr'>al-</span> 
     </span>
     <span class='ocr_line' id='line_1_22' title="bbox 215 3134 1801 3242; baseline 0.002 -38"><span class='ocrx_word' id='word_1_246' title='bbox 215 3147 352 3205; x_wconf 92' lang='lat' dir='ltr'>terutro</span> <span class='ocrx_word' id='word_1_247' title='bbox 367 3159 453 3206; x_wconf 84' lang='lat' dir='ltr'>sexu</span> <span class='ocrx_word' id='word_1_248' title='bbox 471 3134 743 3209; x_wconf 87' lang='lat' dir='ltr'>immoderatior</span> <span class='ocrx_word' id='word_1_249' title='bbox 759 3139 980 3242; x_wconf 78' lang='lat' dir='ltr'>progressio,</span> <span class='ocrx_word' id='word_1_250' title='bbox 1002 3153 1151 3236; x_wconf 93' lang='lat' dir='ltr'>propter</span> <span class='ocrx_word' id='word_1_251' title='bbox 1165 3137 1242 3229; x_wconf 86' lang='lat' dir='ltr'>illa,</span> <span class='ocrx_word' id='word_1_252' title='bbox 1262 3156 1341 3236; x_wconf 84' lang='lat' dir='ltr'>quae</span> <span class='ocrx_word' id='word_1_253' title='bbox 1359 3161 1466 3234; x_wconf 90' lang='lat' dir='ltr'>supra</span> <span class='ocrx_word' id='word_1_254' title='bbox 1484 3135 1655 3224; x_wconf 86' lang='lat' dir='ltr'>diximus,</span> <span class='ocrx_word' id='word_1_255' title='bbox 1676 3137 1801 3234; x_wconf 84' lang='lat' dir='ltr'>conju-</span> 
     </span>
     <span class='ocr_line' id='line_1_23' title="bbox 214 3252 1801 3356; baseline 0.003 -31"><span class='ocrx_word' id='word_1_256' title='bbox 214 3252 318 3350; x_wconf 86' lang='lat' dir='ltr'>gibus</span> <span class='ocrx_word' id='word_1_257' title='bbox 335 3255 535 3328; x_wconf 90' lang='lat' dir='ltr'>secundum</span> <span class='ocrx_word' id='word_1_258' title='bbox 548 3257 691 3330; x_wconf 89' lang='lat' dir='ltr'>veniam</span> <span class='ocrx_word' id='word_1_259' title='bbox 712 3258 933 3331; x_wconf 89' lang='lat' dir='ltr'>conceditur.</span> <span class='ocrx_word' id='word_1_260' title='bbox 956 3259 1065 3347; x_wconf 88' lang='lat' dir='ltr'>Quod</span> <span class='ocrx_word' id='word_1_261' title='bbox 1083 3284 1168 3356; x_wconf 92' lang='lat' dir='ltr'>ergo</span> <span class='ocrx_word' id='word_1_262' title='bbox 1183 3258 1271 3331; x_wconf 79' lang='lat' dir='ltr'>ait⁸2</span> <span class='ocrx_word' id='word_1_263' title='bbox 1288 3262 1407 3347; x_wconf 78' lang='lat' dir='ltr'>«Quae</span> <span class='ocrx_word' id='word_1_264' title='bbox 1424 3260 1576 3356; x_wconf 91' lang='lat' dir='ltr'>innupta</span> <span class='ocrx_word' id='word_1_265' title='bbox 1600 3271 1653 3329; x_wconf 90' lang='lat' dir='ltr'>est</span> <span class='ocrx_word' id='word_1_266' title='bbox 1673 3258 1801 3356; x_wconf 89' lang='lat' dir='ltr'>cogitat</span> 
     </span>
     <span class='ocr_line' id='line_1_24' title="bbox 216 3377 1802 3478; baseline 0.005 -36"><span class='ocrx_word' id='word_1_267' title='bbox 216 3405 236 3442; x_wconf 81' lang='lat' dir='ltr'>u</span> <span class='ocrx_word' id='word_1_268' title='bbox 254 3398 313 3466; x_wconf 88' lang='lat' dir='ltr'>ea,</span> <span class='ocrx_word' id='word_1_269' title='bbox 331 3401 411 3474; x_wconf 77' lang='lat' dir='ltr'>quar</span> <span class='ocrx_word' id='word_1_270' title='bbox 424 3391 507 3449; x_wconf 90' lang='lat' dir='ltr'>sunt</span> <span class='ocrx_word' id='word_1_271' title='bbox 516 3378 680 3468; x_wconf 89' lang='lat' dir='ltr'>Domini,</span> <span class='ocrx_word' id='word_1_272' title='bbox 695 3394 735 3449; x_wconf 92' lang='lat' dir='ltr'>ut</span> <span class='ocrx_word' id='word_1_273' title='bbox 752 3380 795 3450; x_wconf 90' lang='lat' dir='ltr'>sit</span> <span class='ocrx_word' id='word_1_274' title='bbox 807 3393 928 3451; x_wconf 84' lang='lat' dir='ltr'>sancta</span> <span class='ocrx_word' id='word_1_275' title='bbox 942 3393 976 3451; x_wconf 91' lang='lat' dir='ltr'>et</span> <span class='ocrx_word' id='word_1_276' title='bbox 990 3403 1143 3478; x_wconf 91' lang='lat' dir='ltr'>corpore</span> <span class='ocrx_word' id='word_1_277' title='bbox 1157 3393 1193 3451; x_wconf 91' lang='lat' dir='ltr'>et</span> <span class='ocrx_word' id='word_1_278' title='bbox 1205 3379 1350 3476; x_wconf 90' lang='lat' dir='ltr'>spiritu,</span> <span class='ocrx_word' id='word_1_279' title='bbox 1369 3407 1386 3448; x_wconf 88' lang='lat' dir='ltr'>u</span> <span class='ocrx_word' id='word_1_280' title='bbox 1401 3402 1475 3450; x_wconf 92' lang='lat' dir='ltr'>non</span> <span class='ocrx_word' id='word_1_281' title='bbox 1489 3378 1540 3450; x_wconf 92' lang='lat' dir='ltr'>sic</span> <span class='ocrx_word' id='word_1_282' title='bbox 1554 3377 1802 3475; x_wconf 89' lang='lat' dir='ltr'>accipiendum</span> 
     </span>
     <span class='ocr_line' id='line_1_25' title="bbox 213 3498 1803 3597; baseline 0.001 -30"><span class='ocrx_word' id='word_1_283' title='bbox 213 3509 285 3586; x_wconf 89' lang='lat' dir='ltr'>est,</span> <span class='ocrx_word' id='word_1_284' title='bbox 300 3509 340 3568; x_wconf 89' lang='lat' dir='ltr'>ut</span> <span class='ocrx_word' id='word_1_285' title='bbox 357 3511 524 3596; x_wconf 91' lang='lat' dir='ltr'>putemus</span> <span class='ocrx_word' id='word_1_286' title='bbox 542 3521 618 3570; x_wconf 92' lang='lat' dir='ltr'>non</span> <span class='ocrx_word' id='word_1_287' title='bbox 636 3521 712 3570; x_wconf 89' lang='lat' dir='ltr'>esse</span> <span class='ocrx_word' id='word_1_288' title='bbox 725 3512 885 3571; x_wconf 89' lang='lat' dir='ltr'>sanctam</span> <span class='ocrx_word' id='word_1_289' title='bbox 903 3523 1055 3597; x_wconf 89' lang='lat' dir='ltr'>corpore</span> <span class='ocrx_word' id='word_1_290' title='bbox 1068 3498 1298 3571; x_wconf 90' lang='lat' dir='ltr'>christianam</span> <span class='ocrx_word' id='word_1_291' title='bbox 1311 3499 1500 3597; x_wconf 89' lang='lat' dir='ltr'>conjugem</span> <span class='ocrx_word' id='word_1_292' title='bbox 1512 3512 1657 3570; x_wconf 89' lang='lat' dir='ltr'>castam.</span> <span class='ocrx_word' id='word_1_293' title='bbox 1678 3500 1803 3570; x_wconf 90' lang='lat' dir='ltr'>Omni·</span> 
     </span>
     <span class='ocr_line' id='line_1_26' title="bbox 212 3573 1801 3717; baseline 0.001 -30"><span class='ocrx_word' id='word_1_294' title='bbox 212 3616 283 3688; x_wconf 92' lang='lat' dir='ltr'>bus</span> <span class='ocrx_word' id='word_1_295' title='bbox 298 3616 433 3715; x_wconf 86' lang='lat' dir='ltr'>quippe</span> <span class='ocrx_word' id='word_1_296' title='bbox 448 3616 614 3690; x_wconf 86' lang='lat' dir='ltr'>fidelibus</span> <span class='ocrx_word' id='word_1_297' title='bbox 632 3617 769 3690; x_wconf 90' lang='lat' dir='ltr'>dictum</span> <span class='ocrx_word' id='word_1_298' title='bbox 782 3621 874 3690; x_wconf 77' lang='lat' dir='ltr'>est‘:</span> <span class='ocrx_word' id='word_1_299' title='bbox 890 3619 1066 3690; x_wconf 76' lang='lat' dir='ltr'>«Nescitis</span> <span class='ocrx_word' id='word_1_300' title='bbox 1083 3619 1255 3716; x_wconf 88' lang='lat' dir='ltr'>quoniam</span> <span class='ocrx_word' id='word_1_301' title='bbox 1273 3642 1427 3717; x_wconf 91' lang='lat' dir='ltr'>corpora</span> <span class='ocrx_word' id='word_1_302' title='bbox 1445 3631 1561 3690; x_wconf 89' lang='lat' dir='ltr'>vestra</span> <span class='ocrx_word' id='word_1_303' title='bbox 1576 3573 1774 3716; x_wconf 82' lang='lat' dir='ltr'>templurir</span> <span class='ocrx_word' id='word_1_304' title='bbox 1765 3641 1801 3687; x_wconf 85' lang='lat' dir='ltr'>rn</span> 
     </span>
     <span class='ocr_line' id='line_1_27' title="bbox 215 3737 1803 3837; baseline 0.003 -33"><span class='ocrx_word' id='word_1_305' title='bbox 215 3767 236 3805; x_wconf 78' lang='lat' dir='ltr'>a</span> <span class='ocrx_word' id='word_1_306' title='bbox 256 3737 357 3810; x_wconf 84' lang='lat' dir='ltr'>vobis</span> <span class='ocrx_word' id='word_1_307' title='bbox 374 3751 428 3809; x_wconf 93' lang='lat' dir='ltr'>est</span> <span class='ocrx_word' id='word_1_308' title='bbox 451 3737 613 3837; x_wconf 86' lang='lat' dir='ltr'>Spiritus</span> <span class='ocrx_word' id='word_1_309' title='bbox 626 3739 758 3830; x_wconf 87' lang='lat' dir='ltr'>sancti,</span> <span class='ocrx_word' id='word_1_310' title='bbox 784 3763 894 3836; x_wconf 91' lang='lat' dir='ltr'>quem</span> <span class='ocrx_word' id='word_1_311' title='bbox 911 3737 1079 3810; x_wconf 84' lang='lat' dir='ltr'>habetis</span> <span class='ocrx_word' id='word_1_312' title='bbox 1069 3765 1089 3810; x_wconf 91' lang='lat' dir='ltr'>a</span> <span class='ocrx_word' id='word_1_313' title='bbox 1113 3737 1216 3810; x_wconf 81' lang='lat' dir='ltr'>Deol</span> <span class='ocrx_word' id='word_1_314' title='bbox 1231 3767 1249 3806; x_wconf 81' lang='lat' dir='ltr'>u</span> <span class='ocrx_word' id='word_1_315' title='bbox 1265 3740 1393 3812; x_wconf 89' lang='lat' dir='ltr'>Sancta</span> <span class='ocrx_word' id='word_1_316' title='bbox 1411 3753 1496 3810; x_wconf 91' lang='lat' dir='ltr'>sunt</span> <span class='ocrx_word' id='word_1_317' title='bbox 1520 3737 1627 3810; x_wconf 89' lang='lat' dir='ltr'>etiam</span> <span class='ocrx_word' id='word_1_318' title='bbox 1651 3759 1803 3837; x_wconf 91' lang='lat' dir='ltr'>corpora</span> 
     </span>
     <span class='ocr_line' id='line_1_28' title="bbox 211 3855 1800 3956; baseline -0.001 -26"><span class='ocrx_word' id='word_1_319' title='bbox 211 3858 506 3956; x_wconf 88' lang='lat' dir='ltr'>conjugatorum,</span> <span class='ocrx_word' id='word_1_320' title='bbox 522 3857 632 3931; x_wconf 87' lang='lat' dir='ltr'>fidem</span> <span class='ocrx_word' id='word_1_321' title='bbox 646 3858 756 3932; x_wconf 89' lang='lat' dir='ltr'>sibiet</span> <span class='ocrx_word' id='word_1_322' title='bbox 767 3860 924 3931; x_wconf 90' lang='lat' dir='ltr'>Domino</span> <span class='ocrx_word' id='word_1_323' title='bbox 936 3859 1166 3931; x_wconf 87' lang='lat' dir='ltr'>servantium.</span> <span class='ocrx_word' id='word_1_324' title='bbox 1184 3859 1250 3930; x_wconf 92' lang='lat' dir='ltr'>Cui</span> <span class='ocrx_word' id='word_1_325' title='bbox 1265 3858 1442 3931; x_wconf 84' lang='lat' dir='ltr'>sanctitati</span> <span class='ocrx_word' id='word_1_326' title='bbox 1454 3855 1641 3954; x_wconf 92' lang='lat' dir='ltr'>cujuslibet</span> <span class='ocrx_word' id='word_1_327' title='bbox 1652 3881 1800 3946; x_wconf 90' lang='lat' dir='ltr'>eorum,</span> 
     </span>
     <span class='ocr_line' id='line_1_29' title="bbox 212 3976 1803 4078; baseline -0.001 -28"><span class='ocrx_word' id='word_1_328' title='bbox 212 4001 284 4050; x_wconf 92' lang='lat' dir='ltr'>nec</span> <span class='ocrx_word' id='word_1_329' title='bbox 297 3977 478 4050; x_wconf 90' lang='lat' dir='ltr'>infidelem</span> <span class='ocrx_word' id='word_1_330' title='bbox 496 3978 688 4077; x_wconf 88' lang='lat' dir='ltr'>conjugem</span> <span class='ocrx_word' id='word_1_331' title='bbox 705 3979 899 4070; x_wconf 88' lang='lat' dir='ltr'>obsistere,</span> <span class='ocrx_word' id='word_1_332' title='bbox 926 3978 990 4052; x_wconf 93' lang='lat' dir='ltr'>sed</span> <span class='ocrx_word' id='word_1_333' title='bbox 1007 3979 1128 4078; x_wconf 90' lang='lat' dir='ltr'>potius</span> <span class='ocrx_word' id='word_1_334' title='bbox 1152 3979 1375 4051; x_wconf 90' lang='lat' dir='ltr'>sanctitatem</span> <span class='ocrx_word' id='word_1_335' title='bbox 1393 3979 1513 4050; x_wconf 84' lang='lat' dir='ltr'>uxoris</span> <span class='ocrx_word' id='word_1_336' title='bbox 1534 3977 1706 4076; x_wconf 89' lang='lat' dir='ltr'>prodesse</span> <span class='ocrx_word' id='word_1_337' title='bbox 1725 3976 1803 4048; x_wconf 87' lang='lat' dir='ltr'>infi-</span> 
     </span>
     <span class='ocr_line' id='line_1_30' title="bbox 143 4097 1800 4198; baseline -0.006 -20"><span class='ocrx_word' id='word_1_338' title='bbox 143 4167 149 4178; x_wconf 95' lang='lat'>.</span> <span class='ocrx_word' id='word_1_339' title='bbox 212 4098 289 4172; x_wconf 93' lang='lat' dir='ltr'>deli</span> <span class='ocrx_word' id='word_1_340' title='bbox 305 4100 403 4189; x_wconf 84' lang='lat' dir='ltr'>viro,</span> <span class='ocrx_word' id='word_1_341' title='bbox 419 4115 481 4172; x_wconf 91' lang='lat' dir='ltr'>aut</span> <span class='ocrx_word' id='word_1_342' title='bbox 498 4101 720 4173; x_wconf 89' lang='lat' dir='ltr'>sanctitatem</span> <span class='ocrx_word' id='word_1_343' title='bbox 732 4101 800 4172; x_wconf 82' lang='lat' dir='ltr'>riri</span> <span class='ocrx_word' id='word_1_344' title='bbox 818 4098 987 4198; x_wconf 88' lang='lat' dir='ltr'>prodesse</span> <span class='ocrx_word' id='word_1_345' title='bbox 1000 4097 1138 4171; x_wconf 81' lang='lat' dir='ltr'>infideli</span> <span class='ocrx_word' id='word_1_346' title='bbox 1151 4099 1274 4189; x_wconf 83' lang='lat' dir='ltr'>uxori,</span> <span class='ocrx_word' id='word_1_347' title='bbox 1295 4097 1392 4172; x_wconf 87' lang='lat' dir='ltr'>idern</span> <span class='ocrx_word' id='word_1_348' title='bbox 1412 4097 1603 4196; x_wconf 83' lang='lat' dir='ltr'>Apostolus</span> <span class='ocrx_word' id='word_1_349' title='bbox 1617 4097 1715 4168; x_wconf 89' lang='lat' dir='ltr'>testis</span> <span class='ocrx_word' id='word_1_350' title='bbox 1728 4111 1800 4184; x_wconf 92' lang='lat' dir='ltr'>est,</span> 
     </span>
     <span class='ocr_line' id='line_1_31' title="bbox 212 4214 1803 4308; baseline -0.001 -17"><span class='ocrx_word' id='word_1_351' title='bbox 212 4218 373 4292; x_wconf 87' lang='lat' dir='ltr'>dicens⁸:</span> <span class='ocrx_word' id='word_1_352' title='bbox 393 4217 668 4294; x_wconf 74' lang='lat' dir='ltr'>«Sanctificatus</span> <span class='ocrx_word' id='word_1_353' title='bbox 691 4233 745 4292; x_wconf 90' lang='lat' dir='ltr'>est</span> <span class='ocrx_word' id='word_1_354' title='bbox 770 4219 867 4292; x_wconf 88' lang='lat' dir='ltr'>enim</span> <span class='ocrx_word' id='word_1_355' title='bbox 890 4219 943 4292; x_wconf 87' lang='lat' dir='ltr'>vir</span> <span class='ocrx_word' id='word_1_356' title='bbox 967 4216 1121 4291; x_wconf 81' lang='lat' dir='ltr'>infidelis</span> <span class='ocrx_word' id='word_1_357' title='bbox 1147 4219 1185 4290; x_wconf 89' lang='lat' dir='ltr'>in</span> <span class='ocrx_word' id='word_1_358' title='bbox 1202 4242 1315 4290; x_wconf 85' lang='lat' dir='ltr'>uxore</span> <span class='ocrx_word' id='word_1_359' title='bbox 1333 4216 1447 4308; x_wconf 79' lang='lat' dir='ltr'>fideli3</span> <span class='ocrx_word' id='word_1_360' title='bbox 1468 4231 1505 4289; x_wconf 93' lang='lat' dir='ltr'>et</span> <span class='ocrx_word' id='word_1_361' title='bbox 1521 4214 1738 4288; x_wconf 81' lang='lat' dir='ltr'>sanctificata</span> <span class='ocrx_word' id='word_1_362' title='bbox 1750 4232 1803 4289; x_wconf 91' lang='lat' dir='ltr'>est</span> 
     </span>
     <span class='ocr_line' id='line_1_32' title="bbox 215 4335 1802 4435; baseline -0.001 -27"><span class='ocrx_word' id='word_1_363' title='bbox 215 4371 236 4410; x_wconf 79' lang='lat' dir='ltr'>u</span> <span class='ocrx_word' id='word_1_364' title='bbox 253 4339 379 4413; x_wconf 81' lang='lat' dir='ltr'>mtrlier</span> <span class='ocrx_word' id='word_1_365' title='bbox 390 4338 544 4412; x_wconf 88' lang='lat' dir='ltr'>infidelis</span> <span class='ocrx_word' id='word_1_366' title='bbox 561 4340 598 4412; x_wconf 94' lang='lat' dir='ltr'>in</span> <span class='ocrx_word' id='word_1_367' title='bbox 611 4339 717 4412; x_wconf 91' lang='lat' dir='ltr'>fratre</span> <span class='ocrx_word' id='word_1_368' title='bbox 730 4338 838 4412; x_wconf 88' lang='lat' dir='ltr'>fideli.</span> <span class='ocrx_word' id='word_1_369' title='bbox 853 4368 872 4407; x_wconf 84' lang='lat' dir='ltr'>u</span> <span class='ocrx_word' id='word_1_370' title='bbox 887 4339 1042 4411; x_wconf 91' lang='lat' dir='ltr'>Proinde</span> <span class='ocrx_word' id='word_1_371' title='bbox 1056 4339 1145 4411; x_wconf 92' lang='lat' dir='ltr'>illud</span> <span class='ocrx_word' id='word_1_372' title='bbox 1158 4339 1294 4412; x_wconf 92' lang='lat' dir='ltr'>dictum</span> <span class='ocrx_word' id='word_1_373' title='bbox 1308 4352 1362 4411; x_wconf 91' lang='lat' dir='ltr'>est</span> <span class='ocrx_word' id='word_1_374' title='bbox 1378 4336 1578 4412; x_wconf 89' lang='lat' dir='ltr'>secundum</span> <span class='ocrx_word' id='word_1_375' title='bbox 1591 4335 1802 4435; x_wconf 88' lang='lat' dir='ltr'>ampliorem</span> 
     </span>
     <span class='ocr_line' id='line_1_33' title="bbox 212 4456 1799 4558; baseline -0.003 -27"><span class='ocrx_word' id='word_1_376' title='bbox 212 4459 439 4532; x_wconf 88' lang='lat' dir='ltr'>sanctitatem</span> <span class='ocrx_word' id='word_1_377' title='bbox 452 4461 686 4558; x_wconf 88' lang='lat' dir='ltr'>innuptarum</span> <span class='ocrx_word' id='word_1_378' title='bbox 698 4482 808 4557; x_wconf 89' lang='lat' dir='ltr'>quam</span> <span class='ocrx_word' id='word_1_379' title='bbox 822 4473 1029 4556; x_wconf 90' lang='lat' dir='ltr'>nuptarum.</span> <span class='ocrx_word' id='word_1_380' title='bbox 1042 4486 1060 4527; x_wconf 84' lang='lat' dir='ltr'>u</span> <span class='ocrx_word' id='word_1_381' title='bbox 1075 4463 1165 4531; x_wconf 90' lang='lat' dir='ltr'>ltem</span> <span class='ocrx_word' id='word_1_382' title='bbox 1175 4461 1204 4528; x_wconf 78' lang='lat'>⁸:</span> <span class='ocrx_word' id='word_1_383' title='bbox 1223 4487 1241 4528; x_wconf 84' lang='lat' dir='ltr'>u</span> <span class='ocrx_word' id='word_1_384' title='bbox 1253 4461 1373 4530; x_wconf 84' lang='lat' dir='ltr'>Manet</span> <span class='ocrx_word' id='word_1_385' title='bbox 1384 4456 1568 4532; x_wconf 80' lang='lat' dir='ltr'>vincultun</span> <span class='ocrx_word' id='word_1_386' title='bbox 1579 4456 1799 4555; x_wconf 89' lang='lat' dir='ltr'>nuptiarum,</span> 
     </span>
     <span class='ocr_line' id='line_1_34' title="bbox 213 4575 1798 4684; baseline -0.004 -30"><span class='ocrx_word' id='word_1_387' title='bbox 213 4581 370 4654; x_wconf 88' lang='lat' dir='ltr'>etiamsi</span> <span class='ocrx_word' id='word_1_388' title='bbox 390 4579 509 4679; x_wconf 92' lang='lat' dir='ltr'>proles</span> <span class='ocrx_word' id='word_1_389' title='bbox 518 4587 536 4670; x_wconf 91' lang='lat'>,&#39;</span> <span class='ocrx_word' id='word_1_390' title='bbox 553 4579 655 4678; x_wconf 85' lang='lat' dir='ltr'>cujus</span> <span class='ocrx_word' id='word_1_391' title='bbox 675 4603 782 4652; x_wconf 90' lang='lat' dir='ltr'>causa</span> <span class='ocrx_word' id='word_1_392' title='bbox 805 4580 933 4652; x_wconf 89' lang='lat' dir='ltr'>initum</span> <span class='ocrx_word' id='word_1_393' title='bbox 956 4593 1028 4670; x_wconf 91' lang='lat' dir='ltr'>est,</span> <span class='ocrx_word' id='word_1_394' title='bbox 1045 4579 1231 4652; x_wconf 86' lang='lat' dir='ltr'>manifesta</span> <span class='ocrx_word' id='word_1_395' title='bbox 1248 4577 1429 4651; x_wconf 89' lang='lat' dir='ltr'>sterilitate</span> <span class='ocrx_word' id='word_1_396' title='bbox 1446 4601 1520 4649; x_wconf 91' lang='lat' dir='ltr'>non</span> <span class='ocrx_word' id='word_1_397' title='bbox 1539 4575 1798 4684; x_wconf 83' lang='lat' dir='ltr'>subsequatur:</span> 
     </span>
     <span class='ocr_line' id='line_1_35' title="bbox 212 4695 1838 4798; baseline -0.002 -26"><span class='ocrx_word' id='word_1_398' title='bbox 212 4701 267 4774; x_wconf 87' lang='lat' dir='ltr'>ita</span> <span class='ocrx_word' id='word_1_399' title='bbox 278 4713 319 4772; x_wconf 91' lang='lat' dir='ltr'>ut</span> <span class='ocrx_word' id='word_1_400' title='bbox 331 4699 407 4796; x_wconf 86' lang='lat' dir='ltr'>jam</span> <span class='ocrx_word' id='word_1_401' title='bbox 423 4699 615 4773; x_wconf 88' lang='lat' dir='ltr'>scientibus</span> <span class='ocrx_word' id='word_1_402' title='bbox 638 4697 850 4797; x_wconf 87' lang='lat' dir='ltr'>conjugibus</span> <span class='ocrx_word' id='word_1_403' title='bbox 867 4723 942 4771; x_wconf 90' lang='lat' dir='ltr'>non</span> <span class='ocrx_word' id='word_1_404' title='bbox 963 4723 1001 4772; x_wconf 89' lang='lat' dir='ltr'>se</span> <span class='ocrx_word' id='word_1_405' title='bbox 1025 4697 1118 4770; x_wconf 88' lang='lat' dir='ltr'>lilios</span> <span class='ocrx_word' id='word_1_406' title='bbox 1131 4698 1335 4790; x_wconf 88' lang='lat' dir='ltr'>habituros,</span> <span class='ocrx_word' id='word_1_407' title='bbox 1353 4721 1517 4798; x_wconf 90' lang='lat' dir='ltr'>separare</span> <span class='ocrx_word' id='word_1_408' title='bbox 1529 4720 1567 4768; x_wconf 89' lang='lat' dir='ltr'>se</span> <span class='ocrx_word' id='word_1_409' title='bbox 1585 4710 1724 4787; x_wconf 90' lang='lat' dir='ltr'>tamen,</span> <span class='ocrx_word' id='word_1_410' title='bbox 1744 4695 1803 4769; x_wconf 87' lang='lat' dir='ltr'>vel</span> <span class='ocrx_word' id='word_1_411' title='bbox 1824 4705 1838 4729; x_wconf 88' lang='grc'><em>“</em></span> 
     </span>
     <span class='ocr_line' id='line_1_36' title="bbox 211 4816 1803 4920; baseline -0.001 -28"><span class='ocrx_word' id='word_1_412' title='bbox 211 4822 292 4920; x_wconf 87' lang='lat' dir='ltr'>ipsa</span> <span class='ocrx_word' id='word_1_413' title='bbox 305 4845 412 4894; x_wconf 86' lang='lat' dir='ltr'>causa</span> <span class='ocrx_word' id='word_1_414' title='bbox 425 4819 583 4894; x_wconf 85' lang='lat' dir='ltr'>liliorum</span> <span class='ocrx_word' id='word_1_415' title='bbox 595 4835 702 4918; x_wconf 91' lang='lat' dir='ltr'>atque</span> <span class='ocrx_word' id='word_1_416' title='bbox 717 4819 792 4893; x_wconf 84' lang='lat' dir='ltr'>aliis</span> <span class='ocrx_word' id='word_1_417' title='bbox 805 4819 975 4920; x_wconf 89' lang='lat' dir='ltr'>copulare</span> <span class='ocrx_word' id='word_1_418' title='bbox 984 4843 1059 4898; x_wconf 88' lang='lat' dir='ltr'>non</span> <span class='ocrx_word' id='word_1_419' title='bbox 1069 4819 1184 4892; x_wconf 88' lang='lat' dir='ltr'>liceat.</span> <span class='ocrx_word' id='word_1_420' title='bbox 1201 4819 1310 4908; x_wconf 89' lang='lat' dir='ltr'>Quod</span> <span class='ocrx_word' id='word_1_421' title='bbox 1323 4819 1353 4891; x_wconf 91' lang='lat' dir='ltr'>si</span> <span class='ocrx_word' id='word_1_422' title='bbox 1367 4817 1532 4908; x_wconf 90' lang='lat' dir='ltr'>fecerint,</span> <span class='ocrx_word' id='word_1_423' title='bbox 1544 4842 1627 4890; x_wconf 89' lang='lat' dir='ltr'>cum</span> <span class='ocrx_word' id='word_1_424' title='bbox 1642 4816 1711 4907; x_wconf 91' lang='lat' dir='ltr'>eis,</span> <span class='ocrx_word' id='word_1_425' title='bbox 1727 4819 1803 4915; x_wconf 92' lang='lat' dir='ltr'>qui·</span> 
     </span>
    </p>
   </div>
   <div class='ocr_carea' id='block_1_5' title="bbox 148 5025 1803 5304">
    <p class='ocr_par' dir='ltr' id='par_1_5' title="bbox 148 5025 1803 5304">
     <span class='ocr_line' id='line_1_37' title="bbox 248 5025 1802 5106; baseline -0.001 -16"><span class='ocrx_word' id='word_1_426' title='bbox 248 5038 336 5106; x_wconf 78' lang='lat' dir='ltr'>‘Cap</span> <span class='ocrx_word' id='word_1_427' title='bbox 364 5054 404 5101; x_wconf 87' lang='lat' dir='ltr'>xr,</span> <span class='ocrx_word' id='word_1_428' title='bbox 428 5040 489 5106; x_wconf 75' lang='lat' dir='ltr'>opp.</span> <span class='ocrx_word' id='word_1_429' title='bbox 508 5051 526 5092; x_wconf 87' lang='lat' dir='ltr'>t.</span> <span class='ocrx_word' id='word_1_430' title='bbox 547 5041 591 5100; x_wconf 83' lang='lat' dir='ltr'>vt,</span> <span class='ocrx_word' id='word_1_431' title='bbox 612 5041 661 5094; x_wconf 83' lang='lat' dir='ltr'>col.</span> <span class='ocrx_word' id='word_1_432' title='bbox 683 5042 785 5093; x_wconf 67' lang='lat' dir='ltr'>w.-</span> <span class='ocrx_word' id='word_1_433' title='bbox 801 5039 812 5068; x_wconf 76' lang='lat'>⁸</span> <span class='ocrx_word' id='word_1_434' title='bbox 827 5041 934 5093; x_wconf 71' lang='lat' dir='ltr'>Cmtntt.</span> <span class='ocrx_word' id='word_1_435' title='bbox 957 5041 987 5101; x_wconf 89' lang='lat' dir='ltr'>I,</span> <span class='ocrx_word' id='word_1_436' title='bbox 1031 5025 1475 5106; x_wconf 72' lang='lat' dir='ltr'>braisrtratemplummutspiritds</span> <span class='ocrx_word' id='word_1_437' title='bbox 1487 5035 1802 5106; x_wconf 77' lang='lat' dir='ltr'>sancdquiinrobisest,</span> 
     </span>
     <span class='ocr_line' id='line_1_38' title="bbox 210 5122 1803 5194; baseline 0.001 -19"><span class='ocrx_word' id='word_1_438' title='bbox 210 5137 273 5191; x_wconf 70' lang='lat' dir='ltr'>up.</span> <span class='ocrx_word' id='word_1_439' title='bbox 295 5137 344 5187; x_wconf 85' lang='lat' dir='ltr'>vu,</span> <span class='ocrx_word' id='word_1_440' title='bbox 364 5140 387 5175; x_wconf 87' lang='lat' dir='ltr'>r.</span> <span class='ocrx_word' id='word_1_441' title='bbox 408 5125 495 5174; x_wconf 78' lang='lat'>28.-</span> <span class='ocrx_word' id='word_1_442' title='bbox 508 5123 519 5152; x_wconf 84' lang='lat'>⁸</span> <span class='ocrx_word' id='word_1_443' title='bbox 530 5125 638 5177; x_wconf 75' lang='lat' dir='ltr'>Corinth.</span> <span class='ocrx_word' id='word_1_444' title='bbox 655 5125 683 5186; x_wconf 82' lang='lat' dir='ltr'>f,</span> <span class='ocrx_word' id='word_1_445' title='bbox 699 5139 756 5190; x_wconf 84' lang='lat' dir='ltr'>cap.</span> <span class='ocrx_word' id='word_1_446' title='bbox 778 5139 826 5186; x_wconf 83' lang='lat' dir='ltr'>vn,</span> <span class='ocrx_word' id='word_1_447' title='bbox 846 5139 872 5176; x_wconf 84' lang='lat' dir='ltr'>r.</span> <span class='ocrx_word' id='word_1_448' title='bbox 895 5124 936 5174; x_wconf 86' lang='lat' dir='ltr'>at.</span> <span class='ocrx_word' id='word_1_449' title='bbox 953 5146 987 5164; x_wconf 83' lang='lat'>·-</span> <span class='ocrx_word' id='word_1_450' title='bbox 1031 5141 1103 5194; x_wconf 85' lang='lat' dir='ltr'>quam</span> <span class='ocrx_word' id='word_1_451' title='bbox 1116 5122 1399 5176; x_wconf 59' lang='lat' dir='ltr'>trutinantem-⁸</span> <span class='ocrx_word' id='word_1_452' title='bbox 1412 5123 1549 5186; x_wconf 58' lang='lat' dir='ltr'>mourut,</span> <span class='ocrx_word' id='word_1_453' title='bbox 1562 5139 1677 5191; x_wconf 71' lang='lat' dir='ltr'>captu,</span> <span class='ocrx_word' id='word_1_454' title='bbox 1692 5139 1715 5174; x_wconf 85' lang='lat' dir='ltr'>r.</span> <span class='ocrx_word' id='word_1_455' title='bbox 1727 5125 1803 5176; x_wconf 86' lang='lat' dir='ltr'>tt.-</span> 
     </span>
     <span class='ocr_line' id='line_1_39' title="bbox 148 5206 1382 5304; baseline 0 -44"><span class='ocrx_word' id='word_1_456' title='bbox 148 5273 166 5304; x_wconf 62' lang='grc'><strong>.</strong></span> <span class='ocrx_word' id='word_1_457' title='bbox 207 5206 587 5276; x_wconf 66' lang='grc' dir='ltr'>’σοήπιὴ.1,οερ.νι,ν.19.</span> <span class='ocrx_word' id='word_1_458' title='bbox 603 5208 900 5277; x_wconf 69' lang='lat' dir='ltr'>:lanescitisqnoaiam</span> <span class='ocrx_word' id='word_1_459' title='bbox 911 5225 987 5262; x_wconf 85' lang='lat' dir='ltr'>marn-</span> <span class='ocrx_word' id='word_1_460' title='bbox 1032 5207 1382 5278; x_wconf 77' lang='lat' dir='ltr'>‘Cap.xr,ibid.‚col.82⁰.</span> 
     </span>
    </p>
   </div>
   <div class='ocr_carea' id='block_1_6' title="bbox 0 0 2248 6100">
    <p class='ocr_par' dir='ltr' id='par_1_6' title="bbox 0 0 2248 6100">
     <span class='ocr_line' id='line_1_40' title="bbox 0 0 2248 6100; baseline 0 2"><span class='ocrx_word' id='word_1_461' title='bbox 0 0 2248 6100; x_wconf 95' lang='lat' dir='ltr'> </span> 
     </span>
    </p>
   </div>
  </div>
 </body>
</html>
