4576 6100
465 549 535 623 sos
734 635 740 648 ‚
1060 550 1188 621 rerer
1215 549 1449 628 tentarer

461 717 554 781 uina,
577 717 645 763 nec
667 693 856 790 quisquam
874 713 1001 762 eorum
1019 715 1099 788 quae
1114 688 1321 787 possidebat
1339 688 1474 787 aliquid
1485 713 1590 760 suum
1606 713 1683 761 esse
1694 688 1850 780 dicebat,
1861 689 1925 762 sed
1942 707 2044 764 erant

460 809 528 884 illis
545 813 668 885 omnia
685 812 904 883 communia.
916 837 934 879 r
954 815 1103 882 Constat
1118 811 1225 882 etiam
1244 810 1427 897 Elisaeum,
1446 811 1531 907 quia
1546 809 1636 881 vidit
1656 809 1788 900 Eliam,
1808 810 1956 908 quando
1969 836 1991 883 a
2005 837 2043 884 se

356 991 358 996 .
460 929 669 1018 tollebatur,
697 929 919 1028 duplicatum
942 929 1107 1026 spiritum
1125 928 1227 1018 Eliae,
1252 928 1289 999 id
1316 943 1370 1000 est
1393 929 1604 1026 ampliorem
1629 930 1778 1025 gratiam
1802 930 1839 1000 in
1864 930 2043 1002 miraculis

459 1050 648 1144 accepisse.
679 1049 749 1134 Qui
778 1072 852 1118 non
883 1048 1001 1119 solum
1023 1049 1126 1119 vivus
1151 1049 1241 1119 sicut
1262 1047 1354 1118 Elias
1377 1061 1540 1118 mortuos
1564 1047 1762 1136 suscitavit,
1787 1049 2041 1120 verumetiam

458 1181 620 1239 mortuus
646 1193 728 1238 cum
756 1182 853 1239 tactu
878 1169 1012 1240 ossium
1032 1190 1186 1240 suorum.
1202 1168 1412 1239 defunctum
1427 1168 1508 1239 vitae
1525 1165 1712 1239 reddidit¹.
1736 1165 1833 1254 Quid
1852 1182 1907 1239 est
1928 1167 2041 1240 Eliam

457 1286 604 1376 intueri,
624 1286 771 1384 quando
788 1288 1002 1377 sustollitur,
1022 1290 1058 1359 in
1076 1289 1206 1360 coelum
1222 1288 1355 1360 scilicet
1375 1311 1537 1377 aereum,
1555 1286 1820 1358 nisi'Christum
1836 1286 1883 1359 ad
1900 1292 2039 1359 Patrem

455 1406 708 1478 ascendentem
724 1432 890 1495 cernere,
909 1407 981 1479 hoc
998 1422 1051 1479 est
1067 1433 1151 1479 eum
1173 1412 1275 1478 Patre
1297 1430 1372 1478 non
1394 1431 1470 1478 esse
1491 1406 1697 1477 inferiorem
1712 1403 1875 1493 credere,
1894 1404 1958 1476 sed
1976 1431 2039 1502 per

454 1525 648 1597 divinitatis
665 1541 830 1598 naturam
846 1527 962 1624 ipsum
981 1530 1012 1598 ei
1030 1542 1200 1624 tanquam
1217 1526 1389 1623 aequalem
1406 1527 1613 1598 occurrere?
1634 1524 1739 1597 Unde
1754 1540 1791 1598 et
1808 1525 2008 1596 Psalmista¹
2026 1555 2034 1595 :

456 1673 472 1710 κ
494 1647 520 1714 Α
536 1670 679 1716 summo
697 1645 787 1716 coelo
804 1647 958 1740 egressio
976 1647 1064 1740 ejus,
1084 1661 1119 1718 θῖ
1132 1671 1300 1718 occursus
1318 1645 1393 1741 ejus
1408 1667 1521 1742 usque
1537 1644 1584 1716 ad
1602 1668 1785 1715 summum
1795 1644 1883 1740 ejus.
1899 1671 1917 1712 o
1937 1645 2038 1714 Sum-

452 1785 553 1833 mum
569 1765 702 1860 quippe
718 1763 848 1834 coelum
863 1765 928 1834 Dei
947 1765 1057 1834 Patris
1074 1763 1318 1836 excellentiam
1335 1765 1434 1854 dicit,
1447 1765 1508 1862 qui
1523 1789 1588 1862 per
1604 1763 1676 1835 hoc
1693 1763 1792 1860 quod
1810 1762 1944 1834 abalio
1962 1787 2034 1834 non

452 1899 517 1971 est,
537 1909 696 1954 summus
714 1909 778 1981 per
795 1885 1017 1955 existentiam
1033 1885 1163 1956 dicitur
1179 1885 1422 1983 potiusquam
1438 1907 1502 1982 per
1518 1883 1741 1980 dignitatem.
1759 1887 1810 1953 Ex
1825 1882 1897 1954 hoc
1912 1884 2034 1979 utique
2095 1907 2098 1914 ’

451 2001 543 2072 coelo
564 2001 669 2074 lilius
688 2003 869 2074 nascendo
887 2003 1071 2101 procedit,
1094 2005 1180 2102 quia
1203 2005 1340 2076 Platoni
1357 2029 1458 2076 mens
1474 2029 1516 2074 ex
1533 2028 1674 2075 summo
1694 2007 1771 2074 Deo
1788 2017 1873 2074 nata
1890 2001 2031 2091 dicitur,

448 2121 520 2193 hoc
538 2138 589 2198 θεῖ
605 2123 777 2220 sapientia
793 2123 838 2194 de
856 2124 933 2220 ipsa
949 2125 1060 2195 Patris
1079 2124 1277 2196 substantia
1292 2126 1444 2196 existens
1459 2121 1632 2220 tanquam
1648 2123 1777 2220 genita.
1798 2105 1851 2192 De
1867 2119 1938 2191 hoo
1954 2123 2031 2217 qui·

449 2240 532 2313 dem
558 2267 699 2338 egressu
723 2242 962 2338 generationis
986 2244 1062 2314 Filii
1087 2243 1134 2316 de
1159 2249 1261 2315 Patre
1282 2245 1369 2315 illud
1390 2259 1443 2316 est
1462 2243 1755 2342 propheticum⁸2
1777 2245 1852 2312 «Et
1874 2265 2031 2338 egressus

448 2361 522 2456 ejus
539 2362 584 2432 ab
602 2363 704 2434 initio
721 2362 881 2436 adiebus
899 2364 1117 2436 aeternitatis.
1134 2393 1150 2430 o
1170 2367 1213 2434 Et
1226 2367 1301 2462 ipse
1313 2364 1482 2436 Filius‘2«
1497 2365 1609 2453 Exivi,
1624 2391 1642 2430 n
1661 2363 1789 2459 inquit,
1812 2385 1863 2433 «a
1881 2365 1994 2432 Patre.
2011 2391 2027 2426 n

447 2481 516 2568 Qui
539 2506 585 2552 ne
601 2481 749 2553 inferior
767 2482 824 2554 vel
843 2482 1025 2578 indignior
1041 2486 1143 2555 Patre
1160 2483 1357 2571 videretur,
1381 2508 1549 2556 occursus
1567 2484 1641 2580 ejus
1656 2506 1770 2577 usque
1788 2479 1835 2552 ad
1851 2504 2029 2552 summurn

446 2599 520 2694 ejus
537 2600 751 2690 adnectitur,
764 2603 849 2698 quia
864 2625 929 2698 per
944 2600 1207 2700 plenitudinem
1223 2601 1416 2674 divinitatis
1430 2603 1524 2675 Patri
1536 2601 1724 2698 coaequalis
1740 2600 1902 2694 assurgit.
1924 2599 2028 2695 Cujus

445 2719 591 2818 quidem
609 2721 816 2818 aequalitatis
832 2721 1095 2794 dubitationem
1111 2722 1187 2820 ipse
1203 2721 1393 2820 increpans
1409 2721 1446 2792 in
1468 2723 1579 2793 Maria
1593 2720 1698 2792 dicit⁵
1717 2748 1724 2789 :
1747 2717 1859 2789 «Noli
1876 2741 1933 2789 me
1950 2733 2027 2791 tan-

445 2864 540 2935 gere,
561 2841 724 2912 nondum
741 2842 838 2912 enirn
854 2840 998 2912 ascendi
1016 2840 1061 2912 ad
1079 2855 1217 2937 patrem
1240 2863 1374 2911 mcum.
1392 2869 1409 2906 n
1427 2845 1476 2910 Ac
1492 2841 1521 2911 si
1537 2839 1776 2910 diceretzNon
1795 2863 1832 2909 es
1849 2861 1907 2907 me
1922 2837 2027 2934 digna

444 2958 610 3030 manibus
627 2961 695 3032 tuis
704 2960 913 3054 contingere
929 2960 965 3030 in
983 2959 1099 3047 terrie,
1118 2983 1198 3055 quae
1213 2958 1379 3030 nondum
1395 2957 1466 3029 fide
1483 2983 1541 3028 me
1557 2972 1729 3054 tanquam
1747 2956 1839 3028 Patri
1858 2957 2025 3054 aequalem

404 3139 407 3145 .
443 3080 621 3176 contingis
634 3080 671 3153 in
689 3080 865 3179 supernis,
883 3079 984 3176 quod
1000 3095 1065 3170 est,
1086 3102 1145 3151 me
1160 3077 1327 3151 nondum
1341 3077 1406 3151 tibi
1421 3078 1469 3150 ad
1486 3081 1626 3150 Patrem
1638 3075 1859 3166 ascendisse3
1877 3075 1949 3148 hoc
1960 3093 2023 3165 est,

442 3212 477 3267 te
505 3197 670 3268 nondum
693 3199 839 3270 credere
865 3223 923 3268 me
948 3198 997 3268 illi
1022 3221 1088 3295 per
1112 3196 1374 3298 plenitudinem
1399 3194 1593 3268 divinitatis
1627 3195 1799 3293 aequalem
1824 3219 2020 3268 occurrere.

442 3316 549 3401 Quod
566 3316 648 3412 quia
670 3322 790 3420 Petrus
807 3315 941 3387 caeteris
966 3315 1104 3388 firmior
1130 3317 1167 3386 in
1194 3315 1267 3388 lide
1288 3315 1440 3413 amplius
1464 3315 1634 3404 credidit,
1655 3316 1756 3411 quasi
1776 3314 1865 3387 alter
1885 3314 2023 3388 Elisaeus

441 3437 554 3508 Eliam
572 3438 709 3510 sustolli
726 3437 826 3508 vidit.
854 3435 957 3508 Unde
980 3451 1016 3506 et
1038 3435 1203 3534 spiritum
1220 3435 1303 3508 Eliae
1318 3439 1420 3534 quasi
1441 3437 1660 3533 geminatum
1675 3435 1732 3506 vel
1753 3435 2021 3532 multiplicatum

441 3558 602 3653 accipere
627 3559 773 3646 meruit,
801 3558 863 3653 qui
889 3557 935 3628 ab
964 3557 1042 3652 ipso
1066 3555 1207 3627 Christo
1233 3556 1404 3651 majorem
1426 3557 1681 3628 miraculorum
1702 3557 1849 3652 gratiam
1870 3557 2018 3654 accepit,
2127 3569 2135 3582 ‘

441 3701 550 3774 quam
578 3679 653 3776 ipse
677 3677 836 3750 Christus
863 3703 927 3775 per
952 3679 1183 3778 semetipsum
1205 3677 1382 3770 exhibuit,
1408 3681 1498 3752 sicut
1520 3696 1555 3752 et
1577 3682 1652 3778 ipse
1674 3695 1777 3752 antea
1799 3680 2018 3778 promiserat,

440 3797 582 3870 dicens⁸
602 3827 610 3868 :
632 3829 649 3866 o
668 3801 737 3886 Qui
754 3799 867 3872 credit
883 3801 918 3870 in
938 3824 1008 3889 me,
1028 3824 1139 3899 opera
1155 3825 1233 3897 quae
1250 3825 1316 3897 ego
1334 3799 1425 3872 lacio
1442 3817 1477 3873 et
1493 3803 1568 3900 ipse
1584 3801 1700 3892 faciet,
1719 3801 1803 3898 quia
1819 3799 1864 3872 ad
1884 3805 2019 3872 Patrem

439 3918 551 4006 vad03
566 3948 584 3986 n
604 3919 675 3991 hoc
689 3921 792 3992 estin
807 3921 916 3992 corde
933 3922 1041 4018 ipsius
1059 3945 1123 4018 per
1141 3921 1249 3994 fidem
1265 3922 1310 3995 ad
1328 3923 1563 4018 aequalitatem
1579 3923 1687 3994 Patris
1700 3921 1920 3994 conscendo.
1942 3926 2023 4009 Quo·

437 4039 558 4136 itaque
585 4044 706 4112 Petrus
723 4041 759 4112 in
781 4039 848 4114 hac
871 4040 942 4112 lide
963 4039 1101 4112 firmior
1116 4041 1241 4133 extitit,
1256 4042 1426 4137 majorem
1443 4067 1552 4139 quam
1569 4042 1685 4114 caeteri
1701 4044 1850 4138 gratiam
1870 4045 2015 4114 miracu·

438 4157 556 4230 lorum
572 4159 713 4231 meruit.
734 4160 803 4246 Qui
823 4183 897 4231 non
914 4157 1031 4230 solum
1048 4143 1210 4232 infirmos
1226 4175 1262 4234 et
1277 4161 1405 4233 umbra
1421 4163 1583 4260 corporis
1599 4162 1752 4250 curavit,
1771 4185 1898 4234 verum
1915 4164 2016 4235 etiam

438 4278 563 4349 eadem
579 4279 715 4351 umbrae
728 4303 799 4350 sure
810 4279 938 4351 virtute
950 4279 1080 4351 dieitur
1093 4281 1291 4354 suscitasse.
1308 4282 1411 4352 Unde
1424 4285 1636 4379 Augustinus
1653 4285 1691 4353 in
1704 4282 1849 4352 Pralnw
1863 4286 1989 4356 CXXX
2004 4313 2013 4353 :

439 4425 455 4463 a
477 4401 516 4466 ln
539 4397 693 4486 Christo,
712 4425 728 4464 o
757 4397 889 4493 inquit,
911 4427 929 4464 a
945 4400 1080 4494 majora
1099 4399 1221 4471 fecisse
1237 4399 1406 4472 videntur
1423 4401 1594 4500 apostoli,
1613 4377 1725 4498 quam
1746 4402 1821 4500 ipse
1844 4403 2014 4476 Dominus

435 4517 546 4584 lesus.
578 4515 630 4585 Ad
654 4540 782 4586 vocem
809 4515 955 4586 Domini
981 4532 1209 4590 surrexerunt
1236 4521 1382 4590 mortui.
1413 4519 1465 4592 Ad
1492 4521 1658 4593 umbrant
1686 4521 1901 4594 transeuntis
1927 4522 2012 4592 Petri

435 4636 585 4705 surrexit
607 4649 781 4709 mortuus.
800 4665 817 4703 »
845 4635 1001 4707 Isidorus
1023 4636 1067 4707 de
1085 4641 1170 4708 Vita
1184 4653 1221 4708 et
1236 4637 1340 4712 Obitu
1358 4657 1560 4713 sanctornm
1578 4645 1729 4712 Patrem
1747 4667 1758 4710 .·
1779 4639 1935 4711 «Simon
1952 4641 2011 4711 Pe·

435 4767 509 4825 trus
518 4756 735 4851 praeteriens,
750 4755 878 4828 umbra
893 4771 1055 4828 mortuos
1071 4758 1263 4831 suscitavit.
1283 4787 1301 4826 »
1319 4759 1519 4858 Quodergo
1529 4761 1705 4834 Dominus
1714 4761 1782 4833 ait:
1797 4787 1815 4827 a
1826 4757 2012 4846 Quicmdit

469 5050 476 5076 ¹
497 5053 557 5116 lisy.
570 5053 614 5113 W,
628 5069 685 5122 cap.
698 5072 756 5116 xm,
768 5071 791 5106 v.
802 5055 844 5106 21.
855 5083 885 5092 —
896 5054 906 5082 ¹
918 5056 1008 5109 Psalm.
1020 5071 1094 5118 xvru,
1107 5073 1128 5108 r.
1145 5061 1169 5109 t.
1181 5084 1206 5095 -
1216 5057 1226 5085 ⁸
1238 5057 1323 5122 tttch,
1335 5075 1390 5127 cap.
1403 5077 1428 5123 r,
1439 5077 1462 5111 r.
1475 5063 1500 5112 2.
1513 5085 1543 5099 ι-
1555 5061 1565 5089 ·
1576 5061 1659 5122 toan,
1670 5071 1726 5126 cap.
1737 5075 1795 5124 sn,
1807 5069 1830 5110 r.
1843 5055 2009 5117 28.·-⁸tttt.,

431 5154 487 5205 cap.
500 5156 546 5203 xx,
558 5155 581 5190 r.
595 5141 634 5190 ti.
644 5167 671 5178 -
686 5141 782 5205 'lbid.,
792 5157 846 5207 cap.
860 5157 912 5203 xn,
924 5157 948 5194 v.
966 5145 1005 5193 12.
