4522 6104
404 575 408 584 ·
431 551 504 624 678
1030 553 1159 626 PETRI
1184 552 1419 628 ABAELARDI

429 692 467 764 in
491 691 659 790 paradiso
682 689 753 764 dici
775 706 1043 784 memorantur3
1070 694 1145 766 imo
1161 717 1184 765 e
1198 694 1383 768 contrario
1403 690 1543 767 nullum
1559 694 1607 768 de
1624 698 1833 773 nominihus
1852 700 2017 773 animan·

427 813 520 886 tium
538 826 639 883 terrae
655 810 711 884 vel
726 812 917 885 volucrum
933 837 1013 912 quae
1029 812 1143 886 Adam
1159 814 1371 913 imposuisse
1382 813 1525 907 dicitur,
1544 816 1582 888 in
1598 816 1655 890 his
1670 818 1913 892 locutionibus
1928 843 2017 892 con·

429 935 575 1004 tinctur.
594 933 703 1018 Quod
720 947 840 1006 autem
855 932 1019 1033 pluribus
1034 934 1138 1006 annis
1154 935 1192 1006 in
1210 935 1378 1033 paradiso
1394 935 1609 1010 innocenter
1625 939 1795 1030 vixerint,
1817 951 1945 1038 praeter
1959 962 2016 1013 ra·

427 1053 565 1125 tionem
590 1078 701 1150 quarn
729 1053 899 1145 diximus,
927 1055 1120 1127 auctoritas
1144 1054 1327 1127 Malachiae
1347 1055 1552 1154 prophetae,
1582 1059 1640 1129 cui
1666 1058 1860 1158 plurimum
1884 1061 1921 1131 in
1946 1058 2017 1132 hoc

427 1169 554 1242 beatus
570 1173 716 1242 assentit
732 1172 965 1269 Augustinus,
992 1187 1151 1245 astruere
1165 1171 1321 1246 videtur.
1343 1173 1447 1246 Unde
1465 1174 1562 1248 idem
1580 1175 1710 1249 doctor
1726 1176 1835 1250 verba
1857 1177 1916 1252 illa
1932 1203 2017 1276 pro-

427 1286 545 1384 phetae
571 1289 747 1362 inducens
772 1289 837 1361 lib.
866 1289 910 1362 de
936 1293 1009 1362 Cir.
1031 1293 1103 1362 Dei
1126 1295 1207 1380 XX,
1237 1315 1319 1390 cap.
1347 1315 1446 1364 xrvu
1468 1320 1476 1364 ι
1500 1321 1520 1362 a
1542 1298 1752 1394 Exponere,
1780 1296 1920 1394 inquit,
1951 1321 2017 1369 nos

428 1422 572 1506 oportet
587 1409 775 1504 quomodo
792 1409 838 1482 sit
853 1408 1103 1508 accipiendum
1127 1409 1228 1507 quod
1253 1409 1391 1483 dictum
1412 1425 1485 1502 est,
1507 1439 1526 1480 a
1548 1413 1640 1484 sicut
1662 1414 1700 1484 in
1716 1412 1845 1486 diebus
1860 1415 2017 1513 pristinis

429 1553 448 1594 u
466 1540 503 1598 ct
531 1527 624 1598 sicut
649 1528 753 1598 aunis
778 1525 989 1624 prioribus:
1012 1526 1207 1600 »fortassis
1232 1528 1330 1598 enim
1354 1542 1496 1630 tempus
1523 1527 1613 1600 illud
1640 1546 1918 1620 commemorat,
1942 1557 2016 1628 quo

426 1646 533 1743 primi
549 1645 715 1718 homines
734 1648 771 1718 in
788 1646 956 1746 paradiso
973 1644 1130 1719 luerunt.
1144 1649 1244 1717 Tunc
1260 1648 1357 1718 enim
1368 1648 1450 1745 puri
1466 1661 1574 1745 atque
1589 1649 1718 1745 integri
1732 1649 1778 1722 ab
1795 1651 1896 1722 omni
1911 1651 2017 1723 sorde

426 1787 468 1837 ac
493 1765 574 1838 labe
596 1767 735 1864 peccati
757 1766 893 1864 seipsos
915 1769 993 1838 Deo
1015 1765 1268 1837 mundissimas
1289 1764 1424 1838 hostias
1447 1765 1661 1842 offerebant.
1680 1771 1856 1842 Craterum
1877 1795 1920 1840 ex
1944 1795 2017 1868 quo

426 1885 625 1956 commissae
646 1885 950 1984 praevaricationis
966 1907 1073 1956 causa
1090 1883 1176 1955 inde
1196 1883 1317 1956 emissi
1332 1898 1437 1974 sunt,
1464 1899 1573 1983 atque
1588 1867 1746 1960 humana
1769 1890 1806 1959 in
1823 1890 1875 1962 eis
1891 1904 2018 1962 natura

426 2002 597 2076 damnata
610 2017 681 2092 est,
702 2017 851 2102 excepto
876 2026 951 2074 uno
970 2001 1187 2092 mediatore,
1209 2017 1247 2074 et
1267 2018 1351 2101 post
1366 2002 1550 2076 lavacrum
1572 2007 1853 2103 regenerationis
1870 2007 2017 2105 quibus·

423 2149 497 2222 que
512 2123 632 2197 adhuc
648 2123 827 2223 parvulis,
849 2151 868 2192 ι(
886 2147 996 2194 nemo
1014 2121 1174 2195 mundus
1189 2146 1211 2194 a
1225 2121 1353 2212 sorde,
1378 2149 1397 2190 a
1416 2123 1511 2196 sicut
1528 2125 1703 2224 scriptum
1718 2140 1772 2203 est
1787 2131 1810 2216 ¹,
1832 2153 1852 2194 a
1869 2151 1939 2198 nec
1962 2129 2016 2200 in·

427 2271 446 2312 a
465 2244 544 2316 fans
560 2247 662 2340 cujus
678 2259 731 2316 est
745 2245 852 2315 unius
873 2243 946 2314 diei
966 2243 1039 2314 vita
1061 2267 1171 2342 super
1184 2256 1331 2315 terram.
1350 2271 1369 2311 a
1387 2243 1541 2331 Quodsi
1557 2243 1809 2342 respondetur,
1827 2247 1937 2318 etiam
1956 2270 2017 2317 eos

424 2365 554 2435 merito
570 2363 641 2434 dici
658 2387 763 2461 posse
780 2361 910 2434 olierre
921 2361 1057 2434 hostias
1072 2361 1111 2433 in
1122 2361 1276 2458 justitia,
1294 2362 1357 2459 qui
1373 2362 1531 2435 offerunt
1547 2363 1584 2436 in
1600 2361 1691 2454 lide,
1713 2391 1732 2432 a
1746 2365 1863 2461 justus
1881 2393 1900 2433 n
1919 2366 2016 2437 enim

427 2509 446 2550 u
464 2507 507 2552 ex
522 2479 594 2552 fide
608 2479 695 2552 vivit
710 2484 739 2570 ¹3
759 2507 777 2547 n
796 2481 961 2577 quamvis
972 2479 1130 2578 seipsum
1145 2478 1311 2569 seducat,
1326 2480 1359 2552 si
1372 2479 1501 2553 dixerit
1517 2505 1556 2554 se
1571 2505 1648 2554 non
1663 2481 2011 2580 haberepeccatum,

424 2616 459 2672 et
479 2601 562 2673 ideo
585 2599 680 2672 dicat
706 2624 804 2672 nunc
820 2600 905 2697 quia
920 2623 963 2672 ex
990 2598 1062 2671 fide
1080 2597 1180 2671 vivit.
1200 2597 1382 2697 Numquid
1398 2599 1560 2672 dictums
1574 2615 1629 2672 est
1643 2601 1822 2701 quispiam
1838 2600 1909 2672 hoc
1927 2601 2012 2674 fidei

423 2733 566 2818 tempus
582 2718 633 2790 illi
648 2712 714 2790 ¹lini
731 2741 807 2790 esse
823 2717 1103 2816 coaequandum,
1128 2715 1278 2816 quando
1296 2718 1379 2814 igne
1399 2717 1526 2814 judicii
1541 2720 1727 2792 novissimi
1743 2719 2017 2794 mundabuntm

423 2839 486 2936 qui
502 2837 675 2912 offerrent
695 2843 732 2910 in
752 2839 902 2936 justitia.
922 2842 972 2910 hc
987 2861 1053 2938 per
1069 2836 1141 2910 hoc
1165 2837 1339 2935 quoniam
1354 2851 1438 2935 post
1453 2837 1562 2910 talem
1582 2838 1857 2912 inundationem
1876 2839 2017 2914 nullum

422 2973 611 3056 peccatum
623 2959 739 3057 justos
755 2958 942 3030 habituros
958 2981 1035 3030 esse
1051 2955 1275 3030 credendum
1289 2970 1360 3045 est,
1378 2954 1542 3054 profecto
1558 2955 1648 3030 illud
1661 2971 1821 3057 tempus,
1839 2973 2016 3056 quantum

422 3081 550 3153 attinet
566 3080 613 3153 ad
630 3105 705 3152 non
721 3078 856 3152 habere
872 3093 1081 3178 peccatum,
1100 3077 1190 3150 nulli
1204 3078 1361 3176 tempori
1380 3077 1669 3176 comparandum
1687 3094 1758 3170 est,
1777 3079 1848 3150 nisi
1867 3079 2017 3177 quando

421 3205 529 3302 primi
544 3199 712 3276 homines
728 3202 765 3273 in
785 3200 953 3301 paradiso
970 3213 1053 3273 ante
1068 3199 1400 3299 prevaricationem
1419 3199 1714 3272 innocentissima
1736 3199 1903 3273 felicitate
1919 3201 2015 3273 vire·

421 3337 519 3394 runt.
539 3325 647 3394 Recte
674 3324 797 3418 itaque
824 3320 1033 3417 intelligitur
1048 3317 1121 3391 hoc
1149 3317 1389 3416 significatam
1406 3341 1487 3391 esee
1506 3343 1620 3417 quum
1635 3318 1774 3392 dictum
1795 3333 1867 3408 est,
1889 3348 1907 3388 v<
1925 3321 2015 3397 sicut

425 3468 443 3509 u
462 3440 590 3513 diebus
606 3441 766 3540 pristinis
782 3455 818 3512 et
832 3440 923 3512 sicut
934 3438 1039 3511 annis
1053 3437 1247 3536 prioribus.
1262 3466 1282 3505 n
1297 3441 1389 3510 Nam
1403 3452 1440 3509 et
1455 3461 1522 3536 per
1536 3437 1666 3510 lsaiam
1676 3453 1802 3537 postea
1817 3462 1928 3536 quam
1945 3463 2017 3522 cur·

420 3557 498 3628 lum
520 3581 658 3630 novum
673 3571 710 3628 et
729 3573 824 3628 terra
839 3581 934 3629 nova
950 3556 1129 3654 promissa
1143 3567 1216 3645 est,
1235 3555 1329 3627 inter
1344 3569 1472 3628 cetera
1486 3580 1567 3654 que
1578 3555 1629 3628 ibi
1645 3551 1692 3642 dc
1703 3571 1911 3630 sauctorum
1926 3557 2013 3630 bea·

419 3675 573 3750 titudine
597 3701 663 3776 per
688 3676 875 3776 allegorias
891 3691 927 3748 et
943 3676 1132 3773 aenigmate
1152 3675 1369 3774 exsequitur,
1389 3675 1521 3774 qrribus
1533 3677 1800 3775 ⁴expositionem
1815 3701 2013 3774 congruam

419 3797 572 3870 reddere
591 3823 658 3870 nos
677 3796 881 3897 prohibuit,
899 3796 1055 3871 vitandae
1070 3797 1307 3895 longitudinis
1326 3820 1430 3887 citra,
1451 3825 1472 3866 a
1485 3797 1688 3872 secundum
1711 3798 1805 3890 dies,
1827 3827 1846 3868 u
1865 3799 2011 3898 inquit⁸,

421 3945 439 3987 e
458 3919 547 4016 ligni
560 3919 643 3990 vitre
658 3931 764 3992 erunt
779 3919 856 3992 dies
872 3917 998 4018 populi
1013 3918 1099 3994 mei.
1116 3947 1135 3986 n
1149 3918 1237 4006 Qn'u
1253 3931 1374 3990 autem
1386 3939 1505 3990 sacras
1520 3915 1657 3990 litteras
1668 3919 1800 4014 attigit,
1821 3933 1858 3990 et
1872 3919 2013 4017 ignorat

418 4037 481 4111 ubi
497 4042 593 4110 Deus
608 4037 824 4138 plantaverit
840 4038 979 4135 lignum
993 4038 1093 4127 vitae,
1111 4039 1247 4138 acujus
1262 4035 1347 4110 cibo
1357 4037 1529 4136 separatis
1540 4035 1608 4110 illis
1619 4035 1846 4124 bominibus,
1864 4037 2013 4135 quando

312 4141 321 4152 ⁵
418 4185 481 4233 eos
496 4183 561 4233 sua
581 4160 627 4232 de
644 4159 812 4259 paradiso
830 4159 934 4256 ejecit
951 4159 1137 4256 iniquitas,
1160 4157 1281 4232 eidem
1297 4157 1396 4254 ligno
1412 4158 1666 4256 circumposita
1681 4172 1735 4230 est
1745 4157 1855 4258 ignea
1870 4159 2012 4231 terribi-

417 4282 532 4382 lisque
543 4281 726 4354 custodia.
746 4280 856 4368 Quod
873 4280 1063 4378 quisquam
1080 4277 1161 4351 illos
1176 4277 1253 4352 dies
1268 4277 1356 4376 ligni
1371 4279 1469 4368 vitae,
1496 4303 1589 4377 quos
1605 4279 1906 4353 commemoravit
1926 4303 2011 4378 pro·

417 4399 528 4497 pheta
553 4399 679 4490 isaias,
706 4400 793 4471 istos
818 4399 882 4497 qui
904 4422 1003 4471 nunc
1026 4413 1181 4496 agunmr
1206 4397 1365 4472 ecclesia
1388 4397 1468 4475 dies
1492 4421 1569 4472 esse
1593 4396 1799 4486 contendit,
1822 4399 2009 4498 ipsumque

418 4517 601 4593 Christum
616 4520 756 4617 lignum
772 4519 852 4590 vitae
867 4516 1078 4617 prophetice
1093 4517 1251 4608 dictum,
1269 4518 1355 4616 quia
1369 4518 1446 4616 ipse
1461 4531 1516 4591 est
1530 4518 1705 4617 sapientia
1717 4519 1785 4591 Dei
1797 4517 1844 4591 de
1859 4543 1933 4615 qua
1947 4521 2009 4592 Sa·

418 4637 545 4712 lomon
561 4641 611 4712 ait
625 4643 636 4679 ⁴
656 4667 664 4710 ε
689 4667 707 4707 o
726 4639 877 4736 Lignum
897 4639 978 4710 vitae
998 4652 1052 4711 est
1066 4634 1237 4710 omnibus
1251 4636 1551 4738 amplectentibus
1569 4660 1667 4726 eam,
1689 4666 1707 4706 a
1726 4662 1794 4709 nec
1813 4661 1930 4710 annos
1947 4637 2008 4711 nli·

419 4783 511 4854 quos
527 4761 640 4857 egisse
663 4761 699 4831 in
717 4760 886 4860 paradiso
902 4759 983 4832 illos
998 4759 1135 4859 primos
1150 4758 1334 4848 homines,
1354 4756 1452 4831 unde
1468 4773 1544 4830 tem
1561 4757 1634 4832 cito
1656 4757 1759 4854 ejecti
1781 4772 1883 4847 suut,
1903 4771 1944 4830 ut
1960 4755 2007 4828 ibi

343 4876 355 4899 ‘
419 4877 559 4950 nullum
574 4881 760 4977 g'gnerent
776 4879 907 4969 filium,
926 4895 962 4954 et
975 4879 1058 4952 ideo
1075 4903 1151 4951 non
1167 4901 1273 4978 posse
1283 4875 1378 4953 illud
1391 4892 1536 4978 tempus
1552 4875 1701 4973 intelligi
1716 4877 1754 4950 in
1773 4901 1819 4950 co
1835 4875 1938 4974 quod
1953 4874 2008 4950 di·

452 5147 460 5176 ·
476 5146 709 5215 temnuntur.
723 5143 1844 5218 t.-·rm.,up.1,v.are-'tuumnev.22.-·⁴rm.,‘up.u‚v.rs.
