4496 6102
420 575 492 648 356
1018 589 1146 660 PETRI
1172 589 1407 662 tumtunm

420 717 519 812 quod
537 719 664 793 divinae
680 726 797 820 gratiae
815 725 973 820 donum,
991 730 1054 802 sed
1078 731 1115 802 in
1132 721 1279 803 Mariam
1298 730 1521 828 supervenit,
1541 754 1655 828 quum
1677 731 1710 802 ei
1729 731 1951 832 superiorem
1971 749 2003 806 et

420 833 706 913 excellentiorem
723 845 891 920 omnibus
903 851 1051 946 gratiam
1065 849 1266 922 contulerit.
1286 851 1382 938 Quid
1396 866 1516 923 autern
1530 847 1680 950 Spiritus
1693 852 1778 941 Det,
1795 853 1862 924 nisi
1880 851 2004 925 divina

419 955 585 1054 bonitatis
599 979 707 1035 amor
722 990 783 1037 seu
799 965 938 1040 donum
954 970 1170 1070 intelligitur,
1192 997 1304 1069 quum
1324 970 1457 1070 aliquid
1473 971 1577 1044 nobis
1596 995 1704 1070 supra
1721 974 1846 1044 merita
1864 974 2006 1045 confer·
2087 1038 2092 1052 ,

420 1079 501 1148 tur?
526 1085 647 1168 Quum
667 1111 751 1184 ergo
773 1092 982 1187 mysterium
995 1094 1066 1166 hoc
1087 1093 1343 1166 lncarnationis
1362 1109 1478 1164 totum
1492 1119 1556 1193 per
1579 1093 1827 1191 operationem
1840 1092 2005 1166 bonitatis

410 1187 546 1272 'divinae
563 1206 673 1302 magis
691 1232 799 1304 quarn
821 1236 888 1310 per
904 1212 1046 1286 solitam
1059 1215 1319 1286 institutionem
1331 1229 1465 1286 naturae
1481 1214 1585 1285 luerit
1603 1229 1763 1312 gestum,
1785 1227 1879 1286 recte
1898 1213 2004 1312 Spiri-

421 1319 470 1390 tui
497 1338 620 1395 sancto
648 1342 701 1398 est
724 1330 929 1428 ascriptum.
961 1363 978 1402 n
1002 1337 1044 1404 Et
1069 1334 1180 1407 virtus
1203 1333 1370 1405 Altissimi
1397 1333 1626 1406 obumbrabit
1649 1333 1724 1405 tibi.
1752 1334 1913 1406 »Virtus
1942 1335 2004 1405 Dei

419 1439 528 1532 filius,
548 1446 619 1518 hoc
642 1465 695 1520 est
718 1467 894 1527 coaeterna
910 1455 986 1551 ejus
1008 1457 1179 1555 sapientia
1195 1455 1412 1554 intelligitur,
1432 1459 1531 1553 juxta
1553 1456 1642 1552 illud
1665 1455 1869 1554 Apostoli¹z
1896 1485 1914 1522 a
1936 1459 2004 1526 Nos

418 1578 537 1636 autem
558 1569 792 1665 predicamus
816 1574 996 1648 Christum
1016 1577 1081 1650 Dei
1094 1577 1263 1649 viantem
1279 1592 1314 1649 et
1327 1578 1391 1649 Dei
1412 1577 1634 1677 sapientiam.
1656 1605 1673 1644 n
1689 1577 1786 1646 Sicut
1802 1575 1899 1647 enim
1912 1579 2005 1647 Deus

418 1685 540 1757 omnia
564 1688 600 1758 in
626 1691 797 1791 sapientia
816 1720 879 1767 sua
902 1697 1002 1790 lecit,
1028 1698 1077 1769 sic
1100 1712 1135 1770 et
1155 1723 1221 1797 per
1243 1697 1356 1796 ipsam
1379 1697 1517 1797 perdita
1538 1696 1769 1787 restauravit,
1790 1695 1836 1768 ab
1857 1695 1947 1786 boc,
1970 1711 2005 1767 ut

420 1827 526 1903 supra
539 1811 785 1903 meminimus,
798 1831 927 1888 nostrae
940 1817 1199 1935 redemptionis
1217 1818 1365 1891 exordio
1384 1820 1676 1891 restaurationem
1695 1818 1798 1903 istam
1817 1817 2001 1890 inchoans.

418 1925 537 1998 Virtus
558 1929 678 2028 itaque
692 1935 758 2005 Dei
776 1934 868 2008 filius
887 1937 1028 2030 dicitur,
1054 1940 1117 2037 qui
1130 1939 1318 2024 brachium
1332 1939 1407 2036 ejus
1425 1963 1487 2012 seu
1501 1938 1697 2050 fortitudo,
1720 1937 1766 2010 ad
1784 1939 1907 2010 omnia
1929 1961 2005 2036 quae

417 2043 631 2144 disposuerit
655 2056 856 2153 peragenda
881 2057 1071 2132 sufficiens.
1098 2065 1180 2131 llaec
1202 2061 1314 2132 virtus
1342 2059 1570 2132 obumbravit
1593 2060 1749 2158 Virgini,
1770 2059 1858 2130 dum
1875 2059 1912 2129 in
1931 2059 2005 2157 ipsa

417 2188 488 2236 suae
516 2165 708 2244 divinitatis
734 2173 909 2273 fulgorem
933 2177 1109 2253 velamine
1126 2181 1242 2252 carnis
1271 2181 1429 2278 operuit,
1449 2195 1486 2252 et
1510 2181 1560 2252 sic
1582 2179 1628 2252 ad
1646 2205 1714 2251 nos
1736 2180 1837 2276 quasi
1862 2178 2006 2252 calciata

417 2283 581 2359 divinitas
607 2295 798 2390 processit3
819 2310 859 2367 ut
884 2297 920 2368 in
940 2313 1061 2372 nostra
1079 2304 1176 2372 Deus
1201 2298 1345 2372 visibilis
1367 2315 1554 2399 appareret
1572 2315 1715 2390 natura,
1737 2301 1800 2396 qui
1822 2315 2007 2398 permanet

417 2405 599 2480 invisibilis
621 2411 658 2482 in
683 2437 758 2484 sua.
790 2420 872 2488 llaec
894 2433 1013 2491 autern
1037 2419 1166 2491 divinae
1187 2420 1376 2515 majestatis
1394 2418 1624 2491 obumbratio
1642 2419 1680 2489 in
1702 2418 1764 2491 illo
1787 2418 2007 2518 prefigurata

417 2543 470 2599 est
482 2528 634 2622 electro,
652 2535 752 2631 cujus
771 2539 926 2636 speciem
940 2539 986 2612 de
1000 2541 1120 2613 medic
1133 2541 1222 2639 ignis
1235 2541 1413 2639 propheta
1429 2540 1591 2613 Ezechiel
1609 2542 1806 2639 conspexit.
1828 2541 2007 2612 Electrum

416 2650 549 2748 quippe
571 2667 623 2726 est
641 2657 824 2730 metallum
837 2684 881 2732 ex
898 2685 986 2733 auro
1005 2662 1110 2734 simul
1129 2678 1164 2734 et
1177 2677 1324 2760 argento
1340 2663 1588 2734 commixtum.
1610 2666 1648 2732 ln
1665 2687 1736 2759 qua
1755 2660 1902 2758 quidem
1916 2663 2006 2732 mix·

417 2783 495 2841 tura
512 2790 698 2871 argentum
711 2777 757 2850 ad
770 2775 965 2854 claritatem
983 2781 1143 2883 proficit,
1160 2807 1287 2854 aurum
1301 2807 1387 2854 vero
1402 2807 1423 2854 a
1437 2806 1502 2853 suo
1514 2796 1735 2880 temperatur
1745 2781 1894 2879 fulgore.
1910 2781 2008 2854 Elec-

416 2904 509 2962 trum
521 2894 628 2991 igitur
638 2899 732 2972 istud
744 2903 820 3003 ipse
833 2902 1039 3002 intelligitur
1052 2906 1232 2995 Christus,
1249 2905 1286 2976 in
1305 2905 1406 3001 cnjus
1426 2927 1496 2975 una
1512 2927 1667 3002 persona
1679 2902 1872 2975 divinitatis
1890 2917 1926 2974 et
1944 2902 2009 2974 hu·

415 3014 592 3088 inanitatis
608 3019 687 3094 duae
707 3039 843 3096 naturae
855 3026 902 3097 ita
915 3024 983 3098 sibi
1001 3025 1046 3098 ad
1061 3026 1215 3098 invicem
1227 3040 1311 3097 sunt
1324 3025 1452 3114 unitae,
1473 3038 1513 3096 ut
1530 3022 1676 3096 inferior
1688 3037 1836 3111 natura,
1852 3045 1932 3121 qnae
1945 3046 2009 3120 per

324 3213 327 3218 ,
414 3150 599 3229 argentum
619 3141 840 3238 exprimitur,
865 3169 941 3216 sese
962 3144 1137 3217 visibilem
1155 3143 1330 3242 praebeat,
1354 3158 1389 3215 et
1402 3141 1530 3215 divinae
1547 3143 1738 3238 majestatis
1751 3140 1924 3240 splendor
1934 3165 2009 3214 car·

414 3253 468 3323 nis
492 3255 668 3331 velamine
693 3260 948 3353 obumbratus,
974 3265 1036 3361 qui
1063 3289 1128 3364 per
1150 3287 1279 3337 aurum
1308 3260 1493 3359 liguratur,
1518 3260 1703 3333 invisibilis
1726 3259 1901 3360 persistat.
1931 3263 2009 3331 Hoc

415 3371 585 3450 electrum
602 3379 640 3450 in
657 3381 756 3478 igne,
777 3387 874 3455 Deus
892 3383 1005 3456 homo
1023 3399 1076 3458 est
1091 3387 1128 3457 in
1145 3387 1321 3484 passione.
1640 3369 1643 3376 ’

420 3549 423 3558 .
466 3523 484 3561 «
506 3495 664 3596 Ideoque
682 3515 718 3572 et
730 3501 831 3598 quod
848 3518 1015 3576 nascetur
1029 3521 1120 3578 exte
1133 3521 1313 3595 sanctum,
1333 3503 1520 3578 vocabitur
1533 3503 1626 3577 filius
1645 3505 1724 3576 Dei.
1744 3531 1762 3570 n
1779 3507 1827 3575 Ac
1841 3504 1871 3574 si
1886 3517 2010 3603 aperte

416 3609 511 3684 dicat
531 3642 539 3685 ε
563 3622 611 3687 Ac
628 3641 693 3714 per
710 3619 805 3692 hanc
827 3623 1000 3696 unionem
1019 3624 1125 3697 Verbi
1147 3625 1214 3696 Dei
1232 3623 1277 3696 ad
1294 3623 1482 3696 bominem
1501 3625 1587 3716 vitae¹
1603 3623 1749 3712 factam,
1774 3647 1851 3700 nou
1873 3620 2009 3692 solum-

347 3829 350 3836 ,
416 3731 527 3806 modo
555 3736 672 3834 ipsum
697 3741 854 3813 Verbum
877 3741 970 3815 filius
994 3745 1238 3836 Deidioetur,
1263 3744 1496 3818 verumetiam
1522 3744 1599 3842 ipse
1623 3743 1736 3815 bomo
1761 3766 1782 3814 a
1809 3740 1929 3812 Verbo
1957 3765 2011 3813 as·

416 3871 578 3953 sumptus
595 3857 688 3931 filius
713 3864 779 3934 Dei
800 3861 997 3938 vocabitur.
1022 3869 1066 3937 Et
1083 3865 1249 3956 attende,
1275 3864 1376 3963 quod
1393 3866 1464 3956 ait,
1489 3895 1506 3934 a
1528 3864 1732 3955 vocabitur,
1756 3892 1774 3932 n
1794 3862 1840 3934 de
1860 3862 2012 3933 bomine

416 3974 551 4072 potius,
574 4003 688 4075 quam
709 3980 756 4054 de
778 3983 912 4076 Verbo,
936 3987 995 4058 cui
1017 3985 1190 4084 competit
1209 4009 1297 4058 esse.
1321 3983 1430 4072 Quod
1452 3984 1640 4081 diligenter
1663 3982 1876 4081 evangelista
1893 3981 2013 4053 oonsi-

286 4122 291 4150 ··
415 4091 582 4184 derabat,
613 4125 725 4194 quum
751 4102 927 4177 diceret':
950 4135 967 4174 a
991 4108 1032 4176 ln
1058 4106 1234 4203 principio
1255 4118 1331 4176 erat
1352 4104 1524 4177 Verbum.
1552 4133 1571 4173 n
1590 4109 1670 4175 Non
1690 4103 1786 4174 enim
1803 4099 1916 4172 dixit:
1937 4105 2042 4206 Vo··

416 4214 564 4288 sabatur
587 4219 767 4311 Verbum,
797 4222 889 4294 sed:
918 4254 935 4292 n
958 4229 1053 4298 Erat.
1081 4229 1205 4296 »Esse
1228 4247 1383 4321 namque
1407 4223 1595 4323 proprium
1620 4237 1673 4295 est
1701 4219 2014 4293 incommutabili-

415 4335 495 4406 tatis
522 4336 673 4428 divinae,
707 4341 796 4412 sicut
825 4341 902 4440 ipse
925 4341 972 4413 ad
1000 4346 1148 4416 Mo'tsem
1168 4341 1370 4440 loquitur³:
1395 4372 1413 4411 a
1437 4347 1519 4414 Haec
1538 4342 1635 4414 dices
1659 4339 1740 4430 liliis
1759 4337 1886 4411 lsrael:
1907 4341 2013 4428 «Qui

419 4483 437 4523 n
451 4472 522 4547 est,
549 4460 641 4530 misit
664 4485 723 4532 me
743 4461 790 4532 ad
813 4487 920 4534 vos.»
940 4464 1012 4551 Qui
1032 4477 1103 4552 est,
1126 4463 1261 4560 inquit,
1281 4461 1353 4534 boc
1375 4477 1447 4552 est,
1477 4463 1540 4560 qui
1562 4457 1902 4534 incommutabiliter
1922 4483 2014 4531 con·

417 4576 508 4647 sistit
524 4604 531 4646 :
546 4577 630 4674 quia
648 4604 876 4679 nequaquam
892 4606 1019 4655 rerum
1037 4581 1146 4655 habet
1164 4606 1259 4671 esse,
1276 4584 1343 4654 nisi
1355 4581 1456 4680 quod
1467 4597 1520 4655 est
1531 4577 1836 4654 incommutabile.
1853 4577 2016 4651 Ubicun·
2050 4661 2058 4676 Ι
2214 4667 2215 4686 ἦ

419 4720 489 4792 qne
502 4698 653 4770 mutatio
673 4697 731 4791 fit,
753 4724 829 4772 esse
849 4703 980 4800 pariter
1000 4718 1035 4775 et
1056 4726 1130 4775 non
1143 4718 1463 4774 esseccncurrunt.
1479 4701 1534 4773 Illi
1548 4725 1634 4798 ergo
1649 4701 1838 4800 proprium
1848 4712 2012 4790 estesse,

418 4795 487 4914 qui
498 4819 640 4916 penitus
653 4819 793 4916 ignorat
810 4846 885 4894 non
905 4846 993 4896 esse.
1011 4822 1116 4896 Unde
1133 4822 1375 4896 benedictum
1394 4825 1486 4896 est⁸z
1512 4851 1530 4892 a
1551 4825 1635 4894 Erat
1647 4820 1826 4912 Verbum,
1849 4847 1877 4910 a,
1888 4819 2016 4917 potius
2214 4817 2215 4908 l

418 4960 528 5034 quam
544 4937 749 5012 vocabatur.
763 4942 913 5014 Vocatio
931 4945 1065 5043 quippe
1077 4967 1151 5016 non
1172 4958 1226 5016 est
1236 4943 1456 5034 aeternitatis,
1472 4941 1536 5015 sed
1550 4941 1739 5040 temporis3
1755 4963 1824 5030 nec¹
1840 4937 1887 5010 ad
1900 4941 2021 5011 natu·'

453 5211 461 5241 '
481 5213 1883 5287 eventuum.r,v.ta.-·toan.‚cap.r‚v.t.-⁸ttaoa.,cap.1n‚v.tt.-⁴toan.,cap.=,r·¹.
