4486 6100
573 758 662 832 cun
687 761 814 832 rnrm
841 719 1072 837 lunulam
1097 761 1419 835 somnomnus.
1560 843 1567 856 ‚
1708 757 1779 830 aar

204 900 303 971 fateri
322 901 517 972 Dominum
537 900 630 974 hanc
654 899 910 972 abundantiam
932 902 1110 998 Evangelii
1129 904 1290 1000 praeferre
1308 901 1564 1000 imperfectioni
1584 891 1681 997 legis.
1703 903 1781 970 Non

206 1033 324 1092 tamen
345 1020 427 1092 ideo
448 1022 566 1092 minus
584 1020 815 1092 concedimus
832 1021 945 1117 legem
964 1023 1001 1093 in
1020 1024 1202 1121 praeceptis
1220 1023 1292 1094 suis
1313 1023 1360 1094 ita
1384 1019 1624 1118 imperfectam
1652 1019 1780 1106 fuisse,

207 1155 246 1210 ut
263 1139 296 1214 ei
314 1141 550 1216 necessarium
565 1155 657 1212 esset
675 1141 904 1237 Evangelium
921 1143 1111 1214 succedere
1129 1171 1136 1214 :
1158 1145 1249 1216 sicut
1265 1159 1299 1214 et
1319 1141 1522 1240 Apostolus,
1540 1156 1697 1238 utsupra
1711 1163 1785 1210 me·

205 1261 395 1348 minimus,
424 1274 586 1360 patenter
602 1258 801 1358 profitetur.
824 1261 894 1333 Sed
911 1287 978 1334 nec
994 1277 1209 1362 praeceptum
1231 1263 1277 1335 de
1297 1262 1487 1336 dilectione
1504 1262 1677 1359 proximi,
1703 1275 1785 1331 ante

205 1376 399 1450 adventum
418 1379 545 1450 Christi
564 1379 759 1476 perfectum
773 1405 850 1451 esse
864 1381 1003 1477 potuit,
1021 1382 1119 1478 quod
1135 1383 1210 1480 ipse
1226 1381 1395 1470 veniens,
1416 1395 1451 1452 et
1467 1380 1650 1478 proximus
1664 1392 1785 1448 noster

206 1495 337 1584 factus,
359 1513 430 1568 tam
450 1498 676 1596 susceptione
693 1499 833 1588 carnis,
855 1523 961 1596 quam
983 1498 1201 1572 exhibitione
1221 1499 1440 1585 dilectionis,
1463 1497 1656 1594 perfectum
1674 1496 1778 1568 fecit:

206 1631 244 1686 ut
264 1618 339 1711 jam
363 1617 510 1714 quilibet
529 1637 613 1713 eum
633 1631 802 1714 tanquam
820 1620 1024 1716 proximum
1044 1620 1215 1716 diligens,
1236 1645 1280 1690 ex
1304 1618 1372 1690 hac
1391 1617 1567 1717 perfectus
1590 1616 1779 1688 dilectione

207 1735 280 1808 fiat.
303 1738 407 1828 Unde
429 1753 464 1810 et
490 1736 606 1810 eidem
624 1738 725 1810 diviti
742 1740 936 1836 requirenti
959 1741 1039 1838 quis
1061 1755 1152 1814 esset
1174 1739 1357 1838 proximus
1382 1741 1479 1834 ejus,
1503 1735 1704 1835 parabolice
1729 1762 1784 1807 re-

206 1855 404 1954 spondens,
425 1882 464 1930 se
482 1857 582 1928 illum
600 1859 804 1956 proximum
818 1884 892 1932 csse
913 1859 1137 1956 significavit,
1154 1883 1263 1956 quern
1277 1857 1335 1930 ille
1349 1859 1589 1930 Samaritanus
1602 1858 1783 1953 expressit,

203 1977 266 2071 qui
286 1975 461 2051 vulnerati
478 1978 641 2050 misertus
658 1992 711 2050 est
736 2005 743 2048 :
773 1992 807 2048 ct
823 2003 931 2074 quem
950 2005 991 2051 ex
1011 1979 1137 2052 affectu
1156 1977 1413 2076 compassionis
1432 1979 1505 2074 ipse
1524 1996 1669 2072 quoque
1687 1976 1786 2048 dives
1810 1967 1818 1982 ’

206 2119 290 2167 vere
303 2097 506 2194 proximum
526 2097 631 2168 fuisse
651 2097 831 2195 professus
849 2113 913 2170 est.
934 2100 1014 2170 Sive
1033 2123 1117 2194 ergo
1138 2099 1175 2169 in
1190 2097 1267 2194 lege
1280 2096 1474 2168 habeatur¹
1492 2123 1500 2166 ι
1520 2125 1537 2163 n
1553 2094 1684 2192 Diliges
1698 2099 1786 2188 ami7

205 2241 289 2288 cum
306 2233 430 2307 tuum,
447 2247 465 2286 u
482 2219 554 2289 sive
578 2248 596 2286 a
614 2219 837 2316 proximum,
858 2249 874 2286 x
898 2235 936 2290 ut
956 2233 1039 2292 eum
1058 2219 1220 2292 videlieet
1237 2217 1286 2290 ibi
1303 2218 1506 2316 proximum
1527 2216 1783 2314 intelligamus,

203 2339 268 2434 qui
286 2337 343 2411 vel
362 2339 595 2435 cognatione,
622 2338 683 2410 vel
705 2347 835 2414 atn'ore·
852 2356 904 2412 est
932 2339 1036 2412 nobis
1055 2339 1267 2434 conjunctus
1290 2365 1297 2408 ι
1322 2319 1430 2408 nenio
1453 2338 1581 2408 rectius
1603 2339 1786 2436 proximus

205 2471 350 2545 noster,
372 2481 480 2554 quam
504 2457 664 2530 Christus
680 2473 733 2530 est
750 2458 945 2548 dicendus,
974 2461 1071 2530 utin
1096 2483 1139 2530 eo
1165 2481 1262 2530 nunc
1286 2456 1429 2528 dilectio
1454 2456 1608 2554 proximi
1631 2455 1785 2554 perfecta

204 2577 252 2647 sit
269 2575 380 2665 facta,
405 2601 485 2673 quae
502 2591 606 2648 antea
626 2577 738 2650 fuerat
756 2579 979 2676 imperfecta,
1002 2576 1173 2675 quamdiu
1191 2576 1355 2649 videlicet
1371 2590 1501 2648 statum
1516 2601 1622 2647 suum
1643 2575 1698 2647 lex
1721 2576 1785 2647 ha-

204 2695 344 2784 buerit,
369 2721 448 2792 quae
469 2721 582 2793 usque
609 2697 656 2768 ad
677 2703 852 2770 loannem
873 2699 1032 2795 vigorem
1054 2723 1159 2770 suum
1181 2696 1384 2770 custodivit.
1415 2697 1516 2770 Prius
1542 2721 1628 2793 ergo
1654 2698 1785 2795 imper·

204 2813 309 2905 fecta,
336 2815 507 2912 quamdiu
529 2815 585 2889 lex
606 2817 751 2914 proprie
773 2818 839 2889 fuit
855 2816 1027 2906 dicenda,
1046 2831 1085 2888 ut
1105 2818 1138 2888 ei
1158 2815 1402 2888 obediendum
1426 2827 1517 2888 esset
1544 2840 1609 2913 per
1631 2817 1753 2888 omnia
1775 2845 1781 2886 :

203 2957 275 3029 pro
304 2932 372 3006 hac
397 2936 471 3033 ipsa
501 2937 768 3035 imperfectione
792 2939 846 3010 sui
867 2937 1056 3035 reprobata
1078 2953 1150 3027 est,
1180 2935 1390 3033 evangelica
1419 2933 1589 3008 doctrinae
1621 2931 1806 3034 superne-¹

202 3057 328 3126 niente
352 3057 588 3153 perfectione,
614 3059 675 3130 ubi
703 3058 878 3156 quidquid
897 3075 950 3132 est
977 3059 1233 3147 necessarium,
1260 3056 1393 3153 liquide
1414 3059 1524 3152 magis
1550 3081 1658 3153 quam
1680 3082 1787 3155 para-

203 3173 324 3246 bolice
346 3191 399 3246 est
419 3201 638 3274 expressum.
660 3182 748 3250 Nam
771 3180 836 3250 etsi
856 3178 1042 3275 diligenter
1060 3177 1145 3274 legis
1162 3175 1285 3248 litterae
1302 3176 1525 3262 insistamus,
1544 3200 1617 3270 quo
1638 3173 1705 3246 soli
1723 3199 1788 3272 po·

200 3293 294 3390 pulo
310 3293 515 3367 ludaeorum
545 3295 628 3368 data
654 3311 728 3386 est,
758 3321 984 3394 nequaquam
1006 3295 1189 3394 proximus
1211 3295 1278 3366 nisi
1300 3317 1426 3366 eorum
1445 3307 1497 3366 est
1522 3292 1783 3388 intelligendus.

203 3413 312 3486 Unde
332 3437 400 3486 nec
411 3439 476 3512 per
489 3416 669 3488 Christum
692 3416 779 3489 illud
804 3431 1024 3517 praeceptum
1036 3415 1083 3488 de
1098 3415 1290 3520 dilectione
1310 3414 1482 3512 proximi,
1503 3414 1549 3486 ad
1571 3414 1659 3486 alios
1676 3417 1786 3513 perti·

198 3557 290 3604 nere
311 3533 473 3624 ridetur,
507 3561 619 3632 quum
639 3517 705 3636 ipsi
734 3538 801 3608 soli
825 3537 894 3608 sub
922 3536 998 3632 lege
1024 3536 1305 3608 continerentur.
1333 3538 1561 3632 Quapropter
1590 3537 1789 3608 necessario

195 3652 397 3726 succedere
417 3655 485 3752 legi
507 3657 737 3754 Evangelium
756 3657 898 3746 debuit,
924 3655 1091 3728 omnibus
1118 3653 1328 3751 generaliter
1349 3654 1571 3749 injunctum,
1598 3671 1638 3726 ut
1662 3680 1790 3728 omnes

194 3773 362 3847 debeant
381 3775 509 3848 salvari
529 3801 595 3874 per
620 3779 751 3876 ipsam.
780 3777 832 3849 Ad
848 3776 1056 3876 praedictum
1079 3776 1198 3872 itaque
1219 3774 1441 3872 proximum,
1472 3774 1510 3846 id
1534 3788 1587 3846 est
1609 3775 1789 3848 Christum

195 3893 400 3991 Apostolus
417 3896 590 3994 respexit,
609 3920 721 3992 quum
742 3920 786 3967 eo
804 3897 985 3995 praemisso
998 3897 1031 3964 ²:
1056 3921 1074 3962 u
1090 3895 1161 3980 Qui
1173 3892 1285 3988 diligit
1301 3893 1522 3991 proximum,
1539 3894 1655 3990 legem
1667 3892 1790 3993 imple-

191 4014 277 4102 vit;
295 4041 313 4079 u
335 4014 453 4086 statim
470 4015 541 4086 hoc
560 4024 730 4113 tanquam
746 4039 813 4113 pm
840 4014 1052 4112 probatione
1077 4010 1239 4106 adjunxit
1267 4037 1274 4080 ε
1310 4039 1328 4078 «
1347 4016 1435 4083 Nam'
1454 4035 1527 4084 non
1548 4012 1786 4101 adulterabis,

193 4155 283 4204 non
302 4115 463 4221 occides,
485 4148 552 4204 etc.
571 4162 588 4199 u
609 4135 644 4204 Si
665 4135 761 4204 enim
779 4131 920 4204 iudaeus
939 4130 1036 4202 hunc
1062 4130 1154 4200 inter
1181 4129 1365 4226 proximos
1386 4153 1470 4200 suos
1486 4131 1786 4227 comprehensum

190 4249 352 4348 diligat,
379 4252 469 4324 sicut
490 4254 564 4350 ipse
580 4254 651 4325 ait:
673 4253 742 4323 «Si
760 4252 840 4348 quis
858 4251 970 4347 diligit
994 4275 1072 4339 me,
1096 4247 1262 4320 mandata
1280 4247 1551 4338 mea'servabit,
1575 4279 1592 4318 u
1615 4252 1653 4322 in
1682 4251 1781 4324 nullo

186 4370 408 4462 adulterio,
434 4373 471 4443 in
499 4372 600 4445 nullo
631 4372 793 4470 peccabit
809 4372 1003 4444 homicidio
1024 4400 1032 4439 :
1054 4385 1088 4443 et
1114 4370 1236 4442 omnia
1253 4367 1400 4457 similia,
1427 4393 1506 4466 quae
1524 4371 1560 4440 in
1578 4371 1655 4467 lege
1675 4389 1783 4460 sunt,

185 4490 375 4580 evitabit,
400 4507 435 4564 et
457 4493 608 4587 justitias
628 4493 703 4588 ejus
724 4491 929 4589 complebit.

756 4669 937 4716 PROBLEMA
962 4667 1127 4716 Hamtssffi
1153 4667 1238 4714 xvtt.

195 4809 204 4822 ’
241 4820 352 4907 Quid
372 4834 424 4891 est
438 4821 566 4910 etiam,
586 4820 686 4917 quod
703 4821 739 4891 in
757 4819 987 4917 sequentibus
1002 4816 1180 4892 Dominus
1197 4823 1289 4893 ait⁸z
1313 4825 1468 4919 «Neque
1485 4847 1550 4920 per
1561 4837 1668 4920 caput
1685 4837 1786 4896 tuum

167 4937 339 5038 jurabis
360 4970 367 5010 ε
389 4942 472 5038 quia
491 4965 566 5013 non
582 4956 686 5040 potes
700 4965 813 5012 unum
830 4941 997 5043 capillum
1015 4941 1137 5012 album
1156 4943 1270 5014 facere
1284 4943 1518 5039 autnigrum3
1538 4971 1556 5009 u
1577 4957 1746 5041 tanquam
1759 4945 1788 5014 si

171 5062 268 5134 hoc
296 5058 412 5132 facere
429 5076 566 5159 posset,
584 5061 704 5158 jurare
723 5086 787 5160 per
804 5077 911 5162 caput
929 5061 1073 5134 liceret?
1161 5163 1162 5166 Ἴ

210 5355 222 5380 ¹
245 5351 365 5413 Barth,
377 5367 434 5417 cap.
445 5367 471 5416 r,
482 5369 505 5403 r.
520 5354 559 5403 43.
573 5379 599 5388 -
613 5350 715 5411 'ltcm.‚
725 5366 781 5419 cap.
794 5367 852 5415 xm,
867 5367 890 5402 r.
906 5354 930 5403 8.
941 5377 974 5390 -·
984 5351 994 5379 ⁸
1006 5351 1091 5404 llattb.
1102 5369 1157 5420 cap.
1169 5370 1193 5418 r,
1203 5369 1225 5405 r.
1239 5357 1280 5405 36.
