4522 6104
936 613 1173 686 APPENDlX.
1780 613 1844 682 tlt

264 753 401 846 quidem
417 752 527 822 adhuc
544 751 716 849 religionis
735 765 813 843 tuae,
832 753 890 824 sed
913 754 1133 824 honestorum
1152 729 1264 824 tamen
1281 753 1315 824 e't
1331 750 1552 824 laudabilium
1567 751 1756 822 studiorum
1776 767 1852 820 tuo·

264 897 340 942 rum
363 871 446 940 mihi
471 871 560 942 fama
581 873 742 942 innotuit.
772 872 961 944 Audiebam
983 890 1065 944 tunc
1085 875 1247 969 temporis
1270 871 1464 962 mulierem,
1487 870 1565 942 licet
1581 871 1727 942 necdum
1743 870 1854 941 saeculi

265 992 404 1063 nexibus
422 991 627 1087 expeditam,
641 991 851 1063 litteratoria
869 995 1029 1083 scientiae,
1051 994 1143 1090 quod
1157 1019 1334 1089 perrarum
1347 1009 1409 1082 est,
1426 1009 1460 1062 et
1476 993 1588 1062 studio
1603 991 1855 1064 licetsaecularis

264 1111 435 1206 sapientiae
446 1136 609 1182 summam
629 1136 767 1208 operam
786 1113 867 1184 dare
888 1139 896 1182 ε
919 1138 981 1183 nec
1000 1115 1119 1183 mundi
1135 1112 1378 1208 voluptatibus,
1397 1111 1557 1208 nugisvel
1572 1110 1712 1201 deliciis,
1730 1111 1772 1180 ab
1790 1111 1855 1181 hoc

266 1230 339 1301 utili
362 1231 598 1302 discendarum
621 1234 746 1303 artium
766 1233 942 1329 proposito
961 1234 1087 1303 retrahi
1111 1259 1219 1328 posse.
1247 1235 1429 1328 Quumque
1448 1232 1491 1301 ab
1512 1232 1564 1302 his
1578 1231 1744 1300 exercitiis
1760 1231 1856 1300 dete-

265 1351 382 1421 standa
397 1351 524 1422 desidia
541 1367 631 1424 totus
646 1377 732 1448 pene
745 1368 878 1450 torpeat
889 1355 1053 1444 mundus,
1068 1369 1102 1426 et
1119 1355 1177 1424 ubi
1194 1356 1374 1426 subsistere
1388 1355 1493 1450 possit
1505 1379 1564 1448 pes
1581 1353 1769 1448 sapientia,
1786 1378 1856 1422 non

145 1537 150 1551 ι
265 1471 375 1544 dicam
391 1472 481 1568 apud
499 1498 613 1543 sexum
631 1473 831 1564 femineum,
853 1501 872 1546 a
892 1501 961 1570 quo
981 1500 1020 1546 ex
1037 1491 1110 1546 toto
1127 1475 1282 1571 explosus
1298 1492 1368 1566 est,
1388 1475 1446 1546 sed
1464 1475 1519 1545 vix
1530 1474 1620 1570 apud
1638 1475 1728 1569 ipsos
1745 1471 1856 1543 viriles

267 1594 397 1664 animos
417 1595 570 1664 invenire
594 1595 725 1666 valeat:
749 1612 786 1666 tu
804 1595 862 1666 illo
879 1597 1054 1667 efferendo
1071 1598 1184 1668 studio
1209 1613 1268 1669 tuo
1290 1613 1323 1667 et
1346 1595 1503 1668 mulieres
1524 1621 1641 1666 omnes
1665 1595 1807 1683 evicisti,
1824 1610 1858 1664 et

267 1738 353 1807 pene
368 1714 460 1786 viros
481 1715 654 1785 universos
673 1715 849 1809 superasti.
871 1719 953 1786 Mox
970 1739 1070 1806 vero,
1087 1719 1183 1811 juxta
1201 1718 1314 1810 verba,
1325 1715 1509 1812 Apostoli¹,
1534 1731 1572 1787 ut
1587 1713 1789 1811 complacuit
1806 1715 1854 1802 ei,

267 1834 326 1927 qui
350 1850 381 1904 te
402 1837 588 1931 segregavit
607 1861 648 1906 ex
663 1851 761 1906 utero
783 1839 900 1907 matris
921 1852 999 1928 tuae,
1015 1863 1136 1909 vocare
1155 1854 1188 1909 te
1208 1840 1425 1934 pergratiam
1441 1864 1553 1928 suam,
1570 1837 1671 1932 longe
1689 1839 1725 1906 in
1739 1836 1858 1907 melius

267 1952 521 2048 disciplinarum
539 1955 650 2028 studia
669 1958 881 2027 commutasti
903 1982 911 2026 :
933 1973 968 2028 et
984 1983 1047 2052 pro
1067 1956 1174 2053 logica
1197 1958 1437 2054 Evangelium,
1462 1983 1525 2052 pro
1550 1957 1688 2053 physica
1712 1959 1858 2051 Aposto-

268 2071 354 2163 lum,
375 2099 438 2169 pro
454 2073 596 2145 Platona
619 2076 805 2159 Christum,
827 2100 890 2170 pro
907 2075 1077 2147 academia
1094 2075 1276 2148 claustrum
1297 2092 1368 2148 tota
1385 2079 1455 2172 jam
1476 2092 1509 2147 et
1526 2101 1603 2148 vere
1626 2073 1859 2170 philosophica

268 2193 389 2265 mulier
406 2195 548 2293 elegisti.
572 2197 736 2292 Eripuisti
755 2198 852 2266 victis
873 2197 981 2292 spolia
996 2198 1169 2288 hostibus,
1191 2215 1225 2269 et
1244 2199 1285 2268 de
1304 2200 1469 2269 thesauris
1485 2179 1676 2293 aegyptiacis
1688 2222 1749 2292 per
1760 2197 1859 2290 hujus

269 2315 549 2410 peregrinationis
577 2315 748 2386 desertum
778 2316 966 2405 transiens,
1005 2319 1191 2412 pretiosum
1215 2319 1251 2388 in
1282 2318 1383 2388 corde
1410 2333 1469 2387 tuo
1498 2314 1751 2388 tabernaculum
1783 2318 1859 2385 Deo

269 2437 413 2505 erexisti.
435 2437 588 2506 Cantasti
608 2461 684 2506 cum
700 2438 827 2526 Maria,
849 2435 1002 2506 demerso
1018 2438 1224 2524 Pharaone¹,
1241 2439 1409 2507 canticum
1428 2435 1553 2524 laudis;
1573 2451 1607 2505 et
1623 2437 1727 2505 beatae
1744 2435 1860 2505 morti-

270 2553 436 2623 ficationis
460 2569 680 2649 tympanum,
706 2570 744 2624 ut
771 2553 860 2634 olim¹
880 2553 955 2644 illa,
983 2580 1053 2650 praa
1074 2555 1228 2626 manibus
1245 2580 1381 2652 gerens,
1403 2555 1482 2625 novi
1500 2553 1739 2625 modulaminis
1756 2553 1860 2624 melos

269 2673 433 2769 usquead
452 2675 539 2769 ipsas
560 2675 694 2744 deitatis
716 2699 814 2745 aures
836 2673 934 2744 docta
953 2675 1187 2769 tympanistria
1207 2674 1433 2744 transmisisti.
1456 2675 1668 2744 Conculcasti
1682 2675 1751 2767 jam
1774 2675 1858 2743 inci·

270 2793 415 2890 piendo‚
436 2795 527 2890 quod
544 2820 605 2891 per
621 2783 876 2889 Omnipotenlis
894 2796 1036 2890 gratiam
1049 2795 1135 2864 bene
1154 2795 1399 2888 perseverando
1420 2809 1571 2864 conteres
1588 2793 1710 2864 vetusti
1727 2773 1857 2889 anguis,

271 2941 309 2986 ac
327 2939 459 3011 semper
476 2915 673 2987 mulieribus
690 2917 881 2986 insidiantis
892 2930 993 3010 caput
1014 2941 1022 2984 τ
1039 2931 1141 3011 atque
1156 2914 1272 3004 elides,
1289 2931 1325 2990 ut
1343 2940 1518 3010 nunquam
1535 2914 1675 2985 ulterius
1694 2930 1813 2986 contra
1827 2929 1859 2984 te

271 3033 404 3106 sibilare
427 3035 561 3106 audeat.
589 3037 746 3107 Ostentui
770 3035 849 3104 facis
868 3050 902 3104 et
923 3035 1024 3105 facies
1047 3035 1231 3130 superbum
1248 3035 1437 3130 principem
1456 3035 1645 3130 principem
1665 3035 1783 3105 mundi
1801 3061 1809 3101 ι
1827 3049 1860 3103 ct

272 3155 380 3246 illum,
400 3158 459 3252 qui
476 3158 591 3228 divina
603 3181 686 3227 voce
698 3157 857 3228 vocatur⁸
871 3127 929 3225 ilex
943 3155 1091 3226 filiorum
1104 3157 1284 3251 superbiae,
1305 3171 1339 3226 et
1351 3157 1445 3249 juxta
1464 3157 1568 3251 ipsius
1587 3157 1652 3226 Dei
1666 3155 1708 3225 ad
1725 3157 1861 3226 beatum

270 3280 334 3347 Job
351 3278 454 3349 verba
462 3281 485 3369 ⁵,
501 3279 562 3349 tibi
579 3304 618 3350 ac
635 3295 746 3350 tecum
758 3278 1030 3349 cohabitantibus
1044 3277 1171 3348 ancillis
1187 3279 1254 3348 Dei
1266 3275 1437 3373 alligatum
1455 3279 1671 3373 ingemiscere
1687 3303 1797 3373 coges.
1817 3279 1862 3345 Et

270 3424 349 3468 vere
366 3399 534 3495 singulare
552 3399 768 3488 miraculum,
794 3425 833 3470 ac
854 3425 955 3494 super
972 3401 1086 3469 omnia
1103 3399 1257 3470 miranda
1274 3424 1377 3494 opera
1394 3397 1642 3488 extollendum,
1659 3423 1754 3488 eum,
1772 3424 1859 3493 quo,

269 3519 361 3613 juxta
380 3522 594 3616 prophetam,
614 3521 705 3592 cedri
724 3547 794 3591 non
813 3521 951 3592 fuerunt
971 3519 1108 3592 altiores
1124 3520 1160 3590 in
1177 3520 1333 3615 paradiso
1352 3520 1418 3590 Dei
1431 3523 1453 3610 ⁵,
1474 3535 1507 3589 et
1525 3521 1618 3614 cujus
1635 3519 1862 3589 summitatem

273 3639 445 3711 frondium
463 3642 588 3712 abietes
601 3667 671 3711 non
685 3642 925 3736 adaequarunt,
947 3667 967 3712 a
986 3640 1097 3737 fragili
1112 3667 1190 3712 sexu
1205 3642 1294 3712 vinci
1310 3667 1326 3710 ι’
1337 3655 1371 3711 et
1388 3640 1607 3710 fortissimum
1625 3638 1863 3734 archangelum

273 3787 292 3832 a
311 3761 449 3832 muliere
462 3761 690 3832 infirmissima
707 3762 870 3857 superari.
889 3761 1051 3856 Gignitur
1063 3760 1121 3832 tali
1135 3760 1248 3830 duello
1263 3763 1406 3830 maxima
1420 3759 1527 3856 gloria
1544 3758 1714 3831 conditori
1734 3787 1742 3829 ε
1761 3759 1863 3829 infer-

274 3897 365 3950 ture
382 3905 685 3951 conversosumma
708 3881 894 3975 ignominia
915 3881 1101 3975 deceptori.
1120 3882 1355 3975 Exprobratur
1370 3882 1401 3950 ei
1420 3880 1486 3950 hoc
1503 3883 1704 3970 certamine,
1721 3906 1790 3951 non
1808 3907 1862 3951 so·

274 3999 343 4070 lum
361 3999 521 4091 stultum,
542 4000 600 4070 sed
622 4016 656 4070 et
678 4025 778 4095 super
799 4001 914 4070 omnia
937 3997 1119 4070 ridiculum
1143 4000 1265 4090 fuisse,
1288 3999 1383 4070 illum
1400 4001 1561 4095 aspirasse
1580 4000 1624 4070 ad
1641 4001 1863 4094 aequalitatem

274 4119 517 4190 sublimissima
538 4121 739 4214 majestatiS,
765 4120 823 4215 qui
845 4144 907 4190 nec
929 4120 1032 4190 breve
1046 4110 1217 4191 luctamen
1233 4120 1322 4190 ferre
1338 4117 1496 4215 praevalet
1516 4120 1649 4189 feminac
1666 4118 1861 4189 debilitatis.

276 4241 426 4311 Sustinet
436 4257 536 4336 caput
553 4239 730 4336 cujuslibet
742 4241 888 4311 victricis
906 4239 1007 4330 illius,
1024 4242 1146 4311 merito
1165 4240 1240 4311 talis
1258 4241 1420 4330 victoriae,
1433 4264 1617 4337 gemmeam
1635 4265 1654 4309 a
1671 4264 1748 4334 rege
1765 4237 1866 4308 coelo·

275 4388 351 4432 rum
369 4387 548 4452 coronam,
568 4377 607 4432 ut
625 4377 771 4458 quanto,
798 4363 834 4432 in
860 4367 1027 4433 transacta
1046 4388 1159 4459 pugna
1177 4389 1277 4434 carne
1300 4363 1485 4453 infirmior,
1506 4379 1601 4434 tanto
1620 4364 1654 4432 in
1672 4387 1867 4433 remunera-

277 4483 369 4552 tione
391 4485 596 4578 sempiterna
619 4498 782 4579 appareat¹
802 4481 993 4579 gloriosior.
1018 4486 1112 4574 Haec,
1132 4485 1326 4554 charissima
1345 4485 1380 4553 in
1404 4485 1555 4554 Domino
1575 4509 1684 4574 soror,
1699 4509 1777 4553 vere
1796 4509 1866 4554 uon

277 4604 465 4697 adulando,
488 4607 546 4676 sed
564 4607 775 4677 exhortando
792 4604 888 4694 dico,
911 4621 952 4676 ut
969 4631 1150 4701 magnum,
1172 4607 1207 4676 in
1224 4632 1292 4701 quo
1307 4605 1513 4702 aliquamdiu
1527 4607 1719 4702 perstitisti,
1737 4607 1867 4676 bonum

278 4727 466 4817 attendens,
483 4728 524 4797 ad
543 4742 639 4798 caute
659 4725 741 4796 illud
757 4727 1024 4796 conservandum
1037 4729 1222 4798 animosior
1238 4727 1389 4798 reddaris
1407 4754 1415 4798 ε
1437 4743 1475 4797 ut
1487 4742 1615 4798 sanctas
1635 4725 1719 4816 illas,
1733 4750 1807 4821 quac
1819 4741 1868 4795 te·

279 4873 355 4918 cum
377 4850 529 4918 Domino
547 4835 716 4936 serviunt,
737 4847 921 4919 secundum
939 4849 1082 4943 gratiam
1098 4873 1117 4918 a
1132 4851 1207 4918 Deo
1221 4849 1284 4918 tihi
1303 4846 1476 4938 collatam,
1490 4864 1529 4918 ut
1543 4849 1579 4918 iu
1591 4847 1711 4918 eodem
1727 4845 1867 4946 sollicite

315 5140 322 5167 ¹
342 5141 436 5202 Gatatt,
449 5158 504 5208 cap.
523 5161 546 5204 1,
558 5159 581 5194 v.
596 5139 669 5195 15.-
680 5141 690 5170 ¹
700 5145 795 5203 Ecca„
807 5159 861 5210 cap.
875 5161 915 5208 xv,
929 5161 954 5196 ι.
965 5147 997 5197 20
1007 5157 1032 5196 ct
1043 5148 1121 5227 21.---Ι
1130 5144 1140 5171 ⁸
1150 5144 1211 5206 lob,
1223 5159 1277 5210 cap.
1292 5161 1345 5203 ιιι,
1357 5161 1378 5192 ι.
1393 5145 1434 5194 25.
1452 5171 1476 5180 κ
1489 5143 1569 5202 ssoh.
1583 5159 1639 5210 cap.
1653 5159 1691 5194 u.
1708 5171 1732 5180 -
1745 5140 1868 5199 ‘Ezech.,

280 5245 336 5295 cap.
350 5245 426 5292 xxxi,
440 5247 465 5280 v.
480 5233 503 5281 8.
