4600 6098
945 577 1091 650 NOTAE.
1759 567 1800 638 tt

227 724 321 781 extitit
332 721 385 778 sub
397 718 524 776 Roberto
541 716 631 789 Rege,
649 715 722 771 sicut
739 733 773 770 ex
791 713 893 770 tabulis
912 714 1031 770 ecclesie
1048 715 1141 772 Sancti
1164 713 1290 788 Dionysii
1306 710 1341 768 de
1359 711 1478 768 earcere
1498 707 1589 783 palam
1606 718 1659 764 est.
1678 705 1734 763 Sed
1753 705 1808 763 hcc

160 823 165 828 '
228 825 354 882 mortuo,
369 813 518 867 comitatus
533 807 619 864 rediit
636 806 673 862 ad
690 807 844 862 Heus-icum
858 806 887 872 Ι,
903 804 1021 861 Roberti
1042 805 1147 872 filium,
1161 806 1211 878 qui
1225 803 1415 860 vicecomitem
1428 803 1468 858 ibi
1482 801 1637 858 constitnit.
1653 799 1725 855 Nam
1736 807 1765 854 et
1779 797 1808 850 in

228 908 329 966 litteris
342 904 476 978 Philippi,
491 904 542 978 qui
554 899 748 956 fundationem
762 899 856 956 Sancti
873 899 987 954 Martini
999 898 1036 954 de
1049 899 1162 972 Campis
1174 917 1189 952 a
1203 907 1281 970 patre
1294 897 1393 952 factam
1406 895 1594 968 confirmauit,
1609 917 1622 944 ιι
1637 892 1723 948 Ursio
1735 892 1809 946 vioe-

228 1017 322 1056 comes
334 996 560 1054 melidunensis»
577 993 649 1048 inter
661 991 729 1047 alios
741 991 809 1046 aule
823 991 903 1064 regie
917 989 1019 1047 milites
1033 989 1205 1063 subscripsit.
1215 989 1342 1061 Denique
1354 987 1502 1062 Philippus
1513 989 1582 1062 ipse,
1596 985 1712 1044 Henrici
1726 984 1808 1052 lilius,

230 1093 324 1150 sedem
338 1093 444 1165 regiam
457 1087 595 1144 Meliduni
611 1087 722 1159 posuit,
735 1084 784 1140 ubi
797 1095 825 1140 et
838 1086 894 1140 sita
906 1084 1019 1138 iunctus
1031 1093 1073 1140 cst
1084 1082 1222 1139 Abaiardi
1236 1082 1325 1138 nostri
1336 1092 1478 1154 tempore,
1494 1082 1566 1137 sicut
1578 1090 1695 1136 testatur
1707 1079 1812 1152 Sugge-

231 1188 305 1253 rius,
320 1184 415 1240 Sancti
436 1180 562 1254 Dionysii
580 1178 680 1246 abbas,
696 1179 726 1234 in
739 1178 807 1234 Vita
829 1176 960 1232 Ludosici
979 1176 1093 1244 Grossi‚
1110 1174 1241 1248 Philippo
1261 1175 1366 1248 geniti,
1380 1174 1425 1229 his
1438 1173 1529 1229 verbis
1542 1197 1547 1228 :
1561 1173 1738 1247 sQunmque
1753 1172 1811 1228 fere

231 1277 423 1350 sexagenarius
434 1285 519 1340 esset,
534 1288 628 1346 regem
643 1287 746 1326 exuens
757 1269 832 1344 apud
846 1269 1023 1326 Melidunum
1036 1279 1158 1324 castrum
1174 1285 1258 1342 super
1266 1267 1381 1322 fluvium
1393 1267 1538 1341 Sequana,
1552 1277 1684 1340 praesente
1696 1265 1811 1321 domino

231 1368 385 1436 Ludovico,
398 1377 555 1424 extremum
570 1362 670 1420 clausit
681 1363 766 1418 diem.
781 1385 794 1412 ι»

883 1511 954 1568 Nota
973 1513 1030 1582 xt,
1051 1531 1114 1586 pag.
1135 1516 1160 1569 li.

267 1647 318 1703 Ad
328 1656 453 1702 castrum
469 1643 591 1701 corbeth
595 1685 602 1711 ,
614 1641 692 1716 quod
701 1645 851 1715 parisiacus
865 1642 930 1698 urbi
940 1647 1061 1700 vicinius
1074 1653 1125 1700 est.
1137 1674 1174 1688 -
1184 1645 1341 1718 Antiquom
1355 1653 1398 1699 est
1411 1653 1440 1698 ct
1452 1643 1507 1698 hoc
1520 1651 1656 1711 castrum,
1673 1661 1704 1698 ac
1716 1645 1738 1698 si
1754 1661 1809 1699 non

232 1758 345 1814 regum,
358 1740 456 1796 saltem
473 1739 635 1810 reginarum
649 1736 737 1792 sedes.
753 1725 838 1808 Quod
851 1746 884 1791 ut
895 1735 995 1792 melius
1010 1737 1192 1812 intelligatur,
1209 1747 1315 1792 veteres
1333 1736 1418 1792 etiam
1436 1733 1577 1806 Corbolii,
1601 1736 1657 1792 sive
1672 1735 1811 1808 Corbolii,

232 1843 281 1888 aut
293 1831 419 1888 Curbolii
432 1831 546 1886 comites
559 1829 707 1886 adnotabo.
720 1829 754 1884 to
765 1839 840 1884 certe
851 1829 1075 1903 antiquissimus,
1088 1849 1172 1905 quem
1184 1830 1315 1904 legerim,
1330 1828 1511 1884 corboliensis
1523 1845 1616 1884 comes
1628 1828 1682 1884 suit
1691 1829 1811 1895 Haimo,

234 1926 284 2000 qui
296 1925 349 1980 sub
360 1943 465 1980 annum
477 1924 584 1981 Christi
600 1926 669 1981 4363
683 1923 780 1978 vixisse
793 1922 908 1978 dicitur.
928 1923 999 1978 Nam
1018 1925 1152 1990 Joaones,
1170 1925 1263 1980 Sancti
1282 1923 1406 1982 Victoris
1425 1922 1594 1992 monachus,
1617 1921 1652 1977 de
1672 1925 1758 1980 eosic
1779 1924 1813 1980 ad

234 2018 316 2074 illum
337 2037 441 2075 annum
459 2017 575 2073 scribit:
596 2016 729 2072 «Eodem
753 2025 878 2088 tempore
899 2034 1000 2090 corpus
1020 2017 1093 2072 beati
1112 2017 1243 2074 Guenaili
1255 2015 1362 2072 abbatis
1373 2036 1388 2071 a
1401 2016 1543 2071 Britannia
1555 2025 1671 2090 propter
1683 2017 1813 2072 timorem

235 2109 494 2167 Northmanuornm
513 2108 677 2165 translatum
700 2109 731 2164 in
752 2107 874 2177 Gallias,
897 2109 1003 2184 Deique
1025 2109 1208 2183 dispositione
1227 2111 1257 2165 in
1277 2120 1366 2166 castro
1390 2107 1556 2166 corboliensi
1578 2119 1721 2182 receptum
1741 2120 1812 2166 esta

235 2205 337 2260 comite
349 2203 508 2275 Haymone,
523 2212 551 2257 et
562 2203 592 2257 in
605 2201 718 2258 ecclesia
736 2205 766 2257 io
784 2201 893 2257 honore
913 2202 1001 2275 ipsius
1015 2221 1029 2256 a
1044 2202 1120 2259 dicto
1142 2204 1279 2259 Haimone
1297 2211 1454 2258 constructa
1472 2201 1626 2257 honorifice
1648 2202 1811 2259 collocatum

235 2305 285 2350 est.
298 2317 310 2344 ι
325 2293 361 2349 Ε4
374 2293 563 2350 calendarium
576 2294 669 2350 Sancti
683 2292 831 2362 Guenaili,
844 2294 879 2349 ad
891 2293 966 2349 diem
979 2298 1010 2354 2⁴
1027 2296 1109 2350 maii:
1124 2318 1137 2345 u
1151 2295 1380 2350 Anniversarium
1395 2293 1517 2350 solemne
1530 2294 1676 2350 Haimonis
1688 2295 1811 2362 comitis,

234 2386 391 2444 fundatoris
404 2387 479 2442 Beati
494 2387 625 2442 Gueuaili
639 2387 674 2442 de
686 2386 834 2456 Cosboiio,
848 2388 897 2461 qui
911 2386 990 2443 dedit
1001 2387 1093 2444 eidem
1110 2387 1230 2444 ecclesia
1240 2388 1364 2460 hospites
1383 2405 1453 2462 quos
1464 2387 1600 2442 habemus
1613 2387 1686 2442 ultra
1699 2398 1812 2461 pontem

236 2481 376 2556 Sequanae.
392 2503 406 2530 4
422 2480 532 2538 Verum
545 2480 568 2535 si
583 2481 619 2536 ita
633 2489 688 2548 est,
703 2497 841 2535 annorum
854 2479 937 2554 longa
951 2481 1083 2538 distantia
1098 2481 1245 2554 persuadet
1258 2481 1424 2536 Haimonem
1437 2480 1514 2534 hunc
1529 2479 1616 2536 alium
1629 2479 1663 2536 ab
1676 2481 1814 2538 Haimone

236 2571 283 2628 iilo
295 2570 461 2627 corboliensi
474 2572 577 2628 comite
596 2571 694 2641 fuisse,
712 2573 778 2647 qui,
798 2572 870 2628 sicut
892 2573 979 2629 refert
996 2573 1076 2643 Odo,
1099 2574 1257 2630 fossatensis
1269 2573 1438 2641 monachus,
1459 2595 1473 2624 s
1488 2571 1523 2628 ad
1537 2573 1634 2628 limina
1655 2583 1812 2630 sauctorum

234 2665 421 2740 apostolorum
434 2665 511 2722 Petri
525 2676 554 2720 et
565 2664 643 2720 Pauli
658 2666 794 2720 orationis
807 2667 895 2738 gratia
906 2665 1025 2722 Romam
1038 2684 1166 2741 pergens,
1180 2665 1221 2723 ibi
1235 2668 1265 2722 in
1276 2666 1374 2722 eodem
1389 2667 1490 2723 itinere
1502 2665 1586 2721 finem
1599 2667 1660 2720 vite
1672 2667 1788 2740 accepit.
1801 2692 1813 2718 4

236 2759 306 2814 Nam
318 2758 348 2814 id
356 2776 451 2813 sersus
462 2759 575 2814 initium
589 2760 669 2832 regni
681 2759 811 2834 Hugonis
823 2758 935 2815 accidit.
947 2759 982 2816 Et
998 2778 1031 2816 eo
1045 2760 1180 2816 defuncto
1194 2784 1206 2811 4
1222 2759 1400 2818 Burchardus
1413 2758 1565 2818 Vindocioi
1581 2777 1688 2826 comes,
1699 2778 1814 2816 uxorem

235 2851 295 2924 ejus
305 2852 420 2906 nomine
432 2849 637 2921 Elisabetbam,
653 2850 740 2906 nobili
751 2861 780 2907 et
792 2851 880 2924 ipsam
894 2852 1028 2928 progenie
1040 2863 1180 2922 exortam,
1195 2851 1248 2908 sibi
1261 2853 1392 2926 conjugio
1406 2851 1545 2925 copulavit
1558 2875 1564 2906 ε
1578 2871 1610 2907 44
1620 2853 1650 2908 in
1663 2869 1697 2908 eo
1711 2851 1815 2926 copule

235 2943 374 3012 thalamo,
388 2961 437 2998 rex
450 2944 534 3016 Hugo
547 2953 667 2999 castrum
682 2943 858 3000 Melidunum
869 2955 953 3019 atque
969 2946 1150 3018 Corboilum,
1164 2947 1385 3020 comitatumque
1397 2945 1535 3018 parisiace
1551 2944 1629 2999 urbis
1640 2943 1682 3000 illi
1697 2943 1785 3000 dedit.
1800 2970 1813 2996 4

238 3036 334 3105 Quare
345 3035 476 3109 deinceps
490 3035 665 3092 burchardus
678 3047 707 3093 et
720 3038 778 3110 ipse
791 3055 820 3093 se
832 3056 884 3111 pro
895 3040 999 3094 comite
1013 3038 1177 3094 corboliensi
1192 3040 1285 3113 gessit.
1299 3041 1358 3096 Aut
1371 3040 1394 3094 si
1408 3048 1565 3112 postremus
1581 3036 1629 3092 hic
1647 3037 1749 3093 Haimo
1768 3037 1816 3093 ille

237 3138 282 3184 est
294 3128 345 3202 qui
357 3127 451 3184 Sancti
464 3126 595 3184 Guenaili
609 3130 665 3184 sive
675 3128 816 3186 Guenaldi
828 3130 975 3186 ecclesiam
986 3133 1157 3200 construxit,
1178 3149 1290 3188 necesse
1303 3131 1414 3188 videtur
1427 3147 1528 3204 cos-pus
1543 3129 1604 3203 ejus
1622 3131 1710 3186 sancti
1726 3131 1814 3186 serim

237 3219 402 3276 Corbolinm
415 3219 529 3276 allatum
540 3221 625 3278 fuisse
637 3240 722 3296 quam
735 3223 863 3296 prefatus
871 3223 996 3282 Joannes
1005 3224 1158 3280 adnotavit.
1172 3225 1208 3280 Et
1221 3225 1278 3280 hec
1290 3225 1386 3297 opinio
1397 3224 1468 3281 mihi
1479 3241 1514 3280 eo
1527 3223 1615 3297 magis
1627 3221 1726 3296 placet,
1739 3223 1815 3298 quod

235 3312 415 3368 burchardus
424 3313 590 3370 Elisabethas
600 3315 729 3388 conjugis
740 3316 802 3388 ejus
813 3318 944 3382 maritus,
957 3317 987 3372 in
1000 3316 1101 3374 litteris
1115 3335 1166 3391 pro
1181 3319 1282 3374 Sancto
1292 3315 1441 3373 Guenaldo
1453 3315 1541 3384 datis,
1557 3314 1633 3370 illius
1644 3315 1729 3370 etiam
1747 3333 1815 3372 con-

236 3405 366 3460 cessionis
378 3406 522 3472 meminit,
535 3423 619 3480 quam
634 3407 750 3479 predata
760 3407 880 3464 ecclesie
890 3408 1007 3476 iecerat,
1022 3409 1067 3464 bis
1076 3409 1184 3465 serbis:
1197 3432 1211 3459 α
1222 3410 1328 3464 Notum
1338 3409 1398 3464 heri
1411 3408 1539 3464 volumus
1547 3407 1678 3463 omnibus
1688 3406 1816 3463 fidelibus

237 3495 343 3551 clericis
354 3506 384 3550 et
396 3495 485 3563 laicis,
501 3497 578 3571 quod
595 3515 648 3570 ego
665 3497 846 3554 burchardus
858 3515 951 3554 comes
963 3499 1155 3570 corboilensis,
1170 3501 1207 3556 ob
1218 3498 1375 3556 remedium
1395 3501 1491 3554 anime
1504 3516 1588 3564 meu,
1609 3508 1816 3554 autecessorum

237 3605 481 3663 successorumque
501 3607 647 3658 meorum,
661 3590 792 3663 precibus
803 3609 916 3666 quoque
933 3593 1095 3662 Guillaudi,
1116 3593 1241 3666 ejusdem
1255 3592 1309 3648 loci
1329 3593 1474 3660 canonici,
1496 3602 1525 3648 et
1547 3593 1672 3666 magistri
1693 3591 1743 3646 filii
1760 3593 1815 3647 mei
1869 3586 1901 3616 ‘²

239 3677 382 3750 Reinaldi,
396 3680 497 3736 Sancto
516 3681 656 3737 Guenailo
669 3682 787 3738 terrulas
798 3701 867 3758 quas
879 3685 981 3742 Haimo
993 3703 1086 3742 comes
1098 3687 1177 3759 prius
1190 3685 1306 3743 dederat
1321 3684 1412 3742 eidem
1433 3695 1546 3750 sancto,
1567 3684 1704 3751 concessi,
1724 3694 1779 3740 etc.
1801 3706 1814 3733 a

237 3771 373 3828 Caeterum
385 3771 422 3828 de
440 3772 601 3830 burchardo
621 3773 675 3830 hoc
693 3775 864 3833 corboilensi
878 3777 982 3834 comite
998 3779 1105 3834 mentio
1119 3777 1151 3833 lit
1164 3779 1247 3836 etiam
1261 3779 1290 3833 in
1304 3777 1462 3834 calendario
1481 3777 1575 3833 Sancti
1593 3775 1742 3843 Guemih,
1762 3777 1817 3832 boc

237 3863 321 3921 modo
332 3890 339 3920 :
352 3887 365 3916 u
377 3866 449 3921 Item
462 3867 681 3922 anniversarium
694 3869 828 3925 Burcardi
841 3871 969 3940 comitis,
982 3871 1032 3945 qui
1044 3870 1124 3927 dedit
1133 3870 1226 3928 eidem
1237 3871 1357 3928 ecclesie
1365 3870 1500 3946 quosdam
1511 3869 1636 3946 hospites
1645 3870 1721 3944 apud
1731 3871 1818 3926 Mun-

239 3960 402 4020 desillam.a
416 3963 514 4018 Postea
535 3964 716 4019 corboliensis
735 3983 829 4021 comes
848 3963 962 4021 effectus
981 3977 1023 4022 est
1043 3965 1225 4034 Guillelurus,
1241 3968 1290 4041 qui
1308 3967 1461 4023 detectioni
1474 3983 1625 4039 corporum
1643 3966 1731 4021 sancti
1748 3965 1816 4022 Dio-

238 4054 311 4124 nysii
336 4065 365 4110 44
392 4056 531 4110 sociorum
557 4056 733 4131 subscripsit,
754 4068 881 4132 tempore
898 4059 1014 4114 hienrici
1036 4060 1051 4114 1
1068 4060 1151 4132 regis.
1177 4059 1235 4116 Nec
1258 4057 1395 4116 affirmare
1415 4059 1497 4116 selim
1515 4077 1581 4114 eum
1601 4059 1766 4121 Elisabethe
1789 4070 1818 4114 et

238 4145 406 4202 Haimoniai
420 4147 471 4202 riri
490 4149 547 4217 sui,
563 4148 650 4204 lilium
662 4151 796 4208 extitisse.
817 4151 884 4207 Post
895 4150 1097 4222 Guillelmum,
1120 4151 1273 4208 Ruinaldus
1291 4154 1456 4209 comitatum
1475 4153 1568 4208 tenuit
1586 4151 1732 4227 adicitque
1751 4169 1819 4208 con·

238 4236 390 4293 firmationi
410 4240 582 4296 fondationis
597 4241 692 4298 Sancti
712 4244 827 4298 Martini
848 4243 883 4300 de
899 4245 1013 4317 Campis
1025 4262 1040 4298 a
1052 4244 1213 4318 Philippoi
1229 4262 1294 4317 rege
1310 4244 1401 4312 44444,
1422 4243 1474 4299 sub
1491 4261 1595 4300 anuum
1609 4243 1716 4300 Christi
1738 4247 1817 4303 tuot.

238 4327 377 4386 Raiuaido
393 4333 572 4390 burchardus
583 4335 612 4390 11
626 4337 774 4405 successit,
794 4338 860 4411 qui,
876 4355 949 4393 anno
969 4341 1053 4406 4074,
1069 4337 1222 4394 danastrum
1238 4337 1333 4394 Sancti
1348 4337 1480 4411 Exuperii
1497 4336 1717 4394 corboliensibus
1734 4353 1818 4391 cano·

237 4421 309 4475 uicis
320 4425 465 4508 concessit
481 4425 517 4480 Et
530 4425 579 4480 hic
591 4426 679 4482 hlium
693 4427 792 4484 babuit
805 4428 948 4501 Odonem,
962 4441 1025 4504 post
1037 4447 1067 4485 se
1077 4447 1190 4505 qnoque
1201 4429 1327 4488 Corbolii
1344 4430 1427 4485 castri
1440 4431 1587 4501 comitem,
1600 4427 1706 4502 dequo
1719 4427 1819 4484 tabule

236 4513 331 4569 Sancti
344 4515 461 4570 Martini
477 4515 512 4572 de
530 4519 644 4592 Campis
656 4518 692 4574 ad
702 4539 809 4576 aunum
823 4525 904 4580 4047.
918 4522 1071 4598 Resertque
1084 4523 1238 4597 Saggarius
1249 4525 1280 4579 in
1295 4525 1363 4582 Vita
1375 4523 1508 4579 Ludosici
1526 4523 1639 4590 (444444,
1654 4521 1731 4576 hunc
1742 4522 1818 4578 Gui-

236 4604 319 4662 donis
331 4605 423 4663 Rubei
437 4609 597 4667 fratruelem
610 4612 707 4682 luisse,
722 4631 754 4669 ac
765 4615 901 4690 Stephani
914 4617 1025 4672 comitis
1036 4617 1129 4674 lancea
1142 4635 1302 4690 percussum
1314 4618 1463 4674 interiisse.
1472 4603 1540 4688 Quo
1551 4617 1641 4686 lacto,
1654 4617 1820 4690 consangui-

236 4715 306 4754 neus
317 4699 378 4772 ejm
389 4701 476 4774 Hugo
488 4705 676 4760 Caeciaceosis
687 4705 830 4764 Guidonis
839 4708 932 4765 llubei
948 4709 1035 4778 iilius,
1047 4731 1061 4762 s
1075 4710 1239 4768 Corbolinm
1247 4722 1379 4779 castrum,
1389 4710 1468 4782 cujus
1478 4727 1508 4766 se
1517 4709 1650 4766 heredem
1660 4709 1792 4782 jactabat,
1805 4731 1819 4760 a

235 4789 378 4847 Ludorico
384 4793 492 4850 Grosso
503 4799 572 4870 regi,
582 4797 709 4873 Philippi
718 4799 786 4870 filio,
795 4819 882 4857 scum
894 4801 1025 4858 omnibus
1033 4805 1168 4878 angariis,
1183 4804 1267 4860 talliis
1275 4815 1305 4860 et
1314 4803 1532 4878 possessionibus
1542 4803 1671 4875 abjurare
1682 4825 1695 4854 4
1708 4813 1819 4860 coactm

234 4893 287 4938 est.
296 4883 426 4959 Denique
434 4887 589 4944 ludovicus
598 4891 614 4946 J
617 4893 710 4961 unior,
720 4891 860 4950 Lndovico
866 4895 973 4952 Gnosso
986 4895 1043 4952 sive
1054 4897 1170 4953 Senium
1184 4898 1304 4970 genitus,
1316 4897 1408 4954 Adele
1417 4897 1498 4953 uxori
1511 4915 1566 4952 sue
1578 4906 1682 4952 terrant
1693 4895 1820 4952 Corbolii

235 4975 356 5032 dotalitii
364 4982 480 5037 nemine
489 4982 613 5058 reliquit.
625 4984 816 5042 Ducentenim
825 4987 985 5045 boclitterse
993 4989 1154 5064 Philippili
1163 4992 1248 5066 tegis,
1261 4989 1353 5047 Adule
1362 4989 1423 5062 lilii,
1436 4989 1561 5047 Corbolii
1570 4989 1640 5046 datu
1650 5007 1724 5046 anno
1737 4993 1819 5061 44844,

236 5069 280 5124 his
288 5069 381 5128 serbis
392 5095 398 5126 ι
411 5094 426 5123 s
438 5073 600 5150 Philippus,
611 5077 663 5133 Dei
675 5080 763 5152 gratia
770 5081 944 5138 Francorum
953 5101 1010 5151 rex,
1019 5082 1343 5140 etcNoserintuniuersi
1351 5092 1497 5157 presentes
1505 5082 1640 5152 etiamsi,
1651 5082 1729 5156 qood
1735 5081 1819 5136 Adela

235 5171 325 5218 mater
337 5175 433 5221 nostra
443 5165 511 5224 dum
526 5177 630 5226 terram
638 5169 763 5228 Corbolii
774 5173 887 5230 nomine
900 5184 1008 5237 teneret
1020 5172 1157 5244 doulitii,
1168 5175 1254 5232 Petro
1265 5174 1367 5231 clerico
1379 5191 1431 5231 suo
1442 5175 1518 5233 Beati
1530 5172 1662 5248 Exuperii
1674 5174 1817 5240 canonico,

355 5278 367 5320 1
1680 5269 1701 5330 6
