4536 6102
854 588 1086 661 EXPOSlTlO
1111 588 1312 662 SYMBOLI.
1810 591 1881 666 609

299 733 389 802 Nam
410 745 446 802 et
465 756 578 827 quum
602 730 730 827 singuli
751 729 918 802 homines
934 755 976 802 ex
990 733 1109 804 anima
1125 745 1290 803 constent
1306 744 1344 801 et
1362 753 1528 829 corpore,
1545 731 1745 802 secundum
1761 747 1882 808 tamen

298 850 413 922 solam
429 853 591 950 corporis
603 866 785 940 naturam,
802 877 880 949 quae
892 853 1104 940 traducitur,
1116 853 1259 949 concipi
1277 877 1298 923 a
1313 851 1502 940 matribus,
1515 850 1572 922 vel
1582 853 1681 923 nasci
1698 852 1881 927 dicuntur.

298 976 393 1042 Bene
407 986 527 1044 autern
544 973 702 1044 dicturus
719 997 801 1043 eum
818 971 864 1043 de
880 973 1024 1069 Virgine
1041 988 1184 1063 natum,
1204 975 1344 1070 nequis
1360 987 1532 1069 quaereret
1548 971 1700 1070 qualiter
1715 974 1752 1044 id
1770 973 1883 1065 lieret,

296 1091 466 1185 praemisit
486 1106 703 1188 conceptum
725 1115 790 1190 per
810 1093 983 1189 Spiritum
1006 1108 1171 1164 sanctum
1191 1120 1199 1162 :
1219 1092 1311 1163 sicut
1332 1107 1369 1163 et
1388 1093 1494 1164 matri
1510 1093 1727 1190 quaerenti¹:
1750 1122 1769 1160 u
1789 1098 1887 1182 Quo·

298 1207 410 1279 modo
436 1209 496 1281 fiet
528 1209 643 1281 istud?
670 1238 687 1277 u
724 1209 860 1281 dictum
887 1226 941 1282 est
976 1209 1023 1283 ab
1052 1211 1187 1307 Angelo
1217 1238 1225 1280 :
1257 1212 1445 1309 «Spiritus
1481 1225 1624 1282 sanctus
1660 1217 1887 1309 superveniet

298 1328 333 1396 in
354 1343 407 1416 te,
426 1329 495 1399 etc.
513 1357 531 1396 u
548 1335 599 1400 Ex
615 1355 689 1426 quo
715 1330 862 1426 quidem
878 1355 954 1401 uon
972 1331 1201 1402 mediocriter
1217 1332 1334 1428 ipsam
1350 1355 1495 1428 quoque
1520 1331 1672 1427 Spiritus
1694 1355 1886 1428 personam

189 1528 200 1550 ,
298 1447 404 1518 nobis
431 1449 680 1538 commendat,
709 1449 864 1520 dicendo
890 1448 1058 1522 videlicet
1078 1476 1142 1548 per
1166 1452 1416 1548 operationem
1443 1451 1518 1547 ejus
1541 1450 1629 1521 illud
1651 1475 1782 1548 corpus
1809 1477 1885 1524 esse

298 1580 533 1665 conceptum,
554 1569 592 1639 in
618 1567 718 1664 cujus
743 1567 861 1640 hostia
886 1571 1051 1640 omnium
1077 1570 1279 1670 redemptio
1306 1585 1359 1640 est
1389 1585 1652 1641 consummata.
1680 1572 1788 1658 Quod
1818 1597 1885 1643 nec

299 1691 418 1759 minus
430 1714 495 1786 per
503 1691 621 1787 ipsum
634 1691 799 1787 spiritum
810 1691 1002 1787 Apostolus
1010 1691 1097 1762 dicit
1108 1716 1175 1789 pro
1186 1690 1292 1762 nobis
1308 1691 1472 1762 oblatum
1488 1691 1579 1762 sicut
1596 1706 1632 1761 et
1647 1705 1882 1789 conceptum.

301 1809 393 1879 Hinc
410 1824 464 1880 est
480 1809 568 1880 illud
584 1809 631 1881 ad
644 1810 828 1899 Hebraeos,
847 1810 909 1882 ubi
925 1812 962 1883 in
981 1810 1049 1883 hac
1067 1827 1197 1883 nostrae
1213 1812 1335 1883 salutis
1351 1812 1664 1883 consummatione
1686 1813 1798 1884 totius
1814 1813 1893 1883 'trie

298 1928 417 1998 nitatis
438 1931 686 2026 operationem
710 1955 1013 2020 commemorans,
1033 1932 1101 2002 ait'
1121 1960 1128 2002 :
1147 1960 1165 1999 α
1182 1933 1218 2002 Si
1235 1932 1332 2002 enim
1348 1933 1492 2027 sanguis
1509 1930 1694 2002 hircorum
1711 1945 1746 2002 et
1762 1945 1884 2002 tauro·

297 2069 396 2136 rum,
410 2062 447 2118 et
462 2049 552 2119 cinis
568 2049 686 2121 vitulae
710 2074 873 2147 aspersus
893 2052 1100 2148 inquinatos
1125 2048 1324 2122 sanctificat
1349 2051 1395 2122 ad
1421 2049 1716 2122 emundationem
1731 2051 1849 2122 carnis
1874 2079 1881 2120 :

295 2180 432 2262 quanto
450 2169 561 2264 magis
577 2171 721 2265 sanguis
734 2167 882 2258 Christi,
897 2170 960 2266 qui
977 2194 1041 2266 per
1052 2171 1224 2266 Spiritum
1240 2184 1406 2240 sanctum
1423 2169 1655 2264 semetipsum
1673 2167 1804 2239 obtulit
1820 2169 1884 2238 im·
1927 2161 1935 2178 ⁶

297 2284 515 2357 maculatum
528 2291 620 2376 Deo,
635 2287 847 2360 emundabit
863 2289 1122 2362 conscientiam
1134 2305 1295 2360 nostram
1308 2287 1354 2359 ab
1365 2289 1535 2386 operibus
1545 2290 1718 2359 mortuis?
1730 2316 1749 2356 u
1763 2293 1884 2376 Quum

297 2419 415 2478 autem
443 2407 562 2504 ipsum
588 2407 645 2479 vel
671 2423 889 2505 conceptum
905 2408 962 2481 vel
983 2423 1110 2480 natum
1135 2409 1181 2480 de
1207 2409 1340 2505 Spiritu
1365 2422 1491 2478 sancto
1522 2407 1710 2496 audimus,
1738 2407 1839 2478 aliter
1864 2432 1886 2478 a

297 2525 442 2620 Virgine
458 2541 693 2623 conceptum,
713 2526 815 2598 aliter
830 2551 915 2598 eum
932 2527 978 2598 de
994 2528 1128 2625 Spiritu
1144 2541 1380 2623 conceptum;
1400 2525 1457 2597 vel
1470 2525 1571 2596 aliter
1588 2548 1672 2596 eum
1689 2522 1734 2596 de
1753 2525 1885 2622 Spiritu

297 2657 440 2732 natum,
455 2643 555 2715 aliter
567 2645 613 2716 de
630 2647 775 2741 Virgine
794 2661 920 2717 natum
937 2645 1176 2741 intelligamus
1194 2672 1201 2714 :
1219 2670 1240 2715 a
1256 2645 1402 2740 Virgine
1411 2645 1577 2741 quidem,
1589 2641 1645 2714 vel
1662 2643 1708 2713 de
1725 2645 1883 2740 Virgine,

297 2762 497 2833 secundum
507 2765 607 2861 quod
621 2765 667 2835 de
683 2765 882 2837 substantia
899 2765 975 2861 ejus
991 2779 1164 2862 tanquam
1176 2765 1299 2835 matris
1310 2787 1457 2835 earnem
1474 2763 1650 2860 acceperit
1666 2789 1674 2832 τ
1691 2761 1737 2832 de
1753 2765 1886 2860 Spiritu

297 2906 398 2970 vero,
417 2884 618 2954 secuudum
634 2883 706 2955 hoc
722 2885 822 2981 quod
836 2909 901 2982 per
913 2883 1058 2974 divinae,
1069 2899 1110 2955 ut
1122 2884 1335 2971 dictumest,
1350 2883 1468 2978 gratiae
1480 2905 1613 2953 novam
1625 2905 1666 2952 ac
1684 2881 1886 2955 mirandam

298 3001 548 3099 operationem
560 3001 693 3075 factum
711 3017 764 3074 est
779 3030 787 3074 :
805 3003 978 3101 adquam
995 3002 1094 3075 nulla
1108 3003 1284 3074 institutio
1299 3015 1435 3073 naturae
1451 2999 1614 3072 sufficere
1630 3013 1784 3098 poterat.
1805 3005 1885 3072 Nou

298 3146 383 3219 ergo
400 3123 450 3194 ita
465 3125 502 3194 in
519 3122 588 3195 hac
605 3125 789 3196 nativitate
809 3123 866 3196 vel
887 3125 1135 3226 incarnatione
1151 3125 1299 3194 Domini
1314 3137 1455 3220 patrem
1472 3122 1548 3217 ejus
1563 3119 1758 3216 intelligere
1775 3121 1886 3194 debe·

299 3267 379 3330 mus
399 3244 571 3340 Spiritum
588 3259 769 3334 sanctum,
788 3246 880 3317 sicut
891 3246 966 3340 ejus
983 3261 1135 3317 matrem
1153 3243 1365 3343 profitemur
1381 3244 1571 3346 virginem.
1591 3243 1690 3312 Sicut
1712 3243 1810 3314 enim
1827 3243 1886 3316 illa

298 3323 374 3455 ejiis
390 3376 523 3436 aeterna
545 3365 726 3459 generatio
747 3363 793 3435 de
817 3363 1016 3436 substantia
1040 3365 1151 3436 Patris
1171 3365 1249 3436 sine
1273 3379 1387 3436 matre
1403 3377 1474 3453 est,
1493 3365 1544 3434 sie
1560 3363 1627 3433 ista
1641 3361 1887 3459 temporaliter

300 3479 346 3552 de
361 3498 476 3555 matre
497 3485 574 3556 sine
595 3499 696 3582 patre
723 3501 787 3557 est.
808 3489 1046 3584 Operatorem
1070 3488 1203 3584 itaque,
1231 3501 1270 3557 ut
1297 3487 1434 3557 dictum
1450 3499 1521 3575 est,
1541 3484 1661 3582 potius
1687 3508 1796 3580 quam
1823 3509 1888 3582 pa-

297 3615 390 3672 trem
399 3603 571 3701 Spiritum
580 3619 745 3677 sanctum
753 3604 839 3676 hinc
848 3606 1018 3702 intellige,
1034 3607 1125 3678 sicut
1141 3621 1177 3678 et
1193 3608 1230 3677 in
1247 3604 1394 3702 singulis
1406 3628 1485 3702 quae
1506 3602 1591 3674 iacit
1605 3606 1702 3674 Deus
1718 3617 1887 3702 operator

299 3722 441 3814 dicitur,
460 3726 517 3797 vel
532 3741 673 3798 creator
689 3729 809 3826 potius
832 3753 943 3825 quam
968 3744 1069 3826 pater
1094 3730 1241 3827 proprie
1266 3727 1442 3799 dicendus
1462 3740 1528 3797 est.
1555 3729 1598 3795 Et
1624 3721 1769 3796 attende
1787 3724 1887 3819 quod

300 3866 410 3936 quum
430 3844 517 3915 dicit
533 3843 645 3918 filium
667 3848 732 3917 Dei
753 3847 800 3918 de
817 3847 970 3945 Virgine⁸
984 3861 1127 3936 natum,
1147 3846 1388 3943 eumdemque
1410 3860 1485 3916 tarn
1509 3843 1576 3914 Dei
1598 3868 1709 3940 quam
1728 3841 1888 3913 hominis

299 3957 414 4033 filium
437 3988 514 4035 esse
536 3967 680 4055 astruit,
699 3969 874 4038 unitatem
897 3990 1060 4064 personae
1085 3967 1120 4036 in
1144 3965 1285 4036 duabus
1303 3964 1458 4051 naturiS,
1479 3960 1602 4033 divina
1627 3959 1760 4032 scilicet
1781 3975 1888 4058 atque

282 4080 456 4173 ,humana
465 4141 475 4174 ,
494 4084 697 4157 confirmat.
718 4086 890 4173 Quamvis
906 4087 1005 4157 enim
1021 4085 1219 4158 secundum
1242 4085 1469 4156 divinitatem
1489 4105 1533 4152 cx
1549 4079 1628 4151 solo
1646 4083 1750 4151 Patre
1765 4081 1812 4152 sit
1826 4105 1887 4177 ge·

300 4205 409 4294 nituS,
441 4222 477 4278 et
501 4208 702 4281 secundum
722 4208 985 4281 humanitatem
1016 4234 1058 4281 ex
1083 4209 1158 4280 sola
1184 4221 1299 4298 matre
1318 4206 1364 4278 sit
1379 4220 1502 4293 natus,
1527 4201 1667 4300 aliaque
1692 4202 1737 4273 sit
1763 4216 1890 4274 natura

300 4325 387 4414 Dei,
404 4325 474 4400 alia
485 4327 662 4418 hominis;
682 4328 779 4401 aliud
795 4331 840 4401 sit
856 4329 1038 4420 divinitae,
1057 4328 1154 4402 aliud
1165 4329 1369 4401 humanitas
1383 4354 1390 4398 :
1404 4349 1476 4398 una
1487 4337 1609 4396 tamen
1626 4323 1732 4430 estin
1749 4322 1890 4393 Christo

303 4469 477 4542 persona,
497 4449 535 4520 in
552 4448 693 4521 duabus
709 4451 846 4521 naturis
862 4451 1074 4540 consistens,
1096 4475 1162 4522 nec
1179 4466 1232 4522 cst
1248 4448 1345 4521 aliud
1368 4449 1405 4518 in
1420 4468 1577 4545 persona
1592 4442 1685 4514 filius
1701 4442 1767 4511 Dei
1784 4465 1892 4538 quam

306 4562 401 4636 iilius
418 4565 590 4640 hominis.
610 4571 782 4656 Quamvis
799 4569 896 4642 aliud
913 4572 958 4641 sit
978 4572 1015 4641 in
1033 4586 1160 4642 natura
1176 4569 1336 4641 Verbum
1354 4567 1453 4666 quod
1473 4564 1663 4636 hominem
1686 4563 1889 4659 assumpsit,

304 4710 415 4782 quam
432 4687 546 4760 homo
560 4691 636 4789 ipse
652 4706 877 4792 assumptus3
896 4717 963 4764 neo
979 4692 1053 4764 duo
1071 4706 1155 4763 sunt
1170 4691 1317 4794 Christi,
1337 4711 1521 4762 assumens
1538 4700 1574 4756 et
1590 4697 1811 4780 assumptuS,
1829 4684 1893 4754 sed

306 4829 400 4878 unus
422 4807 586 4881 Christus
608 4837 616 4880 ε
640 4812 690 4882 sic
711 4837 778 4885 nec
803 4813 877 4884 duo
898 4827 982 4884 sunt
1003 4812 1170 4884 homines
1190 4810 1247 4884 vel
1267 4811 1347 4882 duae
1369 4831 1531 4908 personae
1547 4805 1668 4878 anima
1683 4802 1842 4874 hominis
1858 4817 1894 4873 et

305 4927 382 5024 ejus
396 4952 495 5020 caro,
510 4931 593 5004 licet
610 4933 709 5006 aliud
724 4932 922 5007 secundum
939 4949 1107 5009 naturam
1122 4935 1168 5008 sit
1183 4935 1303 5007 anima
1318 4955 1429 5031 quam
1444 4953 1543 5018 caro,
1562 4949 1676 5026 quum
1692 4923 1753 4997 illa
1767 4922 1893 4996 videli-

334 5187 344 5226 t
363 5189 438 5253 buc..
452 5207 583 5259 eap.1,t.
603 5177 868 5263 it.-·11etr.,esp.
881 5211 955 5257 rm.
970 5199 1008 5248 rt.
1246 5235 1249 5239 .
1448 5193 1460 5204 ‘
1712 5267 1752 5330 π

441 5298 453 5355 1
