4522 6104
738 537 972 613 exrosnto
997 539 1044 614 IN
1066 539 1363 616 HEXAMERON.
1773 543 1845 618 679

257 696 358 756 ctum
366 698 420 758 est
435 712 453 752 u
464 686 556 756 sicut
570 681 697 756 diebus
706 682 864 782 pristinis
879 697 917 754 et
929 684 1021 756 sicut
1034 684 1139 756 annis
1154 683 1362 782 prioribus»
1377 681 1482 755 istam
1494 696 1666 781 praetereo
1678 689 1844 782 quaestio·

258 827 342 877 nem
365 829 412 876 ne
430 828 551 900 cogar,
569 802 670 901 quod
685 801 865 902 prolixum
886 816 957 893 est,
977 815 1108 876 cuncta
1123 801 1319 893 discutere,
1344 817 1385 875 ut
1409 801 1544 900 aliquid
1560 801 1693 874 horum
1716 805 1845 878 veritas
1867 799 1869 804 ’

258 924 481 997 manifestata
495 923 696 996 confirmet.
711 920 826 994 Video
843 921 977 1020 quippe
993 922 1145 994 alterum
1159 947 1321 1012 sensum,
1343 947 1389 993 ne
1406 922 1482 993 dies
1498 923 1669 1020 pristinos
1681 937 1717 994 et
1729 948 1846 997 annos
1926 1005 1929 1012 ,

225 1113 228 1120 ,
257 1044 412 1141 priores,
429 1041 626 1116 carnalium
642 1038 899 1112 sacrificiorum
914 1038 1020 1112 nobis
1036 1064 1104 1139 pro
1120 1065 1253 1138 magno
1271 1064 1421 1112 munere
1436 1065 1500 1138 per
1516 1039 1732 1138 prophetam
1751 1065 1847 1140 prae·

258 1163 384 1234 nrissos
408 1161 514 1238 suisse
539 1159 740 1232 credamus.
758 1159 892 1230 Hostiae
915 1181 1073 1255 namque
1092 1158 1160 1232 illae
1179 1159 1309 1250 ueteris
1325 1157 1411 1256 legis
1427 1160 1465 1231 in
1481 1159 1683 1257 quibusque
1705 1163 1845 1259 pecori-

257 1282 342 1372 bus,
361 1307 440 1380 quae
454 1281 690 1354 immaculatae
705 1303 747 1352 ac
763 1279 840 1353 sine
856 1278 931 1351 ullo
945 1303 1093 1378 prorsus
1105 1280 1193 1352 vitio
1209 1279 1425 1352 videbantur
1442 1277 1582 1370 offerri,
1600 1279 1848 1376 significabant

257 1401 423 1474 homines
439 1415 600 1490 sanctos,
620 1397 734 1498 qualis
748 1397 847 1474 solus
863 1399 1030 1472 inventus
1046 1413 1100 1472 est
1115 1398 1276 1471 Christus
1292 1399 1369 1470 sine
1382 1397 1456 1470 ullo
1475 1398 1626 1471 omnino
1642 1416 1804 1498 peccato.
1824 1432 1844 1472 »

258 1524 305 1592 Ut
320 1535 441 1592 tamen
456 1518 513 1590 his
529 1543 675 1617 quoque
691 1516 894 1590 satisfacere
912 1516 1118 1590 laboremus
1142 1517 1206 1616 qui
1228 1519 1366 1616 primos
1389 1533 1555 1616 parentes
1572 1543 1638 1590 nec
1654 1520 1759 1591 unius
1776 1507 1849 1594 diei

256 1640 412 1736 spatium
425 1637 462 1708 in
479 1637 647 1737 paradiso
662 1637 839 1736 peregisse
850 1634 997 1726 volunt,
1015 1636 1174 1710 fortassis
1188 1637 1366 1738 aliquibus
1382 1638 1491 1736 signis
1506 1637 1557 1709 ibi
1572 1662 1639 1737 pro
1655 1663 1746 1711 voce
1763 1666 1848 1712 usus

256 1771 312 1830 est
326 1755 521 1846 Dominus,
541 1780 699 1853 quorum
713 1753 985 1852 intelligentiam
1000 1753 1103 1832 facile
1120 1755 1186 1828 suit
1205 1757 1239 1829 ei
1254 1757 1428 1856 inspirare
1444 1755 1597 1829 bomini.
1619 1761 1708 1829 Nam
1722 1773 1758 1830 et
1772 1784 1847 1832 ser·

257 1898 347 1972 pens
359 1897 435 1946 non
450 1872 588 1963 verbis,
610 1872 674 1945 sed
688 1871 795 1945 sibilo
814 1871 955 1963 mulieri
974 1873 1116 1946 locutus
1139 1872 1245 1948 fuisse
1265 1874 1437 1964 creditur,
1455 1888 1634 1976 tantaeque
1650 1877 1848 1972 sagacitatis

257 1992 307 2064 illi
323 1993 430 2091 primi
451 2007 619 2092 parentes
635 1993 827 2082 exstitisse,
845 2005 888 2066 ut
902 2017 945 2064 ex
968 1992 1073 2066 sibilo
1092 2008 1300 2093 serpentum
1315 1993 1373 2067 vel
1396 1995 1547 2066 vocibus
1562 1993 1684 2071 avium
1700 1995 1848 2068 affectus

256 2135 383 2184 eorum
399 2127 673 2210 cognoscerent.
692 2111 802 2200 Quod
817 2112 847 2184 si
862 2113 912 2184 ita
932 2136 1130 2211 ponamus,
1150 2113 1355 2187 nullatenus
1370 2117 1534 2212 cogimur
1554 2114 1715 2214 profiteri
1732 2116 1848 2190 Adam

257 2233 449 2307 instituisse
461 2232 620 2330 linguam
632 2233 670 2304 in
686 2231 855 2330 paradiso
876 2259 885 2304 ε
905 2233 969 2307 sed
991 2231 1063 2304 hoo
1085 2256 1150 2331 per
1164 2233 1459 2332 anticipationem
1476 2235 1577 2334 qnod
1588 2252 1688 2310 extra
1702 2235 1846 2335 paradi·

257 2377 337 2427 sum
353 2353 487 2426 sactum
501 2351 547 2424 sit
557 2349 776 2457 propbetam
791 2345 966 2424 retulisse.

183 2479 190 2506 ’
309 2477 395 2545 «Ex
411 2472 525 2546 omni.
544 2469 819 2549 »solummodo
839 2470 996 2570 idquod
1015 2471 1189 2570 sequitur,
1211 2499 1229 2540 n
1247 2469 1295 2543 de
1315 2470 1416 2570 ligno
1441 2498 1528 2547 vero
1547 2475 1718 2565 scientie,
1741 2490 1811 2548 ete.
1827 2505 1846 2546 n

257 2591 399 2666 videtur
414 2591 461 2676 ad
479 2605 697 2691 preceptum
714 2591 909 2689 pertinere.
921 2589 1031 2678 Quod
1050 2613 1137 2663 vero
1153 2589 1379 2690 premittitur
1397 2620 1415 2660 α
1427 2615 1469 2664 ex
1483 2591 1587 2664 omni
1603 2593 1716 2690 ligno,
1727 2621 1746 2660 n
1758 2618 1846 2665 con·

256 2715 369 2786 cessio
387 2715 634 2819 potiusquam
651 2711 844 2810 preceptio
861 2710 1018 2784 videtur.
1038 2714 1119 2783 Non
1137 2711 1236 2782 enim
1253 2711 1306 2784 rei
1321 2727 1457 2802 essent,
1473 2713 1503 2786 si
1521 2713 1660 2786 nonde
1678 2711 1848 2786 omnibus

257 2833 334 2908 aliis
348 2833 456 2930 lignis
469 2832 719 2922 comederent,
739 2829 888 2930 quando
898 2832 937 2903 in
949 2829 1118 2930 paradiso
1136 2829 1293 2902 fuerunt.
1308 2831 1413 2904 Unde
1431 2846 1466 2904 et
1482 2833 1612 2906 mulier
1624 2833 1847 2933 respondens

257 2957 431 3052 serpenti,
452 2953 498 3031 de
513 2953 611 3050 ligno
635 2966 777 3024 tantum
798 2950 900 3050 quod
920 2950 1030 3024 estin
1048 2947 1169 3024 medio
1185 2947 1342 3049 paradisi
1365 2960 1403 3023 se
1426 2952 1603 3052 accepisse
1627 2968 1847 3052 praeceptum

256 3077 487 3153 solummodo
502 3077 602 3148 dicit.
1251 3144 1255 3152 ,

309 3226 327 3266 n
347 3202 387 3267 ln
405 3219 645 3297 quacumque.
662 3221 681 3263 n
702 3193 991 3266 Comminatione
1004 3212 1120 3292 poenae
1137 3189 1184 3265 ad
1201 3189 1446 3266 obedientiam
1463 3217 1547 3266 eum
1564 3192 1775 3268 adhortatam
1794 3193 1848 3266 di·

256 3341 358 3406 cens,
379 3316 480 3414 qnod
497 3338 724 3414 quacumque
748 3313 808 3386 die
825 3312 964 3411 lignum
984 3312 1074 3386 illud
1089 3313 1243 3386 vetitum
1265 3313 1432 3410 attingat,
1460 3339 1503 3387 ex
1524 3330 1642 3388 morte
1664 3315 1791 3389 animae
1808 3315 1848 3389 id

257 3451 311 3508 est
330 3447 478 3534 peccato
501 3449 590 3509 tunc
610 3433 822 3525 commuto,
841 3447 997 3508 mortem
1013 3431 1250 3532 postmodum
1267 3435 1430 3534 corporis
1454 3435 1613 3510 incurret
1633 3463 1641 3506 :
1661 3437 1763 3535 quasi
1784 3459 1848 3534 ge-

258 3553 394 3628 minam
411 3566 578 3626 mortem.
593 3551 745 3651 Reliqua
761 3549 900 3626 desunt.
