4522 6104
746 513 980 588 EXPOSlTlO
1004 513 1049 592 ΙΝ
1072 513 1366 592 flnxtttnttott.
1774 519 1847 592 667

266 652 353 728 tiam
368 654 414 727 ad
431 669 572 730 terrena
588 653 823 744 detinentem,
841 655 929 728 dum
946 657 1052 730 variis
1068 656 1210 729 ducitur
1226 656 1426 747 desideriis,
1442 657 1517 754 jam
1539 657 1641 755 quasi
1662 662 1849 732 aterrenis

266 773 313 848 ad
329 773 484 848 coelestia
498 773 669 864 sustollit,
689 787 725 846 et
740 774 779 845 in
795 774 845 846 eis
862 776 937 871 ejus
950 776 1112 848 animum
1127 774 1174 848 ad
1190 775 1303 848 multa
1320 775 1486 874 primitus
1506 774 1767 848 discurrentem
1785 776 1847 849 frr·

266 909 341 968 mat
357 919 399 968 ac
415 896 564 984 stabilit,
581 910 616 968 et
632 909 759 967 contra
774 896 951 992 quaslibet
967 894 1224 969 adversitatum
1238 895 1413 996 procellas
1424 897 1525 994 quasi
1542 894 1701 968 anchora
1718 920 1847 970 navem

265 1029 472 1103 conservat,
492 1029 528 1086 et
544 1015 591 1088 ad
607 1013 773 1112 quaelibet
788 1013 976 1086 toleranda
989 1015 1047 1087 vel
1063 1014 1302 1113 aggredienda
1317 1014 1496 1088 desiderio
1513 1013 1710 1086 coelestium
1726 1039 1848 1087 corro-

266 1133 383 1208 borat.
403 1135 511 1221 Quod
526 1135 620 1206 bene
642 1136 805 1231 superior
821 1158 997 1231 aquarum
1017 1137 1204 1234 suspensio
1226 1136 1318 1208 sacta
1339 1134 1501 1207 secundo
1523 1133 1582 1206 die
1602 1131 1748 1232 figurat,
1769 1159 1848 1232 quae

148 1309 154 1320 .
265 1279 329 1352 per
347 1255 657 1352 interpositionem
673 1253 753 1325 coeli
774 1277 915 1326 sursum
936 1253 1085 1328 firmiter
1109 1270 1163 1328 est
1186 1247 1353 1327 stabilita.
1372 1257 1489 1326 Tertio
1514 1254 1572 1326 die
1597 1253 1848 1328 recedentibus

264 1373 387 1468 aquis,
404 1371 461 1444 vel
482 1397 547 1469 per
564 1387 702 1446 meatus
717 1372 894 1470 quosdam
919 1387 1022 1444 terrae
1040 1372 1244 1464 submissis,
1263 1374 1458 1445 exsiccatur
1480 1386 1574 1444 terra
1599 1386 1635 1444 et
1659 1371 1758 1444 arida
1784 1370 1845 1462 lit,

263 1493 347 1590 quia
368 1492 450 1588 igne
472 1493 628 1564 caritatis
652 1493 772 1564 anima
793 1515 981 1588 succensa,
1006 1490 1095 1563 dum
1119 1516 1266 1564 carnem
1289 1491 1427 1590 spiritui
1451 1490 1612 1587 subjicit,
1630 1514 1652 1563 a
1668 1491 1765 1564 iluxu
1791 1491 1849 1564 vel

263 1611 447 1707 desideriis
457 1611 1032 1710 carnaliumconcupiscentiarum
1045 1611 1116 1684 boc
1132 1611 1251 1702 calore
1260 1612 1390 1684 siccata
1398 1609 1671 1708 quodammodo
1680 1609 1722 1683 lit
1731 1612 1845 1702 arida,

263 1745 302 1803 ut
314 1731 390 1826 jam
404 1730 444 1802 fit
459 1732 505 1804 de
521 1731 589 1804 illis
604 1731 692 1805 locis
708 1733 910 1831 inaquosis,
927 1757 992 1831 per
1007 1755 1087 1831 quae
1102 1731 1268 1804 diabolus
1282 1731 1568 1828 suggestionibus
1584 1733 1656 1804 suis
1671 1733 1847 1806 transiens

260 1851 422 1948 requiem
446 1877 521 1924 non
542 1854 699 1943 invenit,
722 1853 807 1950 quia
831 1851 939 1926 talem
963 1853 1122 1926 animam
1144 1876 1208 1950 per
1229 1852 1537 1950 concupiscentias
1558 1852 1606 1924 ad
1630 1877 1846 1926 consensum

262 1993 337 2042 non
352 1969 472 2042 trahit.
492 1976 539 2042 Ut
554 1987 675 2045 autem
693 1971 772 2046 talis
788 1973 910 2046 anima
924 1996 989 2070 per
1005 1996 1116 2071 opera
1138 1973 1247 2046 etiam
1271 1987 1553 2062 consummetur,
1572 1973 1732 2069 primum
1753 1985 1848 2045 terra

222 2141 224 2148 s
261 2090 428 2189 producit
453 2092 610 2190 plantas,
637 2107 761 2190 postea
790 2090 980 2165 luminaria
1011 2093 1049 2164 in
1078 2090 1308 2164 firmamento
1341 2091 1458 2189 posita
1483 2090 1601 2192 lucem
1629 2092 1844 2164 ministrant.

260 2213 365 2282 Terra
394 2211 533 2307 itaque,
556 2226 596 2283 ut
617 2210 753 2284 dictum
776 2225 846 2299 est,
871 2210 1025 2283 arelacta
1044 2211 1184 2308 plantas
1208 2209 1393 2308 producit,
1415 2235 1529 2308 quum
1546 2210 1666 2282 anima
1682 2207 1848 2308 quaelibet

260 2329 445 2401 caritatem
459 2353 531 2427 qua
547 2329 658 2402 servet
673 2331 822 2402 interius
838 2331 875 2401 in
891 2329 1111 2403 exhibitione
1129 2330 1374 2428 corporalium
1397 2354 1548 2429 operum
1570 2330 1740 2402 ostendit.
1759 2334 1847 2417 Quae

258 2447 343 2518 siin
359 2461 497 2520 tantam
512 2449 770 2548 perlectionem
785 2449 997 2540 excreverit,
1018 2463 1057 2521 ut
1072 2449 1184 2521 verbo
1201 2473 1347 2548 quoque
1368 2447 1632 2548 predicationis
1652 2447 1741 2552 alios
1761 2449 1847 2520 aedi·

259 2563 367 2638 ficare
384 2581 490 2664 atque
504 2566 706 2642 illuminare
722 2571 853 2668 possit,
869 2569 1059 2642 luminaria
1077 2568 1182 2641 suerit
1198 2571 1236 2642 in
1253 2569 1364 2667 coelo2,
1379 2569 1418 2642 id
1434 2584 1487 2641 est
1499 2567 1610 2640 verba
1623 2567 1847 2665 predicantis

258 2687 296 2758 in
314 2688 462 2762 ecclesia
478 2690 662 2762 minorum
679 2705 714 2764 et
729 2693 831 2790 quasi
853 2691 973 2764 adbuc
993 2707 1221 2764 terrenorum
1245 2693 1350 2764 fuerit
1370 2690 1607 2781 illuminatio,
1635 2706 1671 2763 et
1696 2691 1767 2764 hoc
1795 2706 1848 2766 est

257 2805 460 2882 illuminent
484 2825 628 2882 terram.
656 2815 728 2884 Nec
749 2813 866 2908 solum
882 2813 920 2884 in
937 2811 1016 2902 dic,
1033 2837 1160 2886 verum
1181 2813 1289 2884 etiam
1309 2814 1347 2883 in
1369 2828 1494 2903 nocte,
1512 2813 1597 2909 quia
1612 2826 1687 2883 tam
1703 2813 1742 2883 in
1758 2837 1844 2911 pro·

257 2928 424 3026 speritate
444 2952 554 3026 quam
574 2931 611 3000 in
635 2929 848 3002 adversitate
871 2928 1031 3026 infirmis⁵
1048 2931 1230 3003 mentibus
1252 2929 1458 3029 praedicatio
1485 2931 1685 3003 necessaria
1710 2945 1780 3019 est,
1799 2957 1845 3004 ne

257 3046 435 3145 perhanc
460 3048 689 3140 extollantur,
710 3050 768 3124 vel
790 3076 855 3149 per
878 3050 976 3124 illam
1001 3051 1223 3148 frangantur.
1249 3050 1423 3138 Qualibus
1447 3051 1593 3149 quidem
1610 3049 1846 3125 luminaribus

256 3191 333 3240 non
349 3169 465 3242 solum
488 3171 665 3268 exemplo,
684 3171 748 3244 scd
765 3173 874 3244 ctiam
889 3171 1002 3244 verbo
1018 3171 1108 3244 alios
1124 3171 1381 3245 adfioennhus
1395 3172 1584 3270 Apostolus
1600 3173 1668 3244 ait¹
1686 3200 1694 3244 ι
1716 3202 1734 3241 a
1748 3178 1845 3246 lnter

256 3313 347 3387 quos
365 3290 485 3363 lucent
500 3305 674 3388 tanquam
690 3291 918 3364 luminaria.»
935 3296 980 3362 Et
995 3292 1133 3364 Veritas
1148 3291 1267 3388 ipsa²z
1286 3295 1387 3364 «Vos
1403 3292 1486 3364 estis
1503 3291 1563 3364 lux
1578 3291 1719 3363 mnndi.
1733 3319 1752 3360 >r
1766 3296 1844 3364 Hoc

255 3410 362 3506 igitur
377 3411 457 3484 viro
474 3410 632 3509 perfecto
648 3425 727 3484 tum
746 3411 828 3484 luce
850 3419 1003 3509 operum
1026 3425 1105 3482 tum
1121 3411 1230 3482 etiam
1238 3409 1460 3482 documento
1476 3410 1739 3507 predicationis
1755 3410 1845 3484 alios

254 3527 474 3620 edificante,
493 3531 588 3628 parit
606 3529 768 3627 undique
784 3528 942 3608 mundus
957 3527 1176 3616 animantia,
1193 3541 1269 3600 tam
1284 3525 1441 3600 volatilia
1452 3527 1602 3616 scilicet,
1621 3552 1729 3625 quam
1747 3553 1843 3624 gres·

253 3646 390 3736 sibilia,
417 3650 491 3721 sive
519 3648 676 3749 reptilia,
704 3649 776 3721 hoc
798 3664 872 3740 est,
899 3649 1010 3720 trium
1035 3648 1205 3720 ordinum
1231 3645 1372 3737 fideles,
1403 3649 1627 3719 continentes
1652 3646 1840 3740 videlicet,

253 3780 428 3857 rectores,
444 3792 507 3839 seu
524 3768 748 3864 conjugatos.
767 3767 932 3864 Denique
948 3765 1061 3837 homo
1078 3765 1252 3872 illeqextra
1267 3765 1475 3864 paradisum
1488 3781 1628 3840 creatus
1647 3768 1684 3839 in
1704 3769 1844 3866 paradi-

252 3911 333 3960 sum
349 3889 573 3976 transfertur,
594 3887 682 3958 dum
697 3887 753 3958 his
771 3887 886 3984 quiin
903 3885 971 3958 bac
986 3885 1060 3957 vita
1075 3887 1183 3957 tantis
1198 3885 1306 3957 bonis
1325 3910 1391 3984 per
1406 3887 1557 3982 gratiam
1571 3889 1638 3959 Dei
1655 3887 1777 3964 floruit
1794 3889 1841 3962 ad

252 4005 407 4103 patriam
427 4003 608 4077 coelestem
632 4004 678 4076 de
700 4003 772 4076 boc
788 4002 910 4078 exsilio
926 4000 1150 4095 transfertur,
1170 4027 1237 4101 pro
1261 4003 1395 4076 meritis
1415 4004 1535 4102 primo
1556 4003 1604 4076 ad
1624 4004 1836 4095 sabbatum,

254 4123 387 4198 deinde
403 4125 450 4198 ad
467 4140 632 4199 octauam
652 4126 876 4224 perveniens.

943 4339 1149 4388 annocum.

302 4509 368 4578 Sex
392 4521 511 4580 aetates
536 4505 654 4580 sacculi
675 4509 833 4582 senarius
857 4509 924 4580 iste
948 4506 1089 4580 dierum
1114 4506 1244 4606 quibus
1267 4504 1424 4579 mundus
1452 4504 1630 4604 perlectus
1654 4520 1708 4578 est
1730 4520 1837 4604 atque
1901 4531 1902 4534 ’

253 4625 448 4700 adornatus
464 4629 641 4726 exprimit.
661 4630 779 4701 Prima
793 4643 877 4702 aetas
891 4627 1008 4702 saeculi
1024 4629 1125 4727 quasi
1141 4626 1216 4725 ejus
1231 4626 1381 4700 infantia
1397 4640 1450 4698 est
1463 4625 1509 4699 ab
1530 4625 1643 4700 Adam
1660 4651 1772 4724 usquc
1788 4627 1835 4700 ad

253 4751 342 4820 Noe.
366 4749 455 4822 Inde
474 4747 632 4822 secunda
655 4773 767 4848 nsque
788 4749 835 4822 ad
855 4747 1036 4822 Abraham
1059 4749 1160 4848 quasi
1182 4749 1345 4847 pueritia.
1370 4747 1509 4820 Deinde
1521 4747 1631 4820 'tertia
1648 4747 1694 4822 ad
1719 4747 1832 4819 David

253 4882 424 4966 tanquam
452 4866 704 4942 adolescentia.
732 4873 859 4942 Postea
884 4883 1012 4967 quarta
1043 4893 1156 4968 usque
1183 4867 1231 4940 ad
1261 4867 1612 4965 transmigrationem
1646 4866 1835 4965 Babylonis

286 5119 295 5146 ¹
314 5118 415 5183 etum,
426 5131 482 5183 cap.
495 5135 527 5182 u,
540 5135 564 5171 r.
580 5121 619 5171 rt.
631 5145 664 5158 -
675 5119 684 5146 ¹
697 5119 794 5182 batth..
805 5135 862 5186 cap.
873 5135 899 5186 r,
909 5135 933 5172 r.
949 5121 988 5171 tt.
