4588 6106
447 672 524 740 tto
886 671 1015 740 PETlll
1042 669 1276 743 ABAEhdell
1303 671 1358 743 ET
1383 669 1621 743 HELOlSSAE¹

452 819 528 882 hem
547 826 582 882 et
602 831 775 908 expensas
793 813 837 896 *iu
856 813 1020 884 doctrina
1042 834 1166 916 capum
1185 817 1447 914 consumpserit
1464 816 1540 910 ejus
1558 837 1703 911 quoque
1720 811 1925 882 testimonio
1948 809 2040 883 didi·

451 931 587 1000 cimus·
600 931 677 1016 Qut
691 931 791 1002 inter
807 945 1038 1030 *ceteroque
1065 934 1214 1031 ipsemet
1231 935 1444 1035 depmprio
1464 934 1586 1006 scribit
1616 933 1756 1022 studio,
1786 947 1825 1003 ut
1845 955 1913 1003 nos
1934 933 2038 1004 etiam

452 1047 617 1121 videlicet
632 1072 702 1122 suu·
718 1051 1071 1150 metruatexemplo,
1096 1053 1142 1125 ad
1161 1056 1428 1129 Pammachium
1449 1071 1483 1128 et
1502 1059 1686 1126 Oceanum
1704 1051 1863 1150 quodam
1888 1052 1969 1122 loco
1992 1053 2041 1122 sic

452 1172 640 1242 meminitt¹
668 1199 676 1238 :
705 1199 723 1238 a
746 1176 841 1242 Dum
871 1197 985 1246 essem
1003 1175 1165 1270 juvenis,
1190 1179 1281 1248 miro
1300 1176 1461 1249 discendi
1479 1175 1659 1248 fervebam
1680 1197 1815 1246 amore.
1845 1178 1917 1244 Nec
1941 1173 2039 1268 juxta

451 1292 691 1390 ‹prorumdam
713 1297 1049 1393 praesumptionem,
1074 1299 1148 1395 ipse
1171 1323 1230 1370 me
1258 1298 1389 1389 docui3
1421 1292 1661 1397 Apollinarem
1691 1294 1810 1366 audivi
1839 1295 2042 1390 frequenter

453 1408 665 1504 antiochiae,
686 1428 720 1484 et
737 1413 855 1502 colui,
877 1431 990 1512 quum
1009 1441 1066 1488 me
1084 1417 1120 1487 in
1142 1418 1324 1517 scripturis
1342 1421 1472 1490 sanctis
1497 1417 1665 1490 erudiret.
1689 1419 1766 1487 lam
1785 1417 1883 1486 canis
1900 1437 2041 1514 sparge·

450 1532 706 1631 batur·²oapnt,
740 1536 1010 1632 etmagistrum
1040 1538 1293 1635 potiusquam
1324 1540 1540 1638 discipulum
1566 1535 1727 1610 decebat.
1752 1537 1892 1607 Perrexi
1921 1550 2039 1606 umen

453 1647 712 1727 hleiandriam.
738 1653 864 1728 Audivi
880 1657 1091 1747 Didimum3
1120 1659 1157 1728 iu
1177 1659 1297 1729 multis
1319 1661 1351 1732 ei
1370 1645 1611 1757 gratias-ago,
1640 1657 1738 1756 quod
1760 1656 1893 1727 nescivi
1916 1655 2036 1727 didici.

450 1773 627 1847 Putabam
641 1774 699 1848 t'ue
713 1777 878 1848 homiues
891 1776 1001 1848 finem
1018 1777 1141 1848 fecisse
1153 1778 1325 1852 discendi.
1350 1785 1481 1852 Rursus
1499 1779 1744 1852 Hierosolimae
1757 1793 1791 1848 et
1811 1776 2014 1848 Bethlehem
2028 1833 2036 1864 ,

451 1919 524 1992 quo
545 1895 686 1986 labore,
710 1923 734 1994 q
752 1920 786 1967 §o
802 1898 917 1995 pretio
932 1899 1148 1980 vbaranniam
1167 1899 1356 1971 lfehraeum
1378 1915 1596 1971 nocturnum
1624 1897 1733 1968 habui
1757 1897 2040 1996 praeceptorem?

450 2015 610 2088 Timebat
627 2017 906 2110 enim·.ludaeos,
932 2019 1073 2090 etmihi
1090 2020 1239 2092 alterum
1260 2045 1337 2092 sese
1356 2019 1547 2092 exhibebat
1566 2019 1832 2092 Nicodemum&
1855 2047 1871 2083 a
1893 2020 2040 2089 Memori

451 2138 611 2237 profecto
633 2154 753 2228 mente
771 2139 830 2210 hic
848 2140 1098 2212 recondiderat
1113 2141 1213 2238 quod
1232 2143 1268 2211 in
1290 2141 1535 2214 Ecclesiastico
1553 2141 1707 2236 legerat³
1723 2167 1731 2209 :
1748 2169 1766 2206 u
1783 2138 1867 2229 Fili,
1889 2139 2045 2234 ajuven-

453 2271 527 2330 tnte
553 2275 612 2329 tua
639 2261 772 2357 ercipe¹
791 2259 1013 2351 doctrinam,
1039 2277 1075 2333 et
1104 2287 1216 2360 usque
1238 2263 1283 2335 ad
1301 2286 1411 2334 canos
1430 2262 1589 2334 invenies
1617 2261 1876 2359 sapientiam.»
1906 2264 1945 2329 lu
1969 2285 2041 2357 quo

453 2383 528 2478 ipse
556 2405 629 2450 uon
659 2381 775 2452 solum
805 2382 986 2478 scripture
1016 2381 1156 2473 verbis,
1189 2385 1420 2456 verumetiam
1449 2399 1655 2454 sanctorum
1683 2395 1825 2479 patrum
1852 2381 2043 2452 instructus

454 2503 645 2601 exemplis,
680 2505 771 2575 iuter
800 2519 943 2574 caeteras
974 2504 1177 2576 excellentis
1206 2505 1300 2577 illius
1337 2505 1544 2578 monasterii
1570 2503 1695 2576 laudes
1723 2502 1793 2572 hoc
1813 2501 1858 2573 de
1876 2500 2043 2598 singulari

453 2623 619 2695 exercitio
636 2625 771 2720 ejusin
791 2626 975 2722 scripturis
992 2625 1122 2697 divinis
1141 2627 1270 2723 adjecit
1292 2653 1299 2696 ε
1325 2656 1342 2695 u
1358 2629 1619 2726 scripturarum
1641 2649 1728 2696 vero
1746 2623 1947 2696 divinarum
1967 2648 2044 2694 me-

454 2745 663 2816 ditationem
684 2761 719 2816 et
736 2737 954 2816 intellectum
970 2799 989 2836 ,.
1003 2760 1112 2844 atque
1128 2747 1281 2819 scientiae
1293 2747 1447 2837 divinae,
1468 2771 1655 2845 nunquam
1669 2759 1764 2816 tanta
1778 2743 1932 2815 vidimus
1946 2769 2042 2815 exer·

453 2867 555 2955 citia,
586 2881 624 2937 ut
641 2864 799 2965 singulos
827 2891 919 2965 pene
948 2883 1074 2939 eorum
1093 2883 1261 2940 'oratores
1288 2868 1411 2940 credas
1437 2870 1472 2939 iu
1501 2869 1659 2940 divinam
1682 2891 1758 2938 esse
1783 2866 2041 2964 sapientiam.»

454 2993 601 3060 Sanctus
620 2990 725 3060 etiam
745 2989 860 3080 Beda,
891 2991 981 3062 sicut
1004 2991 1039 3061 in
1062 2995 1221 3062 Historia
1242 2991 1346 3063 refert
1369 2991 1567 3090 Arrgfcrum
1587 2993 1616 3082 ⁸,
1639 3015 1659 3061 a
1680 3013 1794 3088 puero
1813 2989 1849 3059 in
1869 3001 2045 3059 monaste·

455 3111 547 3182 rium
562 3127 769 3209 susceptus:
796 3115 1028 3202 uCunctum,
1049 3139 1066 3179 r
1092 3114 1230 3209 inquit,
1251 3139 1270 3180 u
1284 3138 1327 3184 ex
1349 3137 1392 3184 eo
1414 3127 1555 3210 tempus
1578 3113 1657 3183 vitae
1679 3113 1715 3182 in
1738 3109 1897 3206 ejusdem
1923 3133 2046 3180 mona·

453 3233 546 3303 sterii
576 3230 797 3304 habitatione
821 3256 1016 3330 peragens,
1049 3257 1196 3304 omnem
1220 3232 1397 3304 meditans
1427 3233 1608 3330 scripturis
1638 3255 1785 3329 operam
1810 3230 1914 3320 dedi3
1940 3245 2045 3328 atque

454 3353 547 3424 inter
564 3351 828 3423 observantiam
850 3352 1045 3450 disciplinae
1063 3353 1233 3451 regularis
1255 3369 1291 3425 et
1312 3353 1557 3451 quotidianam
1579 3351 1748 3424 cantandi
1767 3354 1803 3421 in
1823 3351 1969 3423 ecclesia
1988 3375 2045 3421 cn-

454 3495 555 3562 ram,
578 3485 799 3568 semperaut
818 3471 977 3560 discere,
999 3489 1059 3544 aut
1081 3472 1234 3546 scribere
1252 3473 1357 3546 dulce
1374 3473 1495 3544 habui.
1517 3501 1534 3540 n
1560 3477 1661 3543 Nunc
1679 3495 1765 3543 vero
1786 3472 1902 3568 quiin
1923 3495 2045 3541 mona·

454 3595 567 3666 steriis
588 3592 801 3666 erudiuntur
823 3591 916 3666 adeo
934 3594 1031 3666 stulti
1053 3611 1300 3692 perseverant,
1328 3599 1368 3666 ut
1394 3595 1591 3666 litterarum
1618 3617 1709 3664 sono
1728 3591 1887 3664 conteuti
1912 3589 2044 3662 unllam

455 3717 500 3787 de
520 3715 749 3812 intelligentia
766 3737 895 3786 curam
910 3730 1113 3805 assumant,
1135 3736 1201 3788 uec
1219 3740 1283 3789 cor
1301 3712 1495 3805 instruere,
1517 3715 1581 3788 sed
1595 3715 1753 3811 linguam
1771 3713 1927 3785 student.
1946 3715 2045 3798 Quos

454 3851 617 3935 patenter
634 3835 723 3907 illud
739 3835 942 3907 Salomonis
960 3835 1081 3934 arguit
1092 3837 1367 3934 proverbium‘:
1389 3865 1406 3905 u
1422 3841 1493 3908 Cor
1510 3837 1679 3936 sapientis
1691 3835 1816 3932 quaerit
1829 3833 2042 3921 doctrinam,

456 3973 490 4028 et
505 3983 556 4028 os
583 3956 773 4029 stultorum
792 3972 957 4055 pascetur
977 3957 1175 4056 imperitia3
1203 3985 1220 4025 n
1250 3983 1362 4056 quum
1381 3957 1544 4030 videlicet
1565 3955 1683 4029 verbis
1699 3981 1779 4052 quae
1795 3979 1870 4026 non
1889 3952 2046 4050 intelligit

456 4077 665 4149 oblectatur.
688 4077 759 4163 Qui
775 4076 937 4174 profecto
958 4091 1057 4152 tanto
1078 4079 1197 4149 minus
1213 4082 1328 4149 Deum
1350 4101 1470 4148 amare
1492 4091 1526 4147 et
1546 4077 1582 4146 in
1601 4099 1685 4148 eum
1710 4073 1856 4146 accendi
1876 4089 2046 4172 possunt,

456 4213 592 4295 quanto
612 4195 764 4294 amplius
785 4195 831 4267 ab
848 4196 924 4293 ejus
942 4197 1172 4294 intelligentia
1194 4212 1229 4268 et
1248 4219 1268 4268 a
1290 4221 1396 4268 sensu
1415 4198 1604 4296 Scriptura
1622 4194 1669 4267 de
1687 4195 1765 4294 ipso
1779 4219 1846 4266 nos
1860 4193 2051 4265 erudientis

456 4318 641 4390 absistunt.
666 4321 746 4388 Hoc
761 4331 879 4388 autem
901 4315 1042 4389 duabus
1063 4318 1216 4388 maxime
1234 4317 1280 4388 de
1300 4317 1415 4388 causis
1434 4319 1469 4388 in
1499 4315 1724 4388 monasteriis
1741 4314 1910 4386 accidisse
1930 4311 2049 4384 credi-

456 4463 559 4530 mus,
584 4438 640 4512 vel
658 4461 723 4536 per
741 4436 912 4510 laicorum
928 4489 937 4527 ,
952 4435 1084 4509 scilicet
1102 4461 1358 4509 conversorum
1374 4493 1383 4528 ,
1404 4463 1466 4509 seu
1480 4439 1586 4509 etiam
1601 4437 1761 4536 ipsorum
1775 4435 2046 4534 praepositorum

456 4531 625 4632 invidiam
644 4587 651 4629 :
671 4558 729 4632 vel
748 4555 895 4659 propter
914 4557 1159 4654 vaniloquium
1177 4560 1386 4648 otiositatis,
1407 4561 1464 4632 cui
1477 4559 1587 4630 hodie
1599 4558 1793 4658 plurimum
1808 4557 1959 4629 claustra
1971 4579 2047 4628 mo-

456 4681 589 4752 nastica
607 4693 732 4752 vacare
748 4679 924 4751 videmus.
947 4681 1007 4750 lsti
1025 4679 1187 4777 profecto
1201 4705 1269 4752 nos
1285 4681 1437 4753 tenenis
1449 4681 1561 4778 magis
1573 4701 1682 4777 quam
1697 4677 1912 4776 spiritalibus
1925 4701 2045 4749 secum

454 4799 646 4873 intendere
659 4801 856 4899 eripientes,
873 4795 922 4869 illi
937 4814 1021 4870 sunt
1034 4801 1095 4897 qui
1110 4814 1279 4899 tanquam
1300 4801 1475 4901 tttophyti
1489 4800 1686 4872 fodientem
1698 4813 1826 4898 puteos
1838 4799 1953 4869 lsaac‘
1969 4821 2049 4895 per-

455 4921 736 5019 sequuntur-„ct
752 4943 816 4990 eos
830 4917 1007 5018 replendo
1026 4922 1193 5020 congerie
1204 4937 1311 4994 terrae
1323 4921 1510 5019 iuquamei
1529 4921 1694 5018 satagunt
1709 4917 1913 5018 prohibere.
1939 4915 2046 5003 Quod

486 5233 496 5269 f
518 5233 595 5298 Epist.
612 5231 736 5294 strom
749 5241 766 5280 h
785 5229 829 5288 th
842 5247 868 5296 p.
890 5225 1102 5293 tta.·-·'toan.,
1115 5245 1172 5299 cap.
1192 5247 1233 5294 ur,
1267 5234 1411 5297 duplantur,
1429 5231 1472 5282 lib.
1492 5231 1522 5292 V,
1541 5230 1586 5283 sub
1603 5224 1694 5291 finem,
1711 5225 1928 5292 οῤρ.ι.111,οο1.
1945 5225 2000 5273 tat.
2018 5249 2045 5258 -

456 5335 478 5365 r.
496 5322 503 5364 1
523 5329 547 5367 et
561 5333 598 5382 sq.
611 5343 639 5352 —
652 5315 661 5342 ³
676 5317 765 5374 tecti„
777 5331 831 5382 cap¹
848 5333 884 5378 vr,
900 5335 920 5366 r.
939 5319 976 5368 18.
991 5346 1018 5356 -
1028 5318 1039 5346 ⁴
1050 5320 1139 5370 litator.
1159 5323 1236 5382 centis
1269 5316 1447 5382 'rnarnp
1458 5329 1498 5378 rr,
1509 5331 1532 5364 v.
1544 5316 1584 5364 ll.
1602 5341 1630 5352 -·
1645 5311 1655 5342 ⁸
1669 5314 1766 5370 essese
1779 5325 1834 5378 cap.
1847 5325 1921 5370 xxn,
1934 5323 1958 5357 r.
1975 5309 2014 5356 ts.

595 5405 617 5430 .,
1491 5403 1494 5408 .
