4522 6102
914 593 1150 668 El'lS‘l'ObAE.
1352 617 1358 636 ·
1779 593 1824 664 97

246 731 352 804 etiam
365 730 454 820 suis,
476 730 504 800 si
523 753 613 826 quos
626 731 750 802 anxios
763 730 885 804 vident
899 758 983 806 vere
1002 733 1170 830 diligunt,
1190 756 1257 803 nec
1271 747 1343 802 tam
1356 731 1548 804 commoda
1562 733 1707 830 propria
1719 756 1827 830 quam

247 848 389 921 illorum
408 849 445 918 in
458 848 543 946 ipsis
560 848 760 920 attendunt.
778 850 835 920 Sic
848 849 908 922 diu
929 850 1154 948 languentem
1169 849 1282 922 filium
1300 864 1415 922 mater
1428 850 1533 921 etiam
1552 866 1667 922 morte
1681 851 1828 947 languo—
1898 845 1903 852 ’

247 993 323 1040 rem
340 965 441 1038 finire
456 957 651 1056 desiderat,
667 993 774 1065 quem
795 968 946 1040 tolerare
964 971 1040 1068 ipsa
1059 993 1134 1040 non
1153 983 1289 1067 potest,
1303 983 1338 1040 et
1351 993 1395 1040 eo
1409 969 1528 1066 potius
1546 968 1665 1038 orbari
1681 970 1828 1040 sustinet

247 1113 354 1184 quam
375 1089 410 1158 in
440 1087 580 1158 miseria
600 1102 804 1160 consortem
830 1087 974 1160 habere.
1006 1092 1047 1158 Et
1070 1088 1275 1184 quicunque
1297 1088 1400 1158 amici
1422 1088 1606 1186 prasentia
1634 1087 1827 1186 plurimum

249 1205 463 1310 oblectatur,
485 1207 594 1302 magis
610 1223 727 1278 tamen
745 1206 887 1279 beatam
906 1232 982 1280 esse
998 1206 1071 1280 vult
1089 1207 1165 1302 ejus
1182 1205 1378 1288 absentiam
1392 1230 1500 1303 quam
1519 1207 1742 1305 praesentiam
1760 1208 1829 1277 mi·

248 1350 385 1420 seram3
407 1326 491 1422 quia
513 1326 643 1422 quibus
666 1327 854 1398 subvenire
872 1351 946 1399 non
973 1325 1085 1417 valet,
1109 1330 1305 1398 aerumnas¹
1325 1325 1475 1397 tolerare
1502 1350 1576 1396 non
1604 1341 1731 1423 potest.
1753 1326 1830 1398 Tibi

250 1471 332 1517 vero
346 1471 412 1518 nec
430 1461 570 1536 nostra,
597 1447 652 1518 vel
667 1447 773 1519 etiam
786 1448 932 1536 misera,
950 1472 1159 1520 concessum
1174 1461 1226 1518 est
1247 1445 1314 1517 frui
1328 1447 1525 1546 praesentia.
1544 1449 1615 1516 Nec
1634 1446 1695 1516 ubi
1711 1448 1779 1518 tuis
1793 1448 1830 1517 in

250 1590 305 1636 me
321 1565 522 1639 commodis
546 1565 680 1663 aliquid
703 1567 907 1664 provideas,
929 1591 993 1638 cur
1009 1592 1068 1638 me
1090 1567 1288 1638 miserrime
1310 1567 1428 1638 vivere
1453 1565 1554 1636 malis
1570 1589 1679 1661 quam
1697 1566 1830 1637 felicius

251 1686 341 1756 mori
354 1710 427 1756 non
443 1685 561 1758 video.
577 1686 686 1774 Quod
703 1688 732 1758 si
750 1702 888 1758 nostras
906 1685 1073 1784 protendi
1094 1687 1251 1760 miserias
1272 1688 1308 1758 in
1330 1684 1522 1757 commoda
1541 1701 1601 1756 tua
1624 1684 1827 1773 desideras,

249 1804 362 1879 hostis
378 1807 497 1906 potius
516 1831 624 1904 quam
645 1807 758 1880 amica
778 1807 1011 1880 convinceris.
1036 1806 1144 1894 Quod
1158 1808 1186 1877 si
1202 1806 1311 1879 videri
1326 1805 1474 1902 refugis,
1496 1807 1542 1877 ab
1559 1806 1631 1894 his,
1653 1807 1826 1896 obsecro,

251 1925 339 1994 sicut
351 1923 439 2013 dixi,
454 1928 598 2022 quiesce
616 1927 859 2023 querimoniis.
984 1963 990 1978 ·

302 2043 468 2144 Approbo
486 2062 624 2132 autem,
646 2046 746 2142 quod
771 2046 941 2145 reprobas
959 2046 1119 2137 laudem3
1143 2047 1226 2144 quia
1242 2048 1278 2117 in
1298 2045 1369 2118 hoc
1394 2047 1471 2144 ipso
1502 2061 1536 2116 te
1559 2044 1828 2117 laudabiliorem

251 2162 419 2234 ostendis.
437 2165 613 2264 Scriptum
628 2181 680 2238 est
693 2165 832 2236 enim':
853 2195 870 2234 «
882 2170 1000 2236 iustus
1013 2165 1050 2236 in
1063 2164 1261 2263 primordio
1280 2179 1465 2238 accusator
1482 2180 1534 2236 est
1551 2167 1619 2250 sui,
1638 2194 1654 2232 n
1669 2167 1721 2236 et⁸
1732 2167 1829 2251 «Qui

250 2305 288 2352 se
302 2281 462 2354 humiliat
474 2309 513 2354 se
527 2283 667 2356 exaltat.
685 2311 703 2351 u
722 2289 834 2380 Atque
853 2284 989 2356 utinam
1002 2284 1051 2355 sic
1064 2285 1110 2355 sit
1123 2286 1160 2356 in
1179 2285 1300 2355 animo
1316 2297 1378 2354 tuo
1393 2284 1483 2356 sicut
1503 2285 1540 2354 in
1554 2282 1703 2382 scripto!
1722 2283 1828 2369 Quod

250 2399 414 2490 siluerit,
436 2426 519 2474 vera
536 2417 588 2474 est
601 2402 780 2473 humilitas
798 2417 877 2490 tua,
894 2427 939 2472 ne
953 2426 1020 2499 pro
1038 2403 1169 2474 nostris
1184 2403 1366 2473 evanuerit
1378 2401 1506 2473 verbis.
1522 2401 1593 2473 Sed
1606 2400 1707 2489 vide,
1729 2401 1831 2471 obse·

251 2543 334 2608 cro,
358 2544 405 2591 ne
424 2519 495 2592 hoc
512 2522 590 2618 ipso
608 2521 751 2593 laudem
767 2545 923 2617 quaeras,
940 2545 1013 2617 quo
1032 2520 1174 2594 laudem
1191 2520 1311 2617 fugere
1328 2519 1473 2610 videris,
1490 2536 1523 2592 et
1542 2520 1730 2618 reprobes*
1743 2519 1830 2590 illud
1926 2542 1930 2551 ·

251 2662 326 2726 ore,
341 2638 440 2734 quod
454 2653 598 2738 appetas
613 2639 733 2711 corde.
749 2643 802 2710 De
814 2664 888 2734 quo
902 2639 948 2710 ad
962 2639 1195 2711 Eustochium
1211 2639 1382 2734 virginem
1399 2640 1449 2710 sic
1461 2639 1552 2710 inter
1570 2654 1695 2710 caetera
1708 2638 1832 2709 beatus

251 2756 370 2828 scribit
388 2757 624 2854 Hieronymus
643 2763 679 2828 ⁵:
707 2786 725 2828 u
752 2756 905 2829 Naturali
933 2745 1098 2828 ducimur
1123 2757 1231 2828 malo.
1258 2756 1507 2829 adulatoribus
1530 2759 1659 2829 nostris
1682 2757 1833 2829 libenter

253 2873 427 2966 favemus,
449 2893 484 2950 et
503 2902 710 2975 quanquam
728 2902 795 2948 nos
809 2875 1088 2974 respondeamus
1107 2874 1294 2972 indignos,
1319 2892 1355 2947 et
1371 2877 1532 2952 callidior
1550 2876 1662 2948 rubor
1681 2902 1745 2948 ora
1765 2877 1834 2948 suf-

253 2993 396 3080 fundat,
414 3011 569 3070 attamen
591 2995 637 3068 ad
656 2996 801 3070 laudem
817 3019 918 3066 suam
936 2995 1146 3066 intrinsecus
1165 2994 1283 3066 anima
1301 2994 1447 3068 laetatur.
1466 3023 1484 3064 u
1506 2993 1624 3066 Talem
1645 3005 1681 3066 et
1698 2995 1834 3067 lascivae

251 3114 476 3188 calliditatem
495 3115 647 3190 Galateae
658 3116 825 3214 Virgilius
846 3113 1032 3195 describit,
1052 3139 1130 3211 quae
1152 3113 1252 3211 quod
1269 3114 1411 3187 volebat
1434 3114 1600 3214 fugiendo
1622 3115 1830 3213 appetebat,

252 3252 288 3308 et
301 3237 524 3310 simulatione
538 3237 685 3336 repulsae
696 3236 849 3334 amplius
860 3237 896 3306 in
912 3259 950 3308 se
962 3250 1140 3306 amantem
1160 3235 1344 3308 incitabat:

553 3433 589 3492 Et
603 3430 681 3510 sugit
694 3429 732 3492 ad
745 3429 851 3492 salices
865 3429 1016 3511 (inquit),
1032 3439 1062 3492 et
1073 3449 1106 3491 se
1120 3432 1205 3512 eupit
1218 3443 1289 3494 ante
1304 3431 1399 3493 videri
1407 3431 1425 3491 ⁸.

254 3616 453 3708 Antequam
467 3612 572 3684 lateat
594 3614 693 3710 cupit
713 3637 750 3684 se
772 3611 965 3708 lugientem
983 3610 1111 3700 videri,
1134 3627 1174 3684 ut
1188 3614 1263 3709 ipsa
1277 3611 1379 3708 luga,
1402 3637 1473 3708 qua
1488 3611 1680 3709 reprobare
1693 3632 1838 3680 consor·

254 3734 342 3806 tium
355 3733 495 3828 juvenis
510 3733 669 3823 videtur,
691 3732 844 3832 amplius
854 3733 1026 3828 acquirat.
1044 3731 1101 3800 Sic
1115 3746 1150 3801 et
1162 3730 1286 3802 laudes
1298 3733 1492 3804 hominum
1506 3731 1594 3803 dum
1608 3730 1727 3828 fugere
1743 3729 1838 3801 vide·

254 3877 353 3940 mur,
374 3851 526 3950 amplius
544 3877 626 3949 erga
644 3877 711 3924 nos
730 3853 942 3938 excitamus,
959 3864 993 3920 et
1005 3873 1117 3945 quum
1136 3849 1244 3920 latere
1263 3875 1332 3921 nos
1344 3850 1434 3923 velle
1453 3851 1678 3940 simulamuS,
1696 3874 1741 3921 ne
1759 3849 1839 3945 quis

252 3973 386 4046 scilicet
396 3973 433 4044 in
456 3973 559 4046 nobis
578 3973 666 4071 quid
686 3973 806 4046 laudet
826 3985 1012 4070 agnoscat,
1034 3969 1185 4067 amplius
1200 3970 1417 4043 attendimus
1429 3976 1438 4010 ⁷
1450 3974 1487 4043 in
1510 3971 1653 4046 laudem
1676 3986 1835 4042 nostram

253 4093 498 4192 imprudentes
508 4095 536 4182 ⁸,
556 4095 639 4190 quia
657 4119 708 4166 eo
724 4093 831 4164 laude
847 4091 1011 4162 videmur
1024 4089 1214 4188 digniores.
1234 4093 1277 4159 llt
1293 4089 1368 4162 hmo
1381 4091 1528 4187 quidem
1541 4093 1624 4187 quia
1643 4114 1735 4187 saepe
1746 4091 1837 4160 acci·

253 4212 345 4284 dunt
364 4211 531 4302 dicimus,
550 4237 625 4284 non
644 4211 791 4309 quiade
810 4227 845 4286 te
862 4211 950 4286 talia.
962 4209 1204 4307 suspicemur,
1221 4210 1283 4306 qui
1304 4208 1350 4280 de
1370 4225 1523 4280 tuanen
1544 4209 1745 4280 haesitamus
1759 4208 1833 4279 hu-

254 4332 413 4404 militate.
432 4332 503 4403 Sed
519 4331 566 4402 ab
583 4332 638 4404 his
657 4333 764 4404 etiam
786 4331 903 4404 verbis
924 4345 959 4401 te
981 4332 1199 4427 temperare'
1216 4327 1401 4418 volumus,
1427 4354 1473 4400 ne
1493 4329 1550 4400 his
1571 4329 1633 4428 qui
1655 4343 1690 4399 te
1713 4328 1830 4398 minus

250 4453 420 4524 noverint
427 4451 598 4540 videaris,
614 4453 711 4524 utait
723 4452 1004 4548 Hieronymusl,
1017 4448 1212 4545 «fugiendo
1224 4449 1372 4546 gloriam
1385 4474 1579 4547 quaerere.»
1597 4453 1786 4544 Nunquam
1797 4463 1831 4519 te

128 4593 144 4616 ⁶
247 4597 334 4644 mea
344 4572 421 4644 laus
438 4571 592 4660 inflabit,
614 4571 677 4644 sed
694 4571 741 4644 ad
758 4571 906 4643 meliora
918 4567 1147 4668 provocabit,
1170 4584 1205 4641 et
1222 4585 1322 4642 tanto
1340 4569 1530 4640 studiosius
1544 4593 1623 4665 quae
1638 4567 1830 4644 laudavero

243 4691 493 4788 amplecteris,
513 4705 648 4787 quanto
667 4690 755 4762 mihi
773 4691 925 4790 amplius
942 4687 1082 4787 placere
1100 4689 1238 4787 satagis.
1262 4693 1341 4761 Non
1365 4704 1418 4761 est
1441 4687 1517 4760 laus
1534 4703 1655 4760 nostra
1674 4689 1832 4764 testimo·

286 4910 1025 4980 ⁴Sicll.-AErumutalldd.-¹Prca.‚cap.xvur,v.ll.
1058 4924 1110 4960 mua
1127 4905 1157 4962 ὓ.
1172 4909 1226 4950 κ’
1246 4912 1396 4975 impudentes
1417 4911 1466 4962 ttS.
1492 4909 1563 4962 amb.
1580 4909 1641 4950 -⁸
1665 4911 1833 4973 Obtmperare

212 4997 280 5032 ¹-
300 4993 310 5020 ¹
331 4993 401 5057 Luc..
422 5011 475 5063 cap.
503 5014 579 5056 xvrn,
602 5013 624 5048 v.
655 5001 691 5048 ll.
717 5025 743 5034 -
765 4997 774 5023 ¹
799 4999 883 5062 Calpes
905 4995 977 5048 llllS.
996 5021 1024 5032 -
1059 4993 1168 5044 n-*t
1186 4995 1263 5060 Epist.
1287 4996 1636 5056 transmontanorum,
1656 4998 1716 5058 Ορρ.
1740 5006 1759 5055 t.
1781 4995 1830 5054 lv,

230 5079 246 5107 ⁸
259 5077 351 5143 Epist.
365 5095 469 5140 cxxxvi,
490 5081 550 5144 Opp.
569 5091 586 5132 t.
608 5079 649 5131 lV.
664 5109 694 5120 -
705 5081 714 5110 ⁸
727 5080 811 5147 virgil.
825 5081 870 5133 sel.
890 5097 931 5144 m,
944 5097 966 5130 v.
983 5083 1023 5132 21.
1058 5098 1083 5147 p.
1099 5081 1155 5130 ott.
1227 5135 1231 5148 .

226 5191 276 5206 --
299 5162 482 5216 'Aceeudnnua
501 5165 552 5217 llS.
568 5166 639 5217 Amb.
653 5193 669 5205 -
681 5169 821 5218 Accedimus
839 5165 867 5215 C.
882 5191 898 5203 —
910 5167 1025 5216 Ascendi-

375 5267 384 5312 ι
1117 5249 1127 5266 “
1678 5255 1716 5313 13
