<?xml version="1.0" encoding="UTF-8"?>
<!DOCTYPE html PUBLIC "-//W3C//DTD XHTML 1.0 Transitional//EN"
    "http://www.w3.org/TR/xhtml1/DTD/xhtml1-transitional.dtd">
<html xmlns="http://www.w3.org/1999/xhtml" xml:lang="en" lang="en">
 <head>
  <title>
</title>
<meta http-equiv="Content-Type" content="text/html;charset=utf-8" />
  <meta name='ocr-system' content='tesseract 3.04.00' />
  <meta name='ocr-capabilities' content='ocr_page ocr_carea ocr_par ocr_line ocrx_word'/>
</head>
<body>
  <div class='ocr_page' id='page_1' title='image "./petriablardiope01despgoog_0632.png"; bbox 0 0 4536 6102; ppageno 0'>
   <div class='ocr_carea' id='block_1_1' title="bbox 549 617 1835 694">
    <p class='ocr_par' dir='ltr' id='par_1_1' title="bbox 549 617 1835 694">
     <span class='ocr_line' id='line_1_1' title="bbox 549 617 1835 694; baseline 0.001 -5"><span class='ocrx_word' id='word_1_1' title='bbox 549 617 783 691; x_wconf 73' lang='lat' dir='ltr'><strong>expositio</strong></span> <span class='ocrx_word' id='word_1_2' title='bbox 809 619 926 690; x_wconf 85' lang='lat' dir='ltr'><strong>FlDEl</strong></span> <span class='ocrx_word' id='word_1_3' title='bbox 953 619 996 692; x_wconf 91' lang='lat' dir='ltr'><strong>lN</strong></span> <span class='ocrx_word' id='word_1_4' title='bbox 1020 619 1256 692; x_wconf 86' lang='lat' dir='ltr'><strong>SYMBOLUM</strong></span> <span class='ocrx_word' id='word_1_5' title='bbox 1281 617 1529 694; x_wconf 70' lang='lat' dir='ltr'><strong>timulsti.</strong></span> <span class='ocrx_word' id='word_1_6' title='bbox 1765 621 1835 692; x_wconf 77' lang='grc'><strong>617</strong></span> 
     </span>
    </p>
   </div>
   <div class='ocr_carea' id='block_1_2' title="bbox 257 755 1937 4200">
    <p class='ocr_par' dir='ltr' id='par_1_2' title="bbox 257 755 1937 4200">
     <span class='ocr_line' id='line_1_2' title="bbox 258 755 1837 857; baseline 0.004 -31"><span class='ocrx_word' id='word_1_7' title='bbox 258 755 410 846; x_wconf 89' lang='lat' dir='ltr'><strong>riuntur,</strong></span> <span class='ocrx_word' id='word_1_8' title='bbox 436 757 492 830; x_wconf 92' lang='lat' dir='ltr'><strong>vel</strong></span> <span class='ocrx_word' id='word_1_9' title='bbox 507 758 569 857; x_wconf 91' lang='lat' dir='ltr'><strong>qui</strong></span> <span class='ocrx_word' id='word_1_10' title='bbox 586 758 650 831; x_wconf 92' lang='lat' dir='ltr'><strong>diu</strong></span> <span class='ocrx_word' id='word_1_11' title='bbox 664 759 846 849; x_wconf 82' lang='lat' dir='ltr'><strong>vixerunt,</strong></span> <span class='ocrx_word' id='word_1_12' title='bbox 864 757 953 831; x_wconf 90' lang='lat' dir='ltr'><strong>illud</strong></span> <span class='ocrx_word' id='word_1_13' title='bbox 968 757 1103 849; x_wconf 88' lang='lat' dir='ltr'><strong>solum,</strong></span> <span class='ocrx_word' id='word_1_14' title='bbox 1123 757 1180 832; x_wconf 89' lang='lat' dir='ltr'><strong>vel</strong></span> <span class='ocrx_word' id='word_1_15' title='bbox 1199 758 1288 832; x_wconf 90' lang='lat' dir='ltr'><strong>illud</strong></span> <span class='ocrx_word' id='word_1_16' title='bbox 1306 773 1447 832; x_wconf 89' lang='lat' dir='ltr'><strong>tantum</strong></span> <span class='ocrx_word' id='word_1_17' title='bbox 1463 757 1514 832; x_wconf 93' lang='lat' dir='ltr'><strong>ibi</strong></span> <span class='ocrx_word' id='word_1_18' title='bbox 1530 759 1601 832; x_wconf 90' lang='lat' dir='ltr'><strong>sint</strong></span> <span class='ocrx_word' id='word_1_19' title='bbox 1616 758 1774 832; x_wconf 87' lang='lat' dir='ltr'><strong>habituri</strong></span> <span class='ocrx_word' id='word_1_20' title='bbox 1791 759 1837 832; x_wconf 89' lang='lat' dir='ltr'><strong>dc</strong></span> 
     </span>
     <span class='ocr_line' id='line_1_3' title="bbox 257 875 1837 978; baseline 0.003 -30"><span class='ocrx_word' id='word_1_21' title='bbox 257 879 454 973; x_wconf 86' lang='lat' dir='ltr'><strong>quantitate</strong></span> <span class='ocrx_word' id='word_1_22' title='bbox 478 904 550 952; x_wconf 91' lang='lat' dir='ltr'><strong>suae</strong></span> <span class='ocrx_word' id='word_1_23' title='bbox 569 878 819 978; x_wconf 84' lang='lat' dir='ltr'><strong>corpulentiae,</strong></span> <span class='ocrx_word' id='word_1_24' title='bbox 841 879 941 978; x_wconf 89' lang='lat' dir='ltr'><strong>quod</strong></span> <span class='ocrx_word' id='word_1_25' title='bbox 956 879 1015 952; x_wconf 89' lang='lat' dir='ltr'><strong>hic</strong></span> <span class='ocrx_word' id='word_1_26' title='bbox 1031 879 1251 970; x_wconf 88' lang='lat' dir='ltr'><strong>habuerunt,</strong></span> <span class='ocrx_word' id='word_1_27' title='bbox 1272 879 1445 954; x_wconf 89' lang='lat' dir='ltr'><strong>nonnulla</strong></span> <span class='ocrx_word' id='word_1_28' title='bbox 1471 895 1524 952; x_wconf 90' lang='lat' dir='ltr'><strong>est</strong></span> <span class='ocrx_word' id='word_1_29' title='bbox 1539 875 1700 978; x_wconf 81' lang='lat' dir='ltr'><strong>quaestid.</strong></span> <span class='ocrx_word' id='word_1_30' title='bbox 1724 882 1837 968; x_wconf 88' lang='lat' dir='ltr'><strong>Quid-</strong></span> 
     </span>
     <span class='ocr_line' id='line_1_4' title="bbox 257 996 1837 1098; baseline 0.003 -31"><span class='ocrx_word' id='word_1_31' title='bbox 257 996 346 1091; x_wconf 91' lang='lat' dir='ltr'>quid</span> <span class='ocrx_word' id='word_1_32' title='bbox 366 1012 487 1070; x_wconf 90' lang='lat' dir='ltr'><strong>tamen</strong></span> <span class='ocrx_word' id='word_1_33' title='bbox 505 998 552 1071; x_wconf 92' lang='lat' dir='ltr'><strong>de</strong></span> <span class='ocrx_word' id='word_1_34' title='bbox 567 999 639 1072; x_wconf 90' lang='lat' dir='ltr'><strong>hoe</strong></span> <span class='ocrx_word' id='word_1_35' title='bbox 654 1000 885 1092; x_wconf 66' lang='lat' dir='ltr'><strong>crememus,</strong></span> <span class='ocrx_word' id='word_1_36' title='bbox 902 999 989 1072; x_wconf 91' lang='lat' dir='ltr'><strong>illud</strong></span> <span class='ocrx_word' id='word_1_37' title='bbox 1006 999 1259 1098; x_wconf 88' lang='lat' dir='ltr'><strong>proculdubio</strong></span> <span class='ocrx_word' id='word_1_38' title='bbox 1276 1016 1434 1090; x_wconf 90' lang='lat' dir='ltr'><strong>constat,</strong></span> <span class='ocrx_word' id='word_1_39' title='bbox 1454 1001 1753 1072; x_wconf 85' lang='lat' dir='ltr'><strong>resurrectionem</strong></span> <span class='ocrx_word' id='word_1_40' title='bbox 1767 1001 1837 1072; x_wconf 89' lang='lat' dir='ltr'><strong>dici</strong></span> 
     </span>
     <span class='ocr_line' id='line_1_5' title="bbox 259 1107 1873 1217; baseline 0.005 -34"><span class='ocrx_word' id='word_1_41' title='bbox 259 1136 333 1184; x_wconf 91' lang='lat' dir='ltr'><strong>non</strong></span> <span class='ocrx_word' id='word_1_42' title='bbox 354 1139 460 1212; x_wconf 91' lang='lat' dir='ltr'><strong>posse</strong></span> <span class='ocrx_word' id='word_1_43' title='bbox 484 1115 619 1215; x_wconf 84' lang='lat' dir='ltr'><strong>absque</strong></span> <span class='ocrx_word' id='word_1_44' title='bbox 643 1115 703 1190; x_wconf 95' lang='lat' dir='ltr'><strong>illa</strong></span> <span class='ocrx_word' id='word_1_45' title='bbox 717 1119 880 1216; x_wconf 89' lang='lat' dir='ltr'><strong>corporis</strong></span> <span class='ocrx_word' id='word_1_46' title='bbox 905 1107 1524 1217; x_wconf 76' lang='lat' dir='ltr'><strong>substantia,quaeperttditcasi1m</strong></span> <span class='ocrx_word' id='word_1_47' title='bbox 1546 1119 1583 1191; x_wconf 93' lang='lat' dir='ltr'><strong>in</strong></span> <span class='ocrx_word' id='word_1_48' title='bbox 1607 1135 1736 1190; x_wconf 89' lang='lat' dir='ltr'><strong>morte.</strong></span> <span class='ocrx_word' id='word_1_49' title='bbox 1759 1149 1776 1186; x_wconf 77' lang='lat' dir='ltr'><strong>n</strong></span> <span class='ocrx_word' id='word_1_50' title='bbox 1796 1125 1840 1190; x_wconf 88' lang='lat' dir='ltr'><strong>Et</strong></span> <span class='ocrx_word' id='word_1_51' title='bbox 1862 1147 1873 1162; x_wconf 90' lang='lat'>·</span> 
     </span>
     <span class='ocr_line' id='line_1_6' title="bbox 259 1232 1837 1335; baseline 0.004 -31"><span class='ocrx_word' id='word_1_52' title='bbox 259 1232 432 1305; x_wconf 81' lang='lat' dir='ltr'><strong>reddituri</strong></span> <span class='ocrx_word' id='word_1_53' title='bbox 450 1259 587 1307; x_wconf 89' lang='lat' dir='ltr'><strong>sumus.</strong></span> <span class='ocrx_word' id='word_1_54' title='bbox 603 1263 622 1304; x_wconf 85' lang='grc' dir='ltr'>η</span> <span class='ocrx_word' id='word_1_55' title='bbox 645 1236 681 1307; x_wconf 91' lang='lat' dir='ltr'><strong>Si</strong></span> <span class='ocrx_word' id='word_1_56' title='bbox 703 1235 774 1308; x_wconf 89' lang='lat' dir='ltr'><strong>boc</strong></span> <span class='ocrx_word' id='word_1_57' title='bbox 789 1261 933 1335; x_wconf 89' lang='lat' dir='ltr'><strong>quoque</strong></span> <span class='ocrx_word' id='word_1_58' title='bbox 955 1237 1166 1334; x_wconf 84' lang='lat' dir='ltr'><strong>generaliter</strong></span> <span class='ocrx_word' id='word_1_59' title='bbox 1181 1236 1227 1310; x_wconf 91' lang='lat' dir='ltr'><strong>de</strong></span> <span class='ocrx_word' id='word_1_60' title='bbox 1244 1237 1414 1309; x_wconf 89' lang='lat' dir='ltr'><strong>omnibus</strong></span> <span class='ocrx_word' id='word_1_61' title='bbox 1429 1235 1658 1333; x_wconf 86' lang='lat' dir='ltr'><strong>intelligatur,</strong></span> <span class='ocrx_word' id='word_1_62' title='bbox 1677 1261 1837 1334; x_wconf 86' lang='lat' dir='ltr'><strong>quaeren-</strong></span> 
     </span>
     <span class='ocr_line' id='line_1_7' title="bbox 259 1352 1835 1456; baseline 0.004 -32"><span class='ocrx_word' id='word_1_63' title='bbox 259 1352 346 1425; x_wconf 90' lang='lat' dir='ltr'><strong>dum</strong></span> <span class='ocrx_word' id='word_1_64' title='bbox 367 1354 507 1428; x_wconf 92' lang='lat' dir='ltr'><strong>videtur</strong></span> <span class='ocrx_word' id='word_1_65' title='bbox 529 1356 716 1454; x_wconf 89' lang='lat' dir='ltr'><strong>quomodo</strong></span> <span class='ocrx_word' id='word_1_66' title='bbox 738 1357 895 1456; x_wconf 87' lang='lat' dir='ltr'><strong>parvulis</strong></span> <span class='ocrx_word' id='word_1_67' title='bbox 919 1355 1157 1430; x_wconf 91' lang='lat' dir='ltr'><strong>morientibus</strong></span> <span class='ocrx_word' id='word_1_68' title='bbox 1182 1357 1220 1430; x_wconf 93' lang='lat' dir='ltr'><strong>id</strong></span> <span class='ocrx_word' id='word_1_69' title='bbox 1236 1357 1448 1445; x_wconf 87' lang='lat' dir='ltr'><strong>conveniat,</strong></span> <span class='ocrx_word' id='word_1_70' title='bbox 1467 1356 1524 1428; x_wconf 88' lang='lat' dir='ltr'><strong>vel</strong></span> <span class='ocrx_word' id='word_1_71' title='bbox 1539 1357 1704 1456; x_wconf 84' lang='lat' dir='ltr'><strong>perlectis</strong></span> <span class='ocrx_word' id='word_1_72' title='bbox 1716 1360 1835 1454; x_wconf 89' lang='lat' dir='ltr'><strong>justis,</strong></span> 
     </span>
     <span class='ocr_line' id='line_1_8' title="bbox 257 1471 1838 1576; baseline 0.005 -34"><span class='ocrx_word' id='word_1_73' title='bbox 257 1471 320 1568; x_wconf 93' lang='lat' dir='ltr'><strong>qui</strong></span> <span class='ocrx_word' id='word_1_74' title='bbox 334 1472 454 1570; x_wconf 91' lang='lat' dir='ltr'><strong>potius</strong></span> <span class='ocrx_word' id='word_1_75' title='bbox 469 1488 553 1548; x_wconf 91' lang='lat' dir='ltr'><strong>sunt</strong></span> <span class='ocrx_word' id='word_1_76' title='bbox 568 1474 619 1547; x_wconf 92' lang='lat' dir='ltr'><strong>ibi</strong></span> <span class='ocrx_word' id='word_1_77' title='bbox 630 1475 824 1572; x_wconf 87' lang='lat' dir='ltr'><strong>judicaturi</strong></span> <span class='ocrx_word' id='word_1_78' title='bbox 841 1499 951 1574; x_wconf 87' lang='lat' dir='ltr'><strong>quam</strong></span> <span class='ocrx_word' id='word_1_79' title='bbox 962 1475 1164 1572; x_wconf 90' lang='lat' dir='ltr'><strong>judicandi.</strong></span> <span class='ocrx_word' id='word_1_80' title='bbox 1183 1476 1325 1576; x_wconf 89' lang='lat' dir='ltr'><strong>Quippe</strong></span> <span class='ocrx_word' id='word_1_81' title='bbox 1341 1501 1421 1574; x_wconf 81' lang='lat' dir='ltr'><strong>quoe</strong></span> <span class='ocrx_word' id='word_1_82' title='bbox 1435 1477 1528 1548; x_wconf 83' lang='lat' dir='ltr'><strong>ratio</strong></span> <span class='ocrx_word' id='word_1_83' title='bbox 1547 1475 1593 1548; x_wconf 91' lang='lat' dir='ltr'><strong>de</strong></span> <span class='ocrx_word' id='word_1_84' title='bbox 1604 1477 1676 1548; x_wconf 88' lang='lat' dir='ltr'><strong>suis</strong></span> <span class='ocrx_word' id='word_1_85' title='bbox 1691 1492 1778 1549; x_wconf 91' lang='lat' dir='ltr'><strong>tunc</strong></span> <span class='ocrx_word' id='word_1_86' title='bbox 1793 1479 1838 1550; x_wconf 89' lang='lat' dir='ltr'><strong>ab</strong></span> 
     </span>
     <span class='ocr_line' id='line_1_9' title="bbox 258 1593 1937 1698; baseline 0.004 -35"><span class='ocrx_word' id='word_1_87' title='bbox 258 1593 309 1664; x_wconf 88' lang='lat' dir='ltr'><strong>eis</strong></span> <span class='ocrx_word' id='word_1_88' title='bbox 324 1593 497 1690; x_wconf 84' lang='lat' dir='ltr'><strong>exigenda</strong></span> <span class='ocrx_word' id='word_1_89' title='bbox 512 1610 583 1686; x_wconf 90' lang='lat' dir='ltr'><strong>est,</strong></span> <span class='ocrx_word' id='word_1_90' title='bbox 600 1595 773 1669; x_wconf 91' lang='lat' dir='ltr'><strong>discussio</strong></span> <span class='ocrx_word' id='word_1_91' title='bbox 790 1611 843 1670; x_wconf 90' lang='lat' dir='ltr'><strong>est</strong></span> <span class='ocrx_word' id='word_1_92' title='bbox 859 1596 1038 1688; x_wconf 88' lang='lat' dir='ltr'><strong>facienda,</strong></span> <span class='ocrx_word' id='word_1_93' title='bbox 1057 1598 1174 1695; x_wconf 92' lang='lat' dir='ltr'><strong>quiin</strong></span> <span class='ocrx_word' id='word_1_94' title='bbox 1191 1612 1290 1669; x_wconf 88' lang='lat' dir='ltr'><strong>tanta</strong></span> <span class='ocrx_word' id='word_1_95' title='bbox 1304 1597 1524 1695; x_wconf 77' lang='lat' dir='ltr'><strong>perfectione</strong></span> <span class='ocrx_word' id='word_1_96' title='bbox 1537 1596 1766 1670; x_wconf 90' lang='lat' dir='ltr'><strong>beatitudinis</strong></span> <span class='ocrx_word' id='word_1_97' title='bbox 1783 1623 1841 1696; x_wconf 83' lang='lat' dir='ltr'><strong>ap</strong></span> <span class='ocrx_word' id='word_1_98' title='bbox 1874 1690 1879 1698; x_wconf 29' lang='grc' dir='ltr'>Ι</span> <span class='ocrx_word' id='word_1_99' title='bbox 1927 1676 1937 1690; x_wconf 63' lang='grc'>,</span> 
     </span>
     <span class='ocr_line' id='line_1_10' title="bbox 258 1710 1840 1813; baseline 0.003 -29"><span class='ocrx_word' id='word_1_100' title='bbox 258 1710 453 1808; x_wconf 86' lang='lat' dir='ltr'><strong>parebunt,</strong></span> <span class='ocrx_word' id='word_1_101' title='bbox 472 1727 512 1786; x_wconf 93' lang='lat' dir='ltr'><strong>ut</strong></span> <span class='ocrx_word' id='word_1_102' title='bbox 536 1715 714 1813; x_wconf 83' lang='lat' dir='ltr'><strong>cumipse</strong></span> <span class='ocrx_word' id='word_1_103' title='bbox 738 1715 895 1790; x_wconf 90' lang='lat' dir='ltr'><strong>Domino</strong></span> <span class='ocrx_word' id='word_1_104' title='bbox 917 1715 1098 1790; x_wconf 80' lang='lat' dir='ltr'><strong>resideant</strong></span> <span class='ocrx_word' id='word_1_105' title='bbox 1109 1714 1330 1812; x_wconf 86' lang='lat' dir='ltr'><strong>judicantes,</strong></span> <span class='ocrx_word' id='word_1_106' title='bbox 1349 1729 1507 1788; x_wconf 90' lang='lat' dir='ltr'><strong>nectam</strong></span> <span class='ocrx_word' id='word_1_107' title='bbox 1526 1740 1594 1813; x_wconf 91' lang='lat' dir='ltr'><strong>pro</strong></span> <span class='ocrx_word' id='word_1_108' title='bbox 1611 1717 1840 1789; x_wconf 87' lang='lat' dir='ltr'><strong>serationem</strong></span> 
     </span>
     <span class='ocr_line' id='line_1_11' title="bbox 258 1829 1840 1935; baseline 0.004 -35"><span class='ocrx_word' id='word_1_109' title='bbox 258 1829 452 1924; x_wconf 85' lang='lat' dir='ltr'><strong>reddituri,</strong></span> <span class='ocrx_word' id='word_1_110' title='bbox 478 1857 587 1931; x_wconf 89' lang='lat' dir='ltr'><strong>quam</strong></span> <span class='ocrx_word' id='word_1_111' title='bbox 607 1857 628 1906; x_wconf 86' lang='lat' dir='ltr'><strong>a</strong></span> <span class='ocrx_word' id='word_1_112' title='bbox 646 1835 779 1908; x_wconf 85' lang='lat' dir='ltr'><strong>caeteris</strong></span> <span class='ocrx_word' id='word_1_113' title='bbox 806 1835 976 1909; x_wconf 69' lang='lat' dir='ltr'><strong>exacturi.</strong></span> <span class='ocrx_word' id='word_1_114' title='bbox 997 1835 1160 1933; x_wconf 89' lang='lat' dir='ltr'><strong>Denique</strong></span> <span class='ocrx_word' id='word_1_115' title='bbox 1177 1834 1339 1933; x_wconf 86' lang='lat' dir='ltr'><strong>parvuli,</strong></span> <span class='ocrx_word' id='word_1_116' title='bbox 1358 1833 1488 1932; x_wconf 90' lang='lat' dir='ltr'><strong>quibus</strong></span> <span class='ocrx_word' id='word_1_117' title='bbox 1509 1835 1606 1908; x_wconf 92' lang='lat' dir='ltr'><strong>nulla</strong></span> <span class='ocrx_word' id='word_1_118' title='bbox 1630 1836 1840 1935; x_wconf 91' lang='lat' dir='ltr'><strong>imputanda</strong></span> 
     </span>
     <span class='ocr_line' id='line_1_12' title="bbox 258 1953 1838 2054; baseline 0.003 -32"><span class='ocrx_word' id='word_1_119' title='bbox 258 1966 342 2025; x_wconf 88' lang='lat' dir='ltr'><strong>sunt</strong></span> <span class='ocrx_word' id='word_1_120' title='bbox 357 1975 485 2050; x_wconf 86' lang='lat' dir='ltr'><strong>opera,</strong></span> <span class='ocrx_word' id='word_1_121' title='bbox 505 1977 615 2051; x_wconf 88' lang='lat' dir='ltr'><strong>quam</strong></span> <span class='ocrx_word' id='word_1_122' title='bbox 630 1953 681 2026; x_wconf 94' lang='lat' dir='ltr'><strong>ibi</strong></span> <span class='ocrx_word' id='word_1_123' title='bbox 696 1953 832 2027; x_wconf 87' lang='lat' dir='ltr'><strong>habent</strong></span> <span class='ocrx_word' id='word_1_124' title='bbox 847 1956 1024 2028; x_wconf 88' lang='lat' dir='ltr'><strong>rationem</strong></span> <span class='ocrx_word' id='word_1_125' title='bbox 1040 1954 1191 2028; x_wconf 88' lang='lat' dir='ltr'><strong>reddere</strong></span> <span class='ocrx_word' id='word_1_126' title='bbox 1208 1953 1254 2027; x_wconf 92' lang='lat' dir='ltr'><strong>de</strong></span> <span class='ocrx_word' id='word_1_127' title='bbox 1270 1955 1425 2054; x_wconf 89' lang='lat' dir='ltr'><strong>propriis</strong></span> <span class='ocrx_word' id='word_1_128' title='bbox 1439 1954 1560 2027; x_wconf 81' lang='lat' dir='ltr'><strong>sactis?</strong></span> <span class='ocrx_word' id='word_1_129' title='bbox 1575 1955 1647 2028; x_wconf 88' lang='lat' dir='ltr'><strong>Sed</strong></span> <span class='ocrx_word' id='word_1_130' title='bbox 1662 1956 1838 2054; x_wconf 86' lang='lat' dir='ltr'><strong>profecto,</strong></span> 
     </span>
     <span class='ocr_line' id='line_1_13' title="bbox 259 2070 1842 2171; baseline 0.003 -29"><span class='ocrx_word' id='word_1_131' title='bbox 259 2070 567 2167; x_wconf 87' lang='lat' dir='ltr'><strong>quemadmodum</strong></span> <span class='ocrx_word' id='word_1_132' title='bbox 586 2071 739 2144; x_wconf 81' lang='lat' dir='ltr'><strong>diximus</strong></span> <span class='ocrx_word' id='word_1_133' title='bbox 756 2097 884 2146; x_wconf 85' lang='lat' dir='ltr'><strong>omnes</strong></span> <span class='ocrx_word' id='word_1_134' title='bbox 899 2073 1066 2145; x_wconf 88' lang='lat' dir='ltr'><strong>homines</strong></span> <span class='ocrx_word' id='word_1_135' title='bbox 1081 2072 1131 2144; x_wconf 94' lang='lat' dir='ltr'><strong>ibi</strong></span> <span class='ocrx_word' id='word_1_136' title='bbox 1148 2097 1350 2169; x_wconf 85' lang='lat' dir='ltr'><strong>resurgere,</strong></span> <span class='ocrx_word' id='word_1_137' title='bbox 1371 2098 1447 2146; x_wconf 89' lang='lat' dir='ltr'><strong>non</strong></span> <span class='ocrx_word' id='word_1_138' title='bbox 1463 2086 1503 2145; x_wconf 91' lang='lat' dir='ltr'><strong>ut</strong></span> <span class='ocrx_word' id='word_1_139' title='bbox 1524 2072 1570 2146; x_wconf 90' lang='lat' dir='ltr'><strong>de</strong></span> <span class='ocrx_word' id='word_1_140' title='bbox 1586 2074 1733 2171; x_wconf 88' lang='lat' dir='ltr'><strong>singulis</strong></span> <span class='ocrx_word' id='word_1_141' title='bbox 1756 2089 1842 2146; x_wconf 89' lang='lat' dir='ltr'><strong>tunc</strong></span> 
     </span>
     <span class='ocr_line' id='line_1_14' title="bbox 259 2189 1841 2288; baseline 0.003 -27"><span class='ocrx_word' id='word_1_142' title='bbox 259 2191 507 2264; x_wconf 85' lang='lat' dir='ltr'><strong>resurrecturis</strong></span> <span class='ocrx_word' id='word_1_143' title='bbox 523 2189 562 2263; x_wconf 93' lang='lat' dir='ltr'><strong>id</strong></span> <span class='ocrx_word' id='word_1_144' title='bbox 577 2215 749 2288; x_wconf 82' lang='lat' dir='ltr'><strong>cogamur</strong></span> <span class='ocrx_word' id='word_1_145' title='bbox 761 2191 977 2288; x_wconf 88' lang='lat' dir='ltr'><strong>intelligere,</strong></span> <span class='ocrx_word' id='word_1_146' title='bbox 995 2191 1059 2264; x_wconf 91' lang='lat' dir='ltr'><strong>sed</strong></span> <span class='ocrx_word' id='word_1_147' title='bbox 1075 2193 1126 2266; x_wconf 84' lang='lat' dir='ltr'><strong>ita</strong></span> <span class='ocrx_word' id='word_1_148' title='bbox 1139 2205 1227 2277; x_wconf 81' lang='lat' dir='ltr'><strong>tunc</strong></span> <span class='ocrx_word' id='word_1_149' title='bbox 1244 2193 1409 2264; x_wconf 90' lang='lat' dir='ltr'><strong>omnium</strong></span> <span class='ocrx_word' id='word_1_150' title='bbox 1425 2193 1725 2266; x_wconf 88' lang='lat' dir='ltr'><strong>resurrectionem</strong></span> <span class='ocrx_word' id='word_1_151' title='bbox 1741 2219 1841 2266; x_wconf 91' lang='lat' dir='ltr'><strong>com-</strong></span> 
     </span>
     <span class='ocr_line' id='line_1_15' title="bbox 258 2306 1844 2412; baseline 0.003 -34"><span class='ocrx_word' id='word_1_152' title='bbox 258 2306 367 2405; x_wconf 88' lang='lat' dir='ltr'><strong>pleri,</strong></span> <span class='ocrx_word' id='word_1_153' title='bbox 384 2323 425 2381; x_wconf 92' lang='lat' dir='ltr'><strong>ut</strong></span> <span class='ocrx_word' id='word_1_154' title='bbox 442 2307 540 2384; x_wconf 87' lang='lat' dir='ltr'><strong>nulla</strong></span> <span class='ocrx_word' id='word_1_155' title='bbox 554 2308 701 2382; x_wconf 91' lang='lat' dir='ltr'><strong>ulterius</strong></span> <span class='ocrx_word' id='word_1_156' title='bbox 716 2307 778 2382; x_wconf 83' lang='lat' dir='ltr'><strong>frat</strong></span> <span class='ocrx_word' id='word_1_157' title='bbox 797 2336 806 2382; x_wconf 77' lang='lat' dir='ltr'><strong><em>z</em></strong></span> <span class='ocrx_word' id='word_1_158' title='bbox 824 2310 874 2382; x_wconf 86' lang='lat' dir='ltr'><strong>ita</strong></span> <span class='ocrx_word' id='word_1_159' title='bbox 890 2324 926 2382; x_wconf 90' lang='lat' dir='ltr'><strong>et</strong></span> <span class='ocrx_word' id='word_1_160' title='bbox 936 2309 1008 2382; x_wconf 92' lang='lat' dir='ltr'><strong>hoc</strong></span> <span class='ocrx_word' id='word_1_161' title='bbox 1019 2308 1102 2382; x_wconf 87' lang='lat' dir='ltr'><strong>loco</strong></span> <span class='ocrx_word' id='word_1_162' title='bbox 1119 2334 1247 2382; x_wconf 87' lang='lat' dir='ltr'><strong>omnes</strong></span> <span class='ocrx_word' id='word_1_163' title='bbox 1262 2323 1350 2382; x_wconf 90' lang='lat' dir='ltr'><strong>tunc</strong></span> <span class='ocrx_word' id='word_1_164' title='bbox 1365 2309 1517 2383; x_wconf 89' lang='lat' dir='ltr'><strong>reddere</strong></span> <span class='ocrx_word' id='word_1_165' title='bbox 1528 2312 1707 2384; x_wconf 90' lang='lat' dir='ltr'><strong>rationem</strong></span> <span class='ocrx_word' id='word_1_166' title='bbox 1720 2312 1844 2412; x_wconf 80' lang='lat' dir='ltr'><strong>dicun·</strong></span> 
     </span>
     <span class='ocr_line' id='line_1_16' title="bbox 259 2427 1842 2530; baseline 0.003 -29"><span class='ocrx_word' id='word_1_167' title='bbox 259 2443 330 2518; x_wconf 88' lang='lat' dir='ltr'><strong>tur,</strong></span> <span class='ocrx_word' id='word_1_168' title='bbox 344 2429 385 2501; x_wconf 88' lang='lat' dir='ltr'><strong>ut</strong></span> <span class='ocrx_word' id='word_1_169' title='bbox 399 2443 486 2501; x_wconf 90' lang='lat' dir='ltr'><strong>tunc</strong></span> <span class='ocrx_word' id='word_1_170' title='bbox 501 2427 548 2502; x_wconf 87' lang='lat' dir='ltr'><strong>de</strong></span> <span class='ocrx_word' id='word_1_171' title='bbox 569 2427 740 2502; x_wconf 90' lang='lat' dir='ltr'><strong>omnibus</strong></span> <span class='ocrx_word' id='word_1_172' title='bbox 755 2430 806 2503; x_wconf 90' lang='lat' dir='ltr'><strong>ita</strong></span> <span class='ocrx_word' id='word_1_173' title='bbox 820 2430 866 2502; x_wconf 89' lang='lat' dir='ltr'><strong>sit</strong></span> <span class='ocrx_word' id='word_1_174' title='bbox 884 2443 1176 2502; x_wconf 85' lang='lat' dir='ltr'><strong>consummatum</strong></span> <span class='ocrx_word' id='word_1_175' title='bbox 1187 2428 1383 2526; x_wconf 88' lang='lat' dir='ltr'><strong>judicium,</strong></span> <span class='ocrx_word' id='word_1_176' title='bbox 1402 2429 1559 2504; x_wconf 87' lang='lat' dir='ltr'><strong>utnulla</strong></span> <span class='ocrx_word' id='word_1_177' title='bbox 1575 2429 1745 2530; x_wconf 85' lang='lat' dir='ltr'><strong>deinceps</strong></span> <span class='ocrx_word' id='word_1_178' title='bbox 1770 2433 1842 2506; x_wconf 90' lang='lat' dir='ltr'><strong>dis·</strong></span> 
     </span>
     <span class='ocr_line' id='line_1_17' title="bbox 259 2546 1929 2648; baseline 0.003 -29"><span class='ocrx_word' id='word_1_179' title='bbox 259 2548 376 2620; x_wconf 85' lang='lat' dir='ltr'><strong>cussie</strong></span> <span class='ocrx_word' id='word_1_180' title='bbox 390 2561 515 2637; x_wconf 87' lang='lat' dir='ltr'><strong>restet,</strong></span> <span class='ocrx_word' id='word_1_181' title='bbox 532 2571 580 2620; x_wconf 89' lang='lat' dir='ltr'><strong>ne</strong></span> <span class='ocrx_word' id='word_1_182' title='bbox 593 2547 640 2620; x_wconf 90' lang='lat' dir='ltr'><strong>de</strong></span> <span class='ocrx_word' id='word_1_183' title='bbox 654 2571 840 2646; x_wconf 83' lang='lat' dir='ltr'><strong>quoquam</strong></span> <span class='ocrx_word' id='word_1_184' title='bbox 852 2546 1005 2646; x_wconf 84' lang='lat' dir='ltr'><strong>amplius</strong></span> <span class='ocrx_word' id='word_1_185' title='bbox 1012 2546 1210 2638; x_wconf 88' lang='lat' dir='ltr'><strong>dubitetur,</strong></span> <span class='ocrx_word' id='word_1_186' title='bbox 1222 2561 1347 2620; x_wconf 87' lang='lat' dir='ltr'><strong>utrum</strong></span> <span class='ocrx_word' id='word_1_187' title='bbox 1358 2549 1507 2647; x_wconf 85' lang='lat' dir='ltr'><strong>praemio</strong></span> <span class='ocrx_word' id='word_1_188' title='bbox 1522 2548 1579 2620; x_wconf 87' lang='lat' dir='ltr'><strong>vel</strong></span> <span class='ocrx_word' id='word_1_189' title='bbox 1595 2571 1703 2646; x_wconf 86' lang='lat' dir='ltr'><strong>poena</strong></span> <span class='ocrx_word' id='word_1_190' title='bbox 1716 2549 1845 2648; x_wconf 87' lang='lat' dir='ltr'><strong>dignus</strong></span> <span class='ocrx_word' id='word_1_191' title='bbox 1925 2556 1929 2564; x_wconf 89' lang='lat'>&#39;</span> 
     </span>
     <span class='ocr_line' id='line_1_18' title="bbox 259 2663 1844 2764; baseline 0.001 -26"><span class='ocrx_word' id='word_1_192' title='bbox 259 2667 373 2738; x_wconf 74' lang='lat' dir='ltr'><strong>sitiit</strong></span> <span class='ocrx_word' id='word_1_193' title='bbox 389 2665 461 2737; x_wconf 93' lang='lat' dir='ltr'><strong>hoc</strong></span> <span class='ocrx_word' id='word_1_194' title='bbox 478 2677 531 2738; x_wconf 87' lang='lat' dir='ltr'><strong>est</strong></span> <span class='ocrx_word' id='word_1_195' title='bbox 546 2690 609 2738; x_wconf 90' lang='lat' dir='ltr'><strong>eos</strong></span> <span class='ocrx_word' id='word_1_196' title='bbox 625 2664 676 2738; x_wconf 94' lang='lat' dir='ltr'><strong>ibi</strong></span> <span class='ocrx_word' id='word_1_197' title='bbox 693 2665 739 2737; x_wconf 89' lang='lat' dir='ltr'><strong>de</strong></span> <span class='ocrx_word' id='word_1_198' title='bbox 755 2666 912 2764; x_wconf 91' lang='lat' dir='ltr'><strong>propriis</strong></span> <span class='ocrx_word' id='word_1_199' title='bbox 928 2664 1097 2764; x_wconf 89' lang='lat' dir='ltr'><strong>operibus</strong></span> <span class='ocrx_word' id='word_1_200' title='bbox 1113 2663 1265 2737; x_wconf 90' lang='lat' dir='ltr'><strong>reddere</strong></span> <span class='ocrx_word' id='word_1_201' title='bbox 1281 2666 1478 2756; x_wconf 90' lang='lat' dir='ltr'><strong>rationem,</strong></span> <span class='ocrx_word' id='word_1_202' title='bbox 1493 2666 1712 2738; x_wconf 81' lang='lat' dir='ltr'><strong>manifestari</strong></span> <span class='ocrx_word' id='word_1_203' title='bbox 1726 2665 1844 2739; x_wconf 87' lang='lat' dir='ltr'><strong>omni-</strong></span> 
     </span>
     <span class='ocr_line' id='line_1_19' title="bbox 259 2783 1843 2890; baseline 0.001 -32"><span class='ocrx_word' id='word_1_204' title='bbox 259 2785 327 2858; x_wconf 90' lang='lat' dir='ltr'><strong>bus</strong></span> <span class='ocrx_word' id='word_1_205' title='bbox 343 2784 431 2884; x_wconf 90' lang='lat' dir='ltr'><strong>quid</strong></span> <span class='ocrx_word' id='word_1_206' title='bbox 446 2784 580 2858; x_wconf 89' lang='lat' dir='ltr'><strong>horum</strong></span> <span class='ocrx_word' id='word_1_207' title='bbox 595 2785 806 2858; x_wconf 88' lang='lat' dir='ltr'><strong>meruerint.</strong></span> <span class='ocrx_word' id='word_1_208' title='bbox 824 2789 912 2874; x_wconf 83' lang='lat' dir='ltr'><strong>Quae</strong></span> <span class='ocrx_word' id='word_1_209' title='bbox 928 2785 1001 2857; x_wconf 94' lang='lat' dir='ltr'><strong>duo</strong></span> <span class='ocrx_word' id='word_1_210' title='bbox 1018 2786 1138 2858; x_wconf 88' lang='lat' dir='ltr'><strong>statim</strong></span> <span class='ocrx_word' id='word_1_211' title='bbox 1151 2783 1389 2874; x_wconf 85' lang='lat' dir='ltr'><strong>determinat,</strong></span> <span class='ocrx_word' id='word_1_212' title='bbox 1404 2799 1478 2890; x_wconf 80' lang='lat' dir='ltr'><strong>tam</strong></span> <span class='ocrx_word' id='word_1_213' title='bbox 1489 2784 1676 2884; x_wconf 89' lang='lat' dir='ltr'><strong>praemium</strong></span> <span class='ocrx_word' id='word_1_214' title='bbox 1693 2787 1843 2880; x_wconf 90' lang='lat' dir='ltr'><strong>scilicet,</strong></span> 
     </span>
     <span class='ocr_line' id='line_1_20' title="bbox 260 2902 1879 3006; baseline -0.002 -22"><span class='ocrx_word' id='word_1_215' title='bbox 260 2929 370 3006; x_wconf 84' lang='lat' dir='ltr'><strong>quam</strong></span> <span class='ocrx_word' id='word_1_216' title='bbox 384 2929 542 3004; x_wconf 84' lang='lat' dir='ltr'><strong>poenam,</strong></span> <span class='ocrx_word' id='word_1_217' title='bbox 561 2903 708 2978; x_wconf 87' lang='lat' dir='ltr'><strong>dicens:</strong></span> <span class='ocrx_word' id='word_1_218' title='bbox 728 2933 748 2974; x_wconf 78' lang='grc' dir='ltr'>α</span> <span class='ocrx_word' id='word_1_219' title='bbox 760 2909 805 2980; x_wconf 89' lang='lat' dir='ltr'><strong>Et</strong></span> <span class='ocrx_word' id='word_1_220' title='bbox 821 2905 884 3004; x_wconf 90' lang='lat' dir='ltr'><strong>qui</strong></span> <span class='ocrx_word' id='word_1_221' title='bbox 898 2904 998 2978; x_wconf 88' lang='lat' dir='ltr'><strong>bona</strong></span> <span class='ocrx_word' id='word_1_222' title='bbox 1009 2917 1180 3002; x_wconf 88' lang='lat' dir='ltr'><strong>egerunt,</strong></span> <span class='ocrx_word' id='word_1_223' title='bbox 1196 2929 1215 2974; x_wconf 78' lang='lat' dir='ltr'><strong>a</strong></span> <span class='ocrx_word' id='word_1_224' title='bbox 1233 2902 1305 2979; x_wconf 93' lang='lat' dir='ltr'><strong>hoc</strong></span> <span class='ocrx_word' id='word_1_225' title='bbox 1319 2917 1385 2996; x_wconf 91' lang='lat' dir='ltr'><strong>est,</strong></span> <span class='ocrx_word' id='word_1_226' title='bbox 1404 2904 1443 2976; x_wconf 94' lang='lat' dir='ltr'><strong>in</strong></span> <span class='ocrx_word' id='word_1_227' title='bbox 1456 2905 1647 3003; x_wconf 90' lang='lat' dir='ltr'><strong>proposito</strong></span> <span class='ocrx_word' id='word_1_228' title='bbox 1665 2905 1847 2982; x_wconf 90' lang='lat' dir='ltr'><strong>bonorum</strong></span> <span class='ocrx_word' id='word_1_229' title='bbox 1877 2995 1879 3000; x_wconf 21' lang='lat'><strong><em>¹</em></strong></span> 
     </span>
     <span class='ocr_line' id='line_1_21' title="bbox 261 3023 1848 3126; baseline 0 -26"><span class='ocrx_word' id='word_1_230' title='bbox 261 3051 414 3126; x_wconf 88' lang='lat' dir='ltr'><strong>operum</strong></span> <span class='ocrx_word' id='word_1_231' title='bbox 438 3026 549 3100; x_wconf 85' lang='lat' dir='ltr'><strong>vitam</strong></span> <span class='ocrx_word' id='word_1_232' title='bbox 582 3040 943 3115; x_wconf 87' lang='lat' dir='ltr'><strong>consummaverunt,</strong></span> <span class='ocrx_word' id='word_1_233' title='bbox 970 3023 1232 3123; x_wconf 79' lang='lat' dir='ltr'><strong>qualiacunque</strong></span> <span class='ocrx_word' id='word_1_234' title='bbox 1258 3023 1504 3124; x_wconf 68' lang='lat' dir='ltr'><strong>precesserint</strong></span> <span class='ocrx_word' id='word_1_235' title='bbox 1531 3049 1654 3124; x_wconf 87' lang='lat' dir='ltr'><strong>opera.</strong></span> <span class='ocrx_word' id='word_1_236' title='bbox 1690 3056 1708 3096; x_wconf 78' lang='grc' dir='ltr'><strong>κ</strong></span> <span class='ocrx_word' id='word_1_237' title='bbox 1729 3029 1848 3102; x_wconf 87' lang='lat' dir='ltr'><strong>Vitam</strong></span> 
     </span>
     <span class='ocr_line' id='line_1_22' title="bbox 260 3145 1849 3246; baseline 0.001 -25"><span class='ocrx_word' id='word_1_238' title='bbox 260 3163 447 3238; x_wconf 75' lang='lat' dir='ltr'><strong>aeternam,</strong></span> <span class='ocrx_word' id='word_1_239' title='bbox 466 3176 485 3216; x_wconf 83' lang='grc' dir='ltr'>η</span> <span class='ocrx_word' id='word_1_240' title='bbox 502 3147 574 3220; x_wconf 88' lang='lat' dir='ltr'><strong>hoc</strong></span> <span class='ocrx_word' id='word_1_241' title='bbox 599 3161 654 3220; x_wconf 83' lang='lat' dir='ltr'><strong>est</strong></span> <span class='ocrx_word' id='word_1_242' title='bbox 678 3145 940 3246; x_wconf 84' lang='lat' dir='ltr'><strong>beatitudinem</strong></span> <span class='ocrx_word' id='word_1_243' title='bbox 959 3145 1237 3219; x_wconf 85' lang='lat' dir='ltr'><strong>indeficientem.</strong></span> <span class='ocrx_word' id='word_1_244' title='bbox 1263 3173 1282 3214; x_wconf 78' lang='lat' dir='ltr'><strong>a</strong></span> <span class='ocrx_word' id='word_1_245' title='bbox 1297 3149 1421 3242; x_wconf 84' lang='lat' dir='ltr'><strong>Ignem</strong></span> <span class='ocrx_word' id='word_1_246' title='bbox 1444 3159 1637 3236; x_wconf 85' lang='lat' dir='ltr'><strong>aeternum,</strong></span> <span class='ocrx_word' id='word_1_247' title='bbox 1658 3175 1676 3216; x_wconf 81' lang='grc' dir='ltr'>η</span> <span class='ocrx_word' id='word_1_248' title='bbox 1698 3147 1770 3221; x_wconf 90' lang='lat' dir='ltr'><strong>hoc</strong></span> <span class='ocrx_word' id='word_1_249' title='bbox 1795 3167 1849 3222; x_wconf 90' lang='lat' dir='ltr'><strong>est</strong></span> 
     </span>
     <span class='ocr_line' id='line_1_23' title="bbox 261 3262 1849 3364; baseline -0.001 -24"><span class='ocrx_word' id='word_1_250' title='bbox 261 3289 442 3340; x_wconf 89' lang='lat' dir='ltr'><strong>summum</strong></span> <span class='ocrx_word' id='word_1_251' title='bbox 469 3279 576 3364; x_wconf 88' lang='lat' dir='ltr'><strong>atque</strong></span> <span class='ocrx_word' id='word_1_252' title='bbox 602 3263 867 3338; x_wconf 85' lang='lat' dir='ltr'><strong>indeficientem</strong></span> <span class='ocrx_word' id='word_1_253' title='bbox 894 3265 1112 3355; x_wconf 67' lang='lat' dir='ltr'><strong>cruciatam,</strong></span> <span class='ocrx_word' id='word_1_254' title='bbox 1131 3265 1206 3336; x_wconf 86' lang='lat' dir='ltr'><strong>sive</strong></span> <span class='ocrx_word' id='word_1_255' title='bbox 1230 3262 1289 3336; x_wconf 89' lang='lat' dir='ltr'><strong>ille</strong></span> <span class='ocrx_word' id='word_1_256' title='bbox 1314 3264 1406 3362; x_wconf 88' lang='lat' dir='ltr'><strong>ignis</strong></span> <span class='ocrx_word' id='word_1_257' title='bbox 1420 3285 1617 3364; x_wconf 85' lang='lat' dir='ltr'><strong>corporeus</strong></span> <span class='ocrx_word' id='word_1_258' title='bbox 1640 3279 1782 3338; x_wconf 87' lang='lat' dir='ltr'><strong>tantum</strong></span> <span class='ocrx_word' id='word_1_259' title='bbox 1803 3269 1849 3340; x_wconf 91' lang='lat' dir='ltr'><strong>sit</strong></span> 
     </span>
     <span class='ocr_line' id='line_1_24' title="bbox 262 3382 1848 3490; baseline -0.001 -32"><span class='ocrx_word' id='word_1_260' title='bbox 262 3400 368 3486; x_wconf 85' lang='lat' dir='ltr'><strong>atque</strong></span> <span class='ocrx_word' id='word_1_261' title='bbox 389 3383 599 3474; x_wconf 84' lang='lat' dir='ltr'><strong>materialis,</strong></span> <span class='ocrx_word' id='word_1_262' title='bbox 623 3384 697 3458; x_wconf 88' lang='lat' dir='ltr'><strong>sive</strong></span> <span class='ocrx_word' id='word_1_263' title='bbox 724 3382 931 3490; x_wconf 91' lang='lat' dir='ltr'><strong>quicunque</strong></span> <span class='ocrx_word' id='word_1_264' title='bbox 955 3382 1105 3455; x_wconf 91' lang='lat' dir='ltr'><strong>interior</strong></span> <span class='ocrx_word' id='word_1_265' title='bbox 1126 3382 1254 3454; x_wconf 82' lang='lat' dir='ltr'><strong>animae</strong></span> <span class='ocrx_word' id='word_1_266' title='bbox 1276 3382 1471 3472; x_wconf 85' lang='lat' dir='ltr'><strong>cruciatus,</strong></span> <span class='ocrx_word' id='word_1_267' title='bbox 1497 3385 1558 3481; x_wconf 93' lang='lat' dir='ltr'><strong>qui</strong></span> <span class='ocrx_word' id='word_1_268' title='bbox 1585 3383 1733 3455; x_wconf 89' lang='lat' dir='ltr'><strong>nomine</strong></span> <span class='ocrx_word' id='word_1_269' title='bbox 1758 3386 1848 3482; x_wconf 91' lang='lat' dir='ltr'><strong>ignis</strong></span> 
     </span>
     <span class='ocr_line' id='line_1_25' title="bbox 262 3500 1845 3601; baseline -0.004 -20"><span class='ocrx_word' id='word_1_270' title='bbox 262 3509 415 3581; x_wconf 85' lang='lat' dir='ltr'><strong>maxime</strong></span> <span class='ocrx_word' id='word_1_271' title='bbox 432 3530 499 3578; x_wconf 90' lang='lat' dir='ltr'><strong>nos</strong></span> <span class='ocrx_word' id='word_1_272' title='bbox 513 3505 725 3596; x_wconf 81' lang='lat' dir='ltr'><strong>cruciantis,</strong></span> <span class='ocrx_word' id='word_1_273' title='bbox 743 3519 780 3577; x_wconf 91' lang='lat' dir='ltr'><strong>et</strong></span> <span class='ocrx_word' id='word_1_274' title='bbox 799 3501 951 3578; x_wconf 86' lang='lat' dir='ltr'><strong>validius</strong></span> <span class='ocrx_word' id='word_1_275' title='bbox 967 3501 1234 3593; x_wconf 89' lang='lat' dir='ltr'><strong>consumentis,</strong></span> <span class='ocrx_word' id='word_1_276' title='bbox 1252 3527 1365 3601; x_wconf 92' lang='lat' dir='ltr'><strong>quum</strong></span> <span class='ocrx_word' id='word_1_277' title='bbox 1381 3503 1426 3574; x_wconf 92' lang='lat' dir='ltr'><strong>sit</strong></span> <span class='ocrx_word' id='word_1_278' title='bbox 1443 3503 1579 3575; x_wconf 88' lang='lat' dir='ltr'><strong>acutius</strong></span> <span class='ocrx_word' id='word_1_279' title='bbox 1604 3500 1845 3594; x_wconf 86' lang='lat' dir='ltr'><strong>elementum,</strong></span> 
     </span>
     <span class='ocr_line' id='line_1_26' title="bbox 262 3623 1849 3726; baseline -0.003 -26"><span class='ocrx_word' id='word_1_280' title='bbox 262 3643 299 3701; x_wconf 93' lang='lat' dir='ltr'><strong>et</strong></span> <span class='ocrx_word' id='word_1_281' title='bbox 314 3625 568 3726; x_wconf 85' lang='lat' dir='ltr'><strong>penetrabilius</strong></span> <span class='ocrx_word' id='word_1_282' title='bbox 585 3627 741 3717; x_wconf 76' lang='lat' dir='ltr'><strong>caeteris,</strong></span> <span class='ocrx_word' id='word_1_283' title='bbox 756 3651 832 3724; x_wconf 92' lang='lat' dir='ltr'><strong>quo</strong></span> <span class='ocrx_word' id='word_1_284' title='bbox 847 3625 966 3698; x_wconf 88' lang='lat' dir='ltr'><strong>minus</strong></span> <span class='ocrx_word' id='word_1_285' title='bbox 982 3625 1016 3697; x_wconf 90' lang='lat' dir='ltr'><strong>ei</strong></span> <span class='ocrx_word' id='word_1_286' title='bbox 1032 3625 1146 3697; x_wconf 88' lang='lat' dir='ltr'><strong>resisti</strong></span> <span class='ocrx_word' id='word_1_287' title='bbox 1160 3636 1285 3721; x_wconf 85' lang='lat' dir='ltr'><strong>queat,</strong></span> <span class='ocrx_word' id='word_1_288' title='bbox 1301 3623 1523 3722; x_wconf 88' lang='lat' dir='ltr'><strong>exprimitur.</strong></span> <span class='ocrx_word' id='word_1_289' title='bbox 1539 3629 1585 3696; x_wconf 92' lang='lat' dir='ltr'><strong>Et</strong></span> <span class='ocrx_word' id='word_1_290' title='bbox 1600 3624 1744 3698; x_wconf 84' lang='lat' dir='ltr'><strong>attende</strong></span> <span class='ocrx_word' id='word_1_291' title='bbox 1761 3625 1849 3696; x_wconf 89' lang='lat' dir='ltr'><strong>nihil</strong></span> 
     </span>
     <span class='ocr_line' id='line_1_27' title="bbox 263 3740 1888 3843; baseline -0.004 -22"><span class='ocrx_word' id='word_1_292' title='bbox 263 3746 322 3822; x_wconf 88' lang='lat' dir='ltr'><strong>hic</strong></span> <span class='ocrx_word' id='word_1_293' title='bbox 332 3744 379 3818; x_wconf 92' lang='lat' dir='ltr'><strong>de</strong></span> <span class='ocrx_word' id='word_1_294' title='bbox 392 3744 548 3843; x_wconf 85' lang='lat' dir='ltr'><strong>parvulis</strong></span> <span class='ocrx_word' id='word_1_295' title='bbox 563 3746 626 3843; x_wconf 92' lang='lat' dir='ltr'><strong>qui</strong></span> <span class='ocrx_word' id='word_1_296' title='bbox 645 3743 739 3824; x_wconf 40' lang='lat' dir='ltr'><strong>nihil¹</strong></span> <span class='ocrx_word' id='word_1_297' title='bbox 749 3742 886 3816; x_wconf 85' lang='lat' dir='ltr'><strong>habent</strong></span> <span class='ocrx_word' id='word_1_298' title='bbox 900 3743 1131 3832; x_wconf 88' lang='lat' dir='ltr'><strong>meritorum,</strong></span> <span class='ocrx_word' id='word_1_299' title='bbox 1146 3740 1284 3815; x_wconf 89' lang='lat' dir='ltr'><strong>dictum</strong></span> <span class='ocrx_word' id='word_1_300' title='bbox 1298 3742 1434 3834; x_wconf 79' lang='lat' dir='ltr'><strong>videri3</strong></span> <span class='ocrx_word' id='word_1_301' title='bbox 1446 3745 1610 3842; x_wconf 86' lang='lat' dir='ltr'><strong>quamvis</strong></span> <span class='ocrx_word' id='word_1_302' title='bbox 1626 3768 1688 3818; x_wconf 88' lang='lat' dir='ltr'><strong>eos</strong></span> <span class='ocrx_word' id='word_1_303' title='bbox 1704 3769 1849 3842; x_wconf 85' lang='lat' dir='ltr'><strong>quoque</strong></span> <span class='ocrx_word' id='word_1_304' title='bbox 1884 3833 1888 3838; x_wconf 20' lang='grc' dir='ltr'>Ι</span> 
     </span>
     <span class='ocr_line' id='line_1_28' title="bbox 263 3859 1850 3961; baseline -0.003 -20"><span class='ocrx_word' id='word_1_305' title='bbox 263 3889 339 3941; x_wconf 88' lang='lat' dir='ltr'><strong>uon</strong></span> <span class='ocrx_word' id='word_1_306' title='bbox 365 3864 483 3936; x_wconf 88' lang='lat' dir='ltr'><strong>minus</strong></span> <span class='ocrx_word' id='word_1_307' title='bbox 508 3861 654 3961; x_wconf 87' lang='lat' dir='ltr'><strong>[quam]</strong></span> <span class='ocrx_word' id='word_1_308' title='bbox 678 3860 821 3934; x_wconf 89' lang='lat' dir='ltr'><strong>adultos</strong></span> <span class='ocrx_word' id='word_1_309' title='bbox 845 3860 975 3934; x_wconf 82' lang='lat' dir='ltr'><strong>salvari</strong></span> <span class='ocrx_word' id='word_1_310' title='bbox 999 3874 1141 3933; x_wconf 86' lang='lat' dir='ltr'><strong>constet</strong></span> <span class='ocrx_word' id='word_1_311' title='bbox 1159 3874 1222 3932; x_wconf 84' lang='lat' dir='ltr'><strong>aut</strong></span> <span class='ocrx_word' id='word_1_312' title='bbox 1243 3859 1421 3934; x_wconf 89' lang='lat' dir='ltr'><strong>damnari.</strong></span> <span class='ocrx_word' id='word_1_313' title='bbox 1440 3861 1541 3934; x_wconf 89' lang='lat' dir='ltr'><strong>Sicut</strong></span> <span class='ocrx_word' id='word_1_314' title='bbox 1560 3864 1658 3934; x_wconf 92' lang='lat' dir='ltr'><strong>enim</strong></span> <span class='ocrx_word' id='word_1_315' title='bbox 1680 3879 1755 3936; x_wconf 92' lang='lat' dir='ltr'><strong>tam</strong></span> <span class='ocrx_word' id='word_1_316' title='bbox 1776 3863 1850 3936; x_wconf 85' lang='lat' dir='ltr'><strong>haec</strong></span> 
     </span>
     <span class='ocr_line' id='line_1_29' title="bbox 262 3979 1848 4084; baseline -0.003 -25"><span class='ocrx_word' id='word_1_317' title='bbox 262 3987 438 4084; x_wconf 88' lang='lat' dir='ltr'><strong>scriptura</strong></span> <span class='ocrx_word' id='word_1_318' title='bbox 452 4007 563 4081; x_wconf 90' lang='lat' dir='ltr'><strong>quam</strong></span> <span class='ocrx_word' id='word_1_319' title='bbox 578 3997 712 4055; x_wconf 72' lang='lat' dir='ltr'><strong>caeterae</strong></span> <span class='ocrx_word' id='word_1_320' title='bbox 728 3982 874 4053; x_wconf 89' lang='lat' dir='ltr'><strong>nonnisi</strong></span> <span class='ocrx_word' id='word_1_321' title='bbox 890 3979 1040 4071; x_wconf 77' lang='lat' dir='ltr'><strong>adultis,</strong></span> <span class='ocrx_word' id='word_1_322' title='bbox 1059 3980 1173 4078; x_wconf 91' lang='lat' dir='ltr'><strong>etqui</strong></span> <span class='ocrx_word' id='word_1_323' title='bbox 1191 4002 1339 4078; x_wconf 87' lang='lat' dir='ltr'><strong>capaces</strong></span> <span class='ocrx_word' id='word_1_324' title='bbox 1366 3994 1450 4052; x_wconf 89' lang='lat' dir='ltr'><strong>sunt</strong></span> <span class='ocrx_word' id='word_1_325' title='bbox 1469 3982 1636 4072; x_wconf 87' lang='lat' dir='ltr'><strong>rationis,</strong></span> <span class='ocrx_word' id='word_1_326' title='bbox 1655 3981 1702 4055; x_wconf 90' lang='lat' dir='ltr'><strong>ad</strong></span> <span class='ocrx_word' id='word_1_327' title='bbox 1729 3981 1848 4054; x_wconf 88' lang='lat' dir='ltr'><strong>erudi·</strong></span> 
     </span>
     <span class='ocr_line' id='line_1_30' title="bbox 264 4096 1849 4200; baseline -0.005 -20"><span class='ocrx_word' id='word_1_328' title='bbox 264 4104 401 4180; x_wconf 82' lang='lat' dir='ltr'><strong>tionem</strong></span> <span class='ocrx_word' id='word_1_329' title='bbox 422 4101 537 4177; x_wconf 76' lang='lat' dir='ltr'><strong>liuntz</strong></span> <span class='ocrx_word' id='word_1_330' title='bbox 556 4103 605 4176; x_wconf 90' lang='lat' dir='ltr'><strong>ita</strong></span> <span class='ocrx_word' id='word_1_331' title='bbox 620 4102 704 4175; x_wconf 83' lang='lat' dir='ltr'><strong>satis</strong></span> <span class='ocrx_word' id='word_1_332' title='bbox 720 4101 837 4176; x_wconf 87' lang='lat' dir='ltr'><strong>visum</strong></span> <span class='ocrx_word' id='word_1_333' title='bbox 853 4114 907 4178; x_wconf 87' lang='lat' dir='ltr'><strong>est</strong></span> <span class='ocrx_word' id='word_1_334' title='bbox 924 4098 997 4178; x_wconf 90' lang='lat' dir='ltr'><strong>hoc</strong></span> <span class='ocrx_word' id='word_1_335' title='bbox 1019 4098 1101 4171; x_wconf 90' lang='lat' dir='ltr'><strong>loco</strong></span> <span class='ocrx_word' id='word_1_336' title='bbox 1123 4113 1264 4172; x_wconf 89' lang='lat' dir='ltr'><strong>tantum</strong></span> <span class='ocrx_word' id='word_1_337' title='bbox 1284 4096 1330 4176; x_wconf 88' lang='lat' dir='ltr'><strong>de</strong></span> <span class='ocrx_word' id='word_1_338' title='bbox 1346 4096 1402 4172; x_wconf 84' lang='lat' dir='ltr'><strong>his</strong></span> <span class='ocrx_word' id='word_1_339' title='bbox 1419 4123 1482 4172; x_wconf 91' lang='lat' dir='ltr'><strong>eos</strong></span> <span class='ocrx_word' id='word_1_340' title='bbox 1498 4099 1691 4192; x_wconf 83' lang='lat' dir='ltr'><strong>instruere,</strong></span> <span class='ocrx_word' id='word_1_341' title='bbox 1710 4123 1789 4200; x_wconf 86' lang='lat' dir='ltr'><strong>quae</strong></span> <span class='ocrx_word' id='word_1_342' title='bbox 1803 4099 1849 4172; x_wconf 89' lang='lat' dir='ltr'><strong>ad</strong></span> 
     </span>
    </p>
   </div>
   <div class='ocr_carea' id='block_1_3' title="bbox 265 4207 572 4330">
    <p class='ocr_par' dir='ltr' id='par_1_3' title="bbox 265 4207 572 4330">
     <span class='ocr_line' id='line_1_31' title="bbox 265 4207 572 4330; baseline -0.007 -35"><span class='ocrx_word' id='word_1_343' title='bbox 265 4224 361 4330; x_wconf 86' lang='lat' dir='ltr'><strong>ipsos</strong></span> <span class='ocrx_word' id='word_1_344' title='bbox 378 4207 572 4320; x_wconf 85' lang='lat' dir='ltr'><strong>pertinent.</strong></span> 
     </span>
    </p>
   </div>
   <div class='ocr_carea' id='block_1_4' title="bbox 0 0 2283 6100">
    <p class='ocr_par' dir='ltr' id='par_1_4' title="bbox 0 0 2283 6100">
     <span class='ocr_line' id='line_1_32' title="bbox 0 0 2283 6100; baseline 0 0"><span class='ocrx_word' id='word_1_345' title='bbox 0 0 2283 6100; x_wconf 95' lang='lat' dir='ltr'><strong> </strong></span> 
     </span>
    </p>
   </div>
  </div>
 </body>
</html>
