4536 6102
434 643 491 712 DE
516 641 661 713 Ltuoa
685 641 835 713 SANCTl
861 641 1074 713 STEPHANl
1098 586 1467 712 PROTOMARTYlllS
1491 635 1651 714 SERMO.
1768 641 1836 713 565

263 803 337 852 non
355 779 507 850 defuisse
523 779 572 850 illi
588 780 785 874 lugentium
798 779 966 876 pietatem
982 779 1207 851 seminarum.
1226 781 1323 850 Sicut
1336 779 1433 850 idem
1449 781 1610 851 meminit
1624 779 1838 874 evangelista

263 897 405 967 dicens¹
425 924 433 966 ε
456 926 473 964 n
486 897 707 994 Sequebatur
720 911 840 968 autem
850 921 932 967 eum
942 896 1133 968 multitudo
1148 897 1272 996 populi
1281 913 1316 968 et
1325 898 1516 969 mulierum
1529 924 1608 994 quae
1623 896 1839 996 plangebant

263 1032 297 1089 et
314 1017 599 1089 lamentabantur
616 1042 711 1088 eum.
728 1046 744 1084 υ
760 1021 960 1088 Conversus
973 1033 1090 1089 autem
1107 1019 1152 1090 ad
1167 1017 1242 1089 illas
1254 1024 1353 1090 lesus
1363 1019 1470 1090 dixit:
1486 1048 1503 1086 n
1515 1019 1608 1089 Filiae
1620 1018 1835 1106 Jerusalem,
1953 1029 1956 1034 '

263 1137 374 1209 nolite
391 1139 475 1209 llere
491 1163 679 1264 supergne,
693 1152 785 1208 etc.»
800 1139 836 1208 Si
846 1163 931 1234 ergo
941 1138 1101 1209 infideles
1112 1137 1274 1228 seminas
1288 1153 1323 1210 et
1331 1140 1493 1236 ipsorum
1504 1155 1540 1211 et
1548 1141 1837 1238 persequentium

262 1280 389 1326 uxores
404 1257 574 1328 naturalis
591 1256 737 1327 allectus
753 1257 893 1354 pietatis
909 1259 971 1353 qui
987 1257 1139 1327 maxime
1153 1270 1271 1326 vestro
1288 1258 1384 1327 sexui
1407 1258 1499 1328 inest
1519 1257 1564 1328 ad
1582 1258 1840 1356 compassionis

262 1372 437 1470 lacrymas
453 1375 668 1463 commovit,
688 1373 776 1471 quid
791 1390 909 1448 vestro
926 1374 1085 1445 debeatis
1097 1373 1279 1469 Stephano
1296 1397 1371 1442 non
1388 1375 1570 1468 ignoratis.
1826 1449 1832 1470 ,

311 1499 427 1580 Quem
443 1496 550 1565 etiam
566 1508 648 1591 post
664 1509 818 1566 mortem
839 1511 929 1592 quot
955 1510 990 1566 et
1010 1494 1153 1590 quantis
1172 1491 1350 1562 miraculis
1371 1496 1546 1566 Dominus
1571 1497 1733 1569 extulerit
1748 1523 1837 1596 prae·

263 1615 366 1709 cipue
382 1611 548 1683 doctores
561 1611 723 1682 Ecclesiae
735 1611 781 1682 ad
797 1625 1025 1709 posterorum
1034 1611 1244 1681 memoriam
1255 1609 1414 1682 studiose
1429 1613 1620 1685 scribendo
1635 1619 1837 1688 transmise-

262 1743 358 1800 runt.
388 1730 490 1800 Unde
514 1730 606 1799 inter
630 1743 756 1800 caetera
782 1730 916 1800 meritis
942 1730 1016 1824 ejus
1041 1743 1243 1827 perpetrata
1264 1729 1458 1826 magnalia,
1479 1733 1652 1804 maximus
1679 1735 1840 1807 Ecclesiae

263 1847 390 1918 doctor
412 1847 627 1942 Augustinus
650 1846 742 1918 libro
759 1846 802 1917 de
822 1850 968 1918 Ciuitate
988 1851 1073 1918 Det*
1087 1847 1214 1918 ultimo
1228 1871 1287 1918 sex
1308 1864 1470 1921 mortuos
1489 1851 1526 1921 in
1544 1851 1658 1922 Africa
1680 1877 1839 1924 comme·

263 1984 381 2040 morat
396 1969 604 2082 suscitatos,
624 1968 723 2066 quod
739 1993 806 2038 nec
819 1969 936 2065 ipsum
953 1968 1020 2039 sibi
1036 1969 1232 2040 Dominum
1251 1994 1317 2040 nec
1335 1973 1478 2041 Petrum
1495 1970 1533 2041 id
1551 1970 1730 2042 miraculis
1751 1997 1839 2070 prae-

263 2091 387 2188 cipuo,
416 2114 482 2160 nec
509 2091 676 2187 cuiquam
698 2104 905 2160 sanctorum
924 2088 1074 2186 legimus
1099 2090 1327 2160 concessisse.
1352 2091 1451 2161 Prius
1478 2091 1624 2188 quidem
1648 2091 1841 2189 quemdam

263 2208 527 2306 presbyterum,
548 2207 678 2279 deinde
693 2233 860 2306 puerum,
876 2223 999 2306 postea
1020 2183 1215 2306 quamdam
1232 2209 1552 2298 sanctimonialem,
1565 2210 1695 2282 debinc
1715 2236 1841 2309 quam-

264 2330 348 2400 dam
371 2328 545 2426 puellam,
574 2344 698 2428 postea
720 2329 907 2425 juvenem,
936 2328 1067 2400 deinde
1095 2328 1289 2426 quemdam
1310 2330 1497 2402 inlantem.
1523 2330 1718 2402 Eucharius
1746 2332 1842 2402 enim

263 2447 447 2546 presbyter
462 2463 580 2520 vetere
592 2449 721 2520 morbo
738 2447 896 2520 calcibus
912 2447 1100 2520 laborabat
1113 2463 1148 2518 et
1165 2473 1229 2545 per
1246 2449 1458 2521 memoriam
1473 2449 1548 2545 ejus
1563 2449 1600 2519 in
1614 2449 1715 2520 terris
1726 2449 1842 2520 salvus

265 2569 377 2642 lactus
399 2585 463 2642 θεῖ.
478 2566 563 2667 ⁴lpse
579 2594 666 2660 vero
691 2584 815 2667 postea
831 2569 961 2640 morbo
979 2549 1048 2641 alio
1067 2568 1355 2666 praevalescente,
1375 2584 1537 2640 mortuus
1553 2584 1619 2658 θεῖ,
1637 2570 1700 2641 sed
1722 2571 1843 2642 tunica

265 2687 424 2782 ejusdem
457 2689 653 2787 presbyteri
679 2703 870 2787 postquam
904 2687 950 2760 ad
983 2688 1195 2760 memoriam
1224 2689 1337 2759 sancti
1365 2689 1530 2786 martyris
1560 2688 1677 2760 delata
1705 2704 1775 2778 est,
1808 2705 1843 2760 θῖ

265 2823 445 2904 reportata
471 2824 543 2898 est,
567 2823 602 2880 et
626 2833 733 2906 super
750 2808 901 2904 jacentis
928 2809 1061 2879 mortui
1084 2833 1216 2905 corpus
1240 2809 1375 2905 posita,
1402 2809 1536 2878 meritis
1556 2807 1653 2880 beati
1679 2809 1843 2904 martyris

264 2928 451 2998 suscitatus
468 2943 533 2999 est.
552 2931 605 2999 De
622 2953 735 3025 puero
753 2953 837 2999 vero
855 2928 1003 3024 legimus
1020 2930 1121 3024 quia,
1139 2953 1250 3025 quum
1268 2928 1305 2997 in
1320 2952 1402 2999 area
1417 2927 1568 3016 luderet,
1583 2911 1841 2999 exorbitantem

263 3042 375 3115 boves
400 3045 461 3141 qui
485 3044 689 3115 vehiculum
710 3044 900 3116 trahebant
921 3046 1009 3116 rotis
1036 3071 1119 3116 eum
1139 3046 1366 3133 attriverant,
1389 3060 1424 3116 et
1449 3045 1638 3116 confestim
1659 3045 1844 3142 palpitavit

264 3165 440 3260 expirans.
466 3169 570 3235 Hunc
590 3178 704 3235 mater
728 3180 910 3262 arreptum
937 3164 983 3236 ad
1004 3165 1167 3237 eamdem
1185 3165 1395 3236 memoriam
1416 3166 1548 3262 posuit,
1568 3179 1603 3236 et
1628 3189 1702 3234 non
1725 3164 1842 3236 solum

264 3286 389 3356 revixit
400 3286 580 3357 sedetiam
590 3285 716 3356 illaesus
727 3287 904 3383 apparuit.
917 3285 1202 3357 sanctimonialis
1213 3310 1300 3356 vero
1310 3309 1423 3381 quum
1431 3284 1638 3381 aegritudine
1647 3284 1838 3375 laboraret,

201 3396 205 3405 ¹
265 3404 310 3477 ad
325 3407 490 3477 eamdem
507 3407 718 3478 memoriam
735 3407 855 3477 tunica
873 3406 964 3479 illius
977 3407 1080 3478 allata
1097 3421 1163 3497 θεῖ,
1177 3406 1240 3477 sed
1257 3421 1450 3502 antequam
1468 3407 1589 3477 tunica
1603 3421 1844 3502 reportaretur

264 3523 323 3595 illa
340 3523 509 3596 defuncta
525 3539 589 3595 est.
608 3529 682 3596 Hac
703 3524 858 3622 denique
875 3525 997 3596 tunica
1013 3539 1232 3622 operuerunt
1247 3523 1400 3595 cadaver
1412 3523 1487 3619 ejus
1503 3539 1538 3595 et
1557 3539 1701 3621 recepto
1719 3525 1844 3621 spiritu

264 3641 398 3714 salvata
413 3659 477 3714 est.
1186 3659 1191 3670 '

313 3763 476 3850 Quadam
490 3779 609 3835 autem
623 3764 694 3853 die,
711 3789 823 3861 quum
835 3767 943 3834 Basus
955 3763 1103 3859 quidam
1114 3767 1222 3858 Syrus
1234 3762 1281 3833 ad
1291 3763 1503 3834 memoriam
1512 3762 1673 3859 ejusdem
1681 3764 1846 3860 martyris

264 3881 421 3981 profilia
447 3899 639 3978 agrotante
659 3898 801 3979 rogaret
821 3897 857 3954 et
876 3897 1012 3953 vestem
1032 3881 1158 3978 puellae
1183 3907 1228 3952 θο
1251 3881 1451 3970 detulisset,
1475 3907 1557 3953 ecce
1580 3883 1655 3955 duo
1676 3885 1778 3982 pueri
1800 3883 1846 3955 de

264 4003 378 4074 domo
390 4019 623 4075 occurrerunt
639 4005 700 4100 qui
711 4027 790 4098 eam
803 4017 983 4072 mortuam
1000 4002 1267 4072 nuntiaverunt.
1283 4001 1353 4071 Sed
1370 4001 1474 4072 amici
1491 4003 1553 4097 qui
1570 4019 1671 4075 erant
1685 4005 1721 4072 in
1734 4003 1845 4074 domo

265 4121 528 4220 prohibuerunt
544 4123 594 4194 illi
611 4124 742 4212 dicere,
762 4147 807 4194 ne
826 4147 890 4220 per
901 4122 1086 4220 publicum
1103 4103 1299 4219 plangeret.
1317 4121 1387 4207 Qui
1400 4147 1511 4218 quum
1526 4121 1676 4193 domum
1685 4122 1846 4195 rediisset

264 4243 378 4313 nimio
397 4241 523 4314 dolore
542 4257 757 4333 commotus,
778 4257 927 4312 mortuae
944 4239 1023 4311 filiae
1038 4255 1172 4311 vestem
1188 4265 1298 4338 quam
1315 4241 1490 4311 detulerat
1511 4241 1700 4338 superjecit
1716 4255 1752 4312 et
1767 4243 1847 4313 vitae

265 4359 405 4431 reddita
427 4375 491 4430 est.
518 4361 624 4432 Filius
648 4362 734 4432 item
757 4359 943 4456 cujusdam
960 4359 1135 4430 extinctus
1156 4374 1244 4431 erat.
1264 4359 1371 4455 Cujus
1397 4385 1529 4457 corpus
1553 4361 1656 4430 amici
1682 4361 1847 4456 martyris

265 4463 346 4550 oleo
363 4494 607 4576 perunxerunt
619 4495 654 4550 et
669 4479 789 4551 statim
801 4455 939 4550 revixit.
952 4480 1076 4549 Sextus
1092 4503 1179 4551 vero
1191 4480 1252 4577 qui
1269 4494 1429 4577 superest
1445 4477 1516 4550 hoc
1532 4479 1643 4551 modo
1660 4479 1847 4551 suscitatus

264 4612 330 4668 est.
356 4595 537 4688 Eleustus,
557 4599 612 4668 vir
628 4597 846 4685 tribunitius,
864 4595 1002 4667 habens
1020 4596 1236 4670 infantulum
1256 4600 1293 4669 in
1311 4597 1516 4669 infirmitate
1538 4613 1721 4670 mortuum
1741 4621 1848 4694 super

265 4718 477 4788 memoriam
501 4719 666 4814 martyris
690 4718 828 4814 posuit,
848 4730 882 4787 et
906 4731 989 4814 post
1017 4717 1168 4789 multam
1192 4719 1393 4789 orationem
1416 4742 1499 4788 cum
1520 4716 1685 4813 lacrymis
1712 4717 1845 4807 fusam,

263 4835 433 4930 juvenem
450 4836 591 4908 levavit.
610 4841 691 4906 Haec
703 4835 842 4925 omnia,
861 4850 901 4906 ut
918 4834 1083 4924 diximus,
1104 4837 1140 4907 in
1153 4837 1268 4909 Africa
1284 4852 1393 4933 gesta,
1407 4861 1486 4933 quae
1494 4823 1662 4906 ¹videlicet
1679 4835 1728 4905 ibi
1743 4834 1846 4944 habi·

232 4983 236 4994 ·
267 4953 378 5026 tando
401 4969 564 5044 noverat,
584 4954 710 5026 beatus
725 4967 986 5027 commemorat
1006 4955 1234 5050 Augustinus,
1258 4981 1300 5026 ex
1319 4954 1376 5026 bis
1393 4953 1526 5026 scilicet
1543 4954 1697 5025 innuens
1713 4977 1791 5051 quae
1811 4953 1849 5024 in

259 5202 269 5219 ⁵
300 5223 309 5251 ¹
327 5225 398 5286 Luc,
411 5240 465 5294 cap.
480 5243 554 5287 xxm,
565 5241 589 5277 r.
604 5229 679 5278 27.-
692 5225 772 5294 Ἔαρ.
783 5241 838 5288 vni,
856 5227 929 5292 opp,
939 5236 956 5276 t.
969 5223 1024 5288 tn,
1033 5226 1082 5278 col.
1094 5226 1153 5278 oet.
