4520 6104
479 653 552 730 206
917 653 1044 726 PE'l'Rl
1071 653 1303 728 sumntum
1326 655 1382 728 ET
1406 654 1631 728 flntotssAE

482 812 580 869 tuam
595 795 903 887 benedictionem,
922 795 1094 893 quoniam
1112 795 1200 893 quid
1218 796 1315 870 dicas
1338 796 1474 869 nescit?
1490 800 1580 868 Nam
1598 810 1635 866 tu
1657 793 1804 891 quidem
1827 793 1921 867 bene
1938 797 2060 893 gratias

482 920 554 1017 agis
568 947 577 988 ι
593 918 656 989 sed
669 917 757 989 alter
768 941 843 990 non
855 917 1061 990 edificatur.
1076 919 1214 991 Gratias
1222 943 1289 1016 ago
1303 922 1398 1011 Deo,
1410 919 1582 1016 quoniam
1596 918 1759 988 omnium
1773 931 1929 988 vestrum
1945 916 2060 1014 lingua

480 1038 621 1136 loquor.
635 1037 705 1110 Sed
716 1039 754 1109 in
765 1036 915 1110 ecclesia
927 1037 1010 1111 volo
1022 1039 1182 1136 quinque
1195 1038 1304 1110 verba
1317 1063 1422 1110 sensu
1436 1063 1517 1110 meo
1528 1037 1651 1135 loqui,
1667 1053 1753 1109 utet
1766 1036 1854 1108 alios
1869 1040 2058 1126 instruam,

481 1183 590 1255 quam
612 1157 738 1230 decem
758 1158 868 1231 millia
889 1158 1109 1230 verborum¹.
1125 1164 1278 1250 Fratres,
1292 1159 1403 1231 nolite
1423 1158 1513 1231 effici
1535 1159 1652 1256 parvi¹
1665 1157 1840 1250 sensibus,
1854 1158 1918 1230 sed
1931 1156 2060 1230 malitia

479 1278 618 1377 parvuli
641 1293 774 1370 estote,
801 1278 962 1350 sensibus
979 1294 1099 1351 autem
1117 1279 1275 1378 perlecti.
1294 1307 1311 1346 ιι
1330 1280 1458 1377 Loqui‘
1470 1279 1589 1375 lingua
1609 1277 1738 1350 dicitur
1759 1279 1822 1374 qui
1843 1303 1905 1349 ore
1926 1293 2060 1349 tantum

480 1397 589 1469 rerba
606 1398 754 1487 format,
776 1423 851 1469 uon
871 1397 1099 1495 intelligentia
1116 1398 1331 1496 exponendo
1350 1399 1536 1469 ministrat.
1558 1395 1751 1495 Prophetat
1765 1421 1850 1468 vero
1867 1396 1940 1468 sive
1957 1399 2064 1470 inter-

480 1533 638 1617 pretatur
656 1521 717 1616 qui
735 1543 836 1590 more
857 1519 1132 1618 prophetarum,
1159 1521 1221 1615 qui
1243 1517 1394 1590 videntes
1411 1519 1597 1608 dicuntur,
1618 1516 1657 1588 id
1678 1533 1730 1588 est
1748 1516 1998 1614 intelligentes,
2023 1542 2063 1590 ea

383 1671 390 1682 ·
480 1661 559 1734 quae
577 1637 664 1709 dicit
675 1638 855 1736 intelligit,
875 1653 914 1710 ut
929 1639 1007 1736 ipsa
1020 1663 1199 1736 exponere
1212 1640 1336 1736 possit.
1353 1641 1440 1709 Orat
1454 1638 1512 1710 ille
1525 1637 1650 1736 spiritu
1662 1638 1737 1709 sive
1752 1637 1888 1735 psallit,
1899 1639 1972 1734 ,qui
1988 1636 2064 1710 solo

481 1757 690 1854 prolationis
699 1759 784 1832 flatu
796 1757 906 1832 verba
923 1758 1069 1848 format,
1088 1783 1163 1829 non
1179 1760 1307 1830 mentis
1318 1757 1583 1855 intelligentiam
1598 1759 1858 1830 accommodat.
1875 1761 1966 1829 Cum
1980 1781 2065 1830 vero

482 1877 626 1975 spiritus
638 1892 760 1950 noster
770 1893 869 1968 orat,
882 1877 921 1949 id
931 1892 984 1949 est
998 1892 1127 1948 nostrae
1137 1864 1348 1974 prolationis
1361 1878 1464 1950 ssatus
1475 1877 1705 1950 solummodo
1717 1875 1826 1948 verba
1838 1876 1986 1965 format,
2001 1901 2066 1949 nec

482 1997 583 2094 quod
596 2021 659 2068 ore
675 1999 854 2095 profertur
869 1996 979 2068 corde
997 1997 1217 2095 concipitur,
1234 2021 1335 2067 mens
1354 2012 1475 2068 nostra
1488 1997 1567 2068 siue
1578 1997 1693 2068 fructu
1713 2011 1784 2085 est,
1805 2020 1915 2093 quem
1928 1997 1966 2066 in
1989 2021 2067 2069 ora·

482 2117 579 2188 tione
597 2114 760 2188 videlicet
777 2115 910 2187 habere
927 2113 1057 2204 debet,
1086 2128 1125 2185 ut
1148 2115 1222 2211 ipsa
1242 2114 1375 2186 scilicet
1390 2139 1434 2184 ex
1450 2114 1680 2210 intelligentia
1696 2113 1887 2186 verborum
1899 2115 1937 2186 iu
1951 2118 2068 2188 Deum

481 2251 741 2333 compungatur
756 2248 862 2331 atque
881 2233 1107 2305 accendatur.
1130 2231 1234 2304 Unde
1246 2233 1341 2303 hanc
1359 2232 1397 2303 iu
1413 2232 1530 2304 verbis
1545 2232 1803 2332 perfectionem
1815 2259 1882 2305 nos
1896 2235 2068 2308 admonet

480 2353 689 2446 habere,'ut
708 2378 783 2424 non
803 2375 904 2422 more
920 2350 1158 2450 plurimorum
1171 2350 1280 2423 verba
1300 2365 1439 2424 tantum
1452 2352 1605 2424 sciamus
1617 2352 1796 2451 proferre,
1816 2377 1942 2425 verum
1962 2355 2070 2426 ctiam

480 2475 717 2572 intelligentias
734 2497 878 2545 sensum
891 2473 928 2542 iu
942 2473 985 2543 iis
1001 2471 1153 2563 habere,
1176 2487 1282 2570 atque
1299 2471 1401 2544 aliter
1417 2497 1484 2544 nos
1497 2497 1601 2545 orare
1619 2473 1674 2545 rel
1685 2473 1834 2571 psallere
1852 2474 2072 2548 influctuose

482 2609 706 2692 protestatur.
724 2599 841 2682 Quem
860 2607 894 2664 et
914 2590 1040 2664 beatus
1060 2617 1212 2690 sequens
1230 2591 1442 2664 Benedictus
1454 2594 1485 2662 ¹:
1509 2622 1528 2660 ιι
1546 2593 1604 2664 Sic
1621 2607 1767 2682 stemus,
1790 2622 1808 2660 ιι
1832 2593 1961 2691 inquit,
1988 2624 2006 2664 ιι
2024 2594 2072 2666 ad

483 2716 729 2815 psallendum,
752 2732 792 2788 ut
814 2739 915 2788 mens
933 2729 1055 2787 nostra
1071 2713 1268 2786 concordet
1287 2714 1367 2786 voci
1386 2729 1528 2786 uostrae.
1549 2741 1566 2780 ιι
1591 2719 1668 2786 Hoc
1684 2730 1720 2786 et
1738 2713 1919 2786 Psalmista
1938 2717 2075 2813 praeci-

482 2839 597 2934 piens,
610 2837 696 2909 ait‘:
716 2865 735 2904 ιι
746 2835 885 2908 Psallite
897 2837 1086 2934 sapienter,
1100 2863 1118 2904 ιι
1136 2850 1174 2908 ιιι
1185 2833 1349 2908 videlicet
1358 2833 1552 2908 verborum
1565 2834 1757 2935 prolationi
1770 2859 1876 2935 sapor
1890 2851 1926 2907 et
1938 2837 2075 2908 condi-

482 2974 644 3032 mentum
661 2957 899 3056 intelligentioe
912 2982 987 3030 non
999 2957 1109 3047 desit,
1129 2972 1258 3030 etcum
1276 2960 1354 3056 ipso
1367 2959 1537 3030 veraciter
1548 2959 1706 3030 Domino
1716 2957 1835 3031 dicere
1846 2956 2071 3029 valcamus⁸:

482 3107 501 3146 ιι
515 3083 632 3166 Quam
652 3077 772 3150 dulcia
786 3076 946 3150 faucibus
966 3077 1054 3149 meis
1072 3076 1216 3174 eloquia
1233 3076 1312 3150 tua!
1332 3105 1350 3145 ιι
1369 3083 1413 3150 Ει
1431 3078 1554 3150 alibi':
1578 3107 1597 3146 ιι
1608 3083 1688 3149 Νοιι
1705 3079 1742 3148 iu
1764 3077 1858 3149 tibiis
1876 3078 1942 3148 viri
1959 3076 2077 3150 bene-

480 3197 651 3298 placitum
667 3199 734 3269 erit
757 3199 802 3268 ei.
815 3225 834 3266 ιι
851 3197 949 3269 Tibia
960 3198 1094 3295 quippe
1108 3198 1266 3268 sonitum
1284 3199 1412 3271 emittit
1430 3197 1474 3270 ad
1487 3198 1760 3271 delectationem
1772 3197 1981 3295 voluptatis,
1997 3222 2078 3271 non

481 3319 528 3392 ad
541 3317 809 3414 intelligentiam
828 3317 969 3388 mentis.
988 3316 1092 3388 Unde
1104 3316 1197 3388 bene
1211 3317 1248 3388 in
1267 3317 1361 3388 tibiis
1377 3333 1537 3409 cantare,
1553 3343 1620 3390 nee
1634 3319 1669 3388 in
1682 3317 1754 3390 hoc
1766 3322 1844 3389 Deo
1863 3317 2005 3416 plaeere
2020 3319 2081 3390 di·

482 3453 625 3528 cuntur,
638 3439 704 3536 qui
713 3437 868 3511 melodia
879 3437 1067 3508 sulcantus
1075 3437 1126 3508 sic
1137 3435 1372 3528 oblectantur,
1383 3453 1422 3510 ut
1431 3437 1530 3509 nulla
1541 3437 1626 3508 hinc
1646 3436 1866 3510 aedificentur
1879 3437 2084 3535 intelligen-

481 3561 542 3634 tia.
558 3563 637 3647 Qua
651 3559 757 3630 etiam
769 3559 926 3649 ratione,
950 3559 1067 3655 iuquit
1084 3556 1294 3656 Apostolus,
1315 3585 1429 3657 quum
1451 3558 1718 3632 benedictiones
1739 3559 1774 3630 in
1794 3557 1940 3630 ecclesia
1957 3558 2081 3650 liunt,

482 3677 758 3778 respondebitur
777 3703 901 3767 amen,
916 3679 946 3750 si
959 3677 1060 3776 quod
1073 3692 1196 3750 oratur
1207 3679 1244 3750 in
1262 3678 1321 3750 illa
1337 3678 1589 3752 benedictione
1603 3703 1678 3751 non
1696 3679 1929 3778 intelligatur,
1950 3695 2087 3754 utrum

483 3797 649 3872 videlicet
665 3798 804 3871 bonum
818 3798 974 3896 sit·quod
992 3799 1107 3870 oratio
1124 3797 1296 3898 postulat,
1317 3815 1483 3872 autnon.
1501 3801 1557 3871 Sic
1576 3800 1673 3872 enim
1689 3825 1781 3899 saepe
1799 3799 1931 3872 multos
1942 3799 2089 3876 idiotas

483 3934 518 3992 et
537 3918 733 3991 litterarum
753 3945 898 3992 sensum
918 3921 1122 4017 ignorantes
1140 3919 1303 3995 videmus
1324 3923 1361 3993 in
1381 3921 1528 3994 ecclesia
1546 3947 1612 4019 per
1627 3945 1786 3994 errorem
1807 3920 1985 3993 nonnulla
2010 3921 2089 3996 sibi

482 4039 609 4112 nociva
621 4037 746 4137 [magis
753 4039 782 4139 l]
794 4065 902 4137 quam
914 4039 1012 4111 utilia
1025 4043 1181 4139 precari,
1197 4041 1306 4113 veluti
1322 4067 1434 4139 quum
1447 4042 1598 4114 dicitur:
1618 4071 1637 4110 ιι
1649 4047 1694 4114 Ut
1707 4043 1758 4114 sic
1772 4057 1997 4114 transeamus
2013 4069 2095 4143 per

482 4155 579 4228 bona
592 4159 819 4256 temporalia,
832 4173 870 4230 ut
884 4183 958 4230 non
970 4159 1175 4232 amittamus
1188 4175 1337 4252 aetema;
1354 4189 1372 4228 ιι
1388 4159 1489 4233 facile
1505 4163 1583 4259 ipsa
1598 4161 1793 4233 consimilis
1804 4161 1904 4234 vocis
1921 4161 2095 4238 affinitas

483 4278 678 4349 nonnullos
692 4279 741 4350 sic
757 4278 901 4378 decipit,
921 4295 960 4351 ut
975 4279 1031 4352 vel
1050 4282 1100 4350 sic
1116 4280 1256 4353 dicant:
1274 4309 1292 4348 ιι
1303 4285 1350 4352 Ut
1366 4306 1434 4354 nos
1447 4282 1651 4355 amittamus
1662 4297 1804 4373 aetema,
1819 4311 1837 4350 ιι
1853 4282 1909 4355 vel
1927 4284 1977 4355 ita
1990 4309 2097 4383 pro·

483 4399 614 4470 ferant:
626 4427 645 4467 ιι
654 4403 701 4470 Ut
712 4423 787 4471 non
797 4399 1026 4473 admittamus
1038 4415 1206 4473 aeterna.»
1218 4401 1284 4473 Cui
1294 4403 1400 4474 etiarn
1414 4402 1573 4501 periculo
1588 4403 1778 4502 Apostolus
1789 4402 1987 4503 providens
2000 4406 2065 4479 ait
2085 4435 2096 4478 t

485 4547 503 4586 ιι
513 4523 687 4592 Caeterum
698 4521 727 4590 si
738 4519 962 4593 benedixeris
974 4521 1113 4620 spiritu,
1126 4549 1144 4590 ιι
1160 4522 1198 4593 id
1210 4537 1262 4594 est
1271 4523 1480 4622 prolationis
1489 4538 1627 4596 tantum
1641 4525 1727 4596 flatu
1740 4523 2103 4600 verbabenedictio·

482 4638 537 4710 nis
547 4640 765 4733 formaveris,
782 4667 858 4714 non
874 4667 981 4714 sensu
991 4657 1146 4714 mentem
1158 4641 1332 4715 audientis
1342 4645 1561 4735 instruxeris,
1577 4674 1594 4713 ιι
1606 4645 1686 4743 quis
1696 4644 1838 4744 supplet
1851 4643 1975 4718 locum
1984 4645 2105 4722 idio—

482 4759 550 4830 tae?
561 4787 579 4827 ιι
595 4760 636 4832 ld
654 4774 725 4852 est,
742 4763 822 4860 quis
837 4761 884 4834 de
895 4761 1156 4854 assistentibus,
1169 4789 1325 4861 quorum
1338 4781 1392 4839 est
1402 4766 1638 4865 respondere,
1657 4764 1695 4838 id
1708 4779 1788 4863 aget
1796 4764 2078 4865 respondendo
2092 4827 2104 4862 ,

482 4879 583 4976 quod
591 4879 702 4954 idiota
719 4906 794 4955 non
808 4881 918 4974 valet,
933 4883 1006 4956 imo
1016 4907 1084 4956 nec
1094 4883 1226 4958 debet?
1245 4887 1468 4974 «Quomodo
1490 4886 1587 4960 dicet
1603 4888 1734 4960 amen?
1747 4915 1764 4957 ιι
1780 4911 1894 4986 quum
1911 4886 2111 4966 videlicet

519 5195 940 5264 ‘Vutssstsoramdaeemutta
956 5203 1263 5267 mmmmmccc-
1296 5201 1406 5256 ‘Palm
1429 5221 1498 5266 mn,
1524 5221 1549 5257 ι.
1574 5208 1645 5256 8.-
1668 5206 1678 5234 “
1698 5205 1788 5258 Psalm·
1809 5219 1896 5267 ntur,
1916 5218 1940 5255 ι.
1967 5207 2040 5260 108.
2070 5237 2119 5257 -

482 5279 718 5349 'Vulgatsl'uen'
737 5301 784 5353 pro
803 5285 1063 5354 gomanum,
1083 5303 1139 5355 cap.
1163 5304 1215 5341 arx.
1232 5315 1262 5327 -
1297 5288 1409 5342 ‘enm
1421 5305 1547 5352 exerta.
1563 5293 1601 5342 1⁰.
