4606 6106
300 815 881 1024 HELOISSAE
955 845 1839 1025 PARACLITENSIS

903 1211 1236 1324 incusantur

355 1543 486 1648 cult
508 1543 662 1648 utu.
684 1542 881 1648 PETRI
908 1545 1258 1650 lBAELluul
1284 1543 1781 1650 SOLUTIONIBUS.

975 1915 1159 1932 m

316 2181 459 2244 Consiliis
480 2181 629 2244 Ahaelardi
654 2195 819 2266 paruerunt
837 2181 1226 2264 paraclitenses2Virgines,
1241 2188 1272 2242 et
1285 2177 1387 2242 studio
1408 2185 1503 2242 sacrae
1523 2179 1684 2262 scripturae
1696 2180 1862 2246 adhibuere

275 2271 423 2346 animum.
444 2285 544 2359 Quum
568 2303 642 2346 varo
663 2285 809 2347 nonnulla
830 2284 1003 2367 legentibus
1026 2291 1242 2360 occurrerent,
1264 2301 1331 2366 quae
1355 2281 1403 2343 vel
1425 2280 1572 2360 obscura,
1598 2281 1645 2344 vel
1672 2301 1775 2346 secum
1802 2305 1860 2366 pu·

275 2387 400 2465 guantia
412 2386 601 2461 viderentur,
611 2385 746 2450 decrevit
760 2387 898 2450 lieloissa
908 2405 955 2463 ca,
969 2385 1007 2449 de
1021 2385 1133 2469 quibus
1145 2393 1176 2447 et
1188 2385 1256 2468 ipso
1269 2392 1300 2447 ct
1313 2384 1444 2447 comites
1456 2382 1646 2460 dubitarent,
1661 2386 1785 2466 conjugi
1806 2405 1861 2450 suo

275 2487 457 2570 explicanda
478 2507 661 2571 proponere.
679 2492 714 2550 ln
733 2489 793 2552 hoc
812 2489 907 2570 igitur
928 2487 1077 2571 opusculo
1098 2486 1231 2551 institnit
1251 2489 1437 2569 questiones
1456 2485 1657 2569 quadraginta
1674 2487 1713 2550 de
1734 2488 1861 2551 totidem

275 2609 430 2654 sacrorum
445 2590 589 2654 codicum
603 2591 681 2654 locis
693 2597 724 2654 et
738 2591 777 2654 de
791 2590 973 2674 quibusdam
987 2591 1177 2672 argumentis
1197 2608 1265 2672 que
1287 2596 1362 2650 tunc
1380 2589 1500 2651 animos
1513 2587 1749 2652 commovebant
1765 2591 1861 2654 vabe-

275 2700 403 2770 menter,
418 2701 532 2754 nostra
545 2711 618 2756 uero
631 2692 729 2756 aetatis
742 2693 883 2756 homines
893 2711 1087 2774 nequaquam
1097 2691 1273 2754 sollicitant.
1288 2690 1496 2764 Quaestionum
1510 2690 1657 2754 licloissoe
1669 2700 1700 2754 et
1712 2691 1862 2755 Abaelardi

275 2792 462 2857 solutionum
477 2795 584 2858 cadem
598 2794 661 2858 lere
679 2796 756 2858 ratio
772 2806 838 2858 est:
856 2795 1049 2880 simplicitate
1067 2795 1149 2858 enim
1164 2794 1296 2876 ingenua
1307 2777 1420 2876 pariter
1435 2793 1701 2867 commendantur,
1716 2793 1768 2856 sed
1779 2795 1862 2858 leves

275 2905 346 2957 sunt
359 2896 553 2979 plerumque,
569 2898 610 2960 ita
625 2907 658 2959 ut
671 2898 783 2978 legenti
798 2917 906 2983 parurn
921 2897 1056 2960 utilitatis
1069 2905 1122 2959 aut
1135 2894 1348 2958 oblectationis
1361 2893 1497 2957 afferant.

315 3001 413 3080 Supra
426 2999 562 3062 diximus
575 3001 677 3064 inesse
690 3003 886 3064 Problemata
899 3001 932 3061 in
946 2999 1059 3063 Codice
1071 2998 1227 3061 Victorino
1247 3009 1280 3058 n⁰
1293 3001 1371 3072 397;
1386 2996 1477 3078 hujus
1490 2995 1528 3059 ad
1545 2995 1635 3059 iidem
1650 2999 1860 3062 recensuimus

276 3109 391 3162 textum
407 3100 470 3182 jam
488 3101 520 3163 in
534 3101 634 3164 lucem
649 3101 780 3180 editum,
795 3103 828 3166 in
842 3121 903 3185 quo
917 3119 1015 3184 pauca
1028 3099 1175 3164 mutanda
1187 3099 1370 3162 invenimus.

988 3443 1147 3456 ...uun—n—

457 3752 701 3832 epistolis
727 3749 987 3830 fluuolssAE
1014 3751 1080 3830 tlt
1106 3749 1308 3830 Puuuuu
1336 3742 1677 3829 tuAEutuuuu.

323 4021 449 4087 Beatum
467 4017 706 4111 Hieronymus
729 4027 858 4085 sanctae
879 4011 1052 4084 Marcellae
1071 4009 1228 4086 studium
1254 4036 1327 4109 quo
1346 4026 1420 4084 tota
1441 4009 1618 4098 fervebat,
1643 4011 1735 4081 circa
1762 4035 1857 4108 quae·

275 4135 406 4205 stiones
423 4157 603 4206 sacrarum
619 4132 816 4205 litterarum
840 4131 993 4202 maxime
1009 4129 1286 4222 commendans,
1306 4154 1348 4202 ac
1373 4127 1603 4201 vehementer
1628 4127 1855 4227 approbans,

277 4255 415 4350 quantis
433 4276 513 4325 eam
539 4277 646 4352 super
663 4252 734 4324 hoc
757 4251 943 4351 preconiis
971 4249 1117 4323 laudum
1142 4249 1324 4340 extulerit,
1352 4264 1469 4321 vestra
1495 4245 1621 4319 melius
1646 4247 1856 4346 prudentia,

276 4399 384 4470 quam
409 4399 488 4447 mea
507 4372 712 4472 simplicitas
734 4373 846 4444 novit.
875 4374 929 4444 Dc
946 4395 1036 4468 qua,
1054 4394 1167 4468 quum
1180 4370 1216 4440 in
1232 4367 1418 4468 epistolam
1436 4366 1533 4440 Pauli
1548 4365 1595 4438 ad
1607 4364 1748 4438 Galatas
1762 4393 1860 4440 com·

276 4494 469 4566 menterios
493 4492 680 4583 scriberet,
701 4494 749 4563 ita
767 4493 803 4563 in
824 4493 943 4591 primo
966 4490 1128 4562 meminit
1146 4489 1259 4563 libro¹
1275 4520 1284 4561 ε
1300 4519 1318 4558 n
1333 4489 1414 4560 Scio
1427 4485 1572 4586 quidem
1587 4483 1753 4557 ardorem
1768 4485 1856 4581 ejus,

276 4614 348 4685 scio
366 4611 499 4704 fidem,
519 4637 628 4711 quam
646 4611 826 4683 flammam
850 4609 981 4682 habeat
1003 4609 1040 4680 in
1065 4623 1228 4708 pectore,
1249 4633 1417 4710 superare
1438 4630 1582 4696 sexum,
1604 4601 1765 4676 oblivisci
1791 4604 1859 4677 ho·

277 4735 390 4804 mines
403 4748 439 4806 ct
452 4732 657 4805 divinornm
674 4731 899 4802 voluminum
916 4745 1088 4828 tympano
1107 4753 1336 4828 concrepare,
1353 4726 1512 4799 Rubrum
1521 4724 1616 4797 hoc’
1632 4722 1749 4796 saeculi
1764 4725 1859 4824 pela-

276 4878 341 4951 gus
365 4851 601 4925 transfretare.
619 4855 722 4934 Certe
735 4875 848 4948 quum
862 4851 982 4921 Romae
996 4873 1131 4940 essem,
1153 4871 1338 4945 nunquam
1362 4862 1436 4919 tam
1458 4846 1581 4918 festina
1604 4867 1662 4916 me
1686 4843 1794 4932 vidit,
1820 4862 1857 4918 ut

276 4973 323 5047 de
354 4974 542 5074 Scripturis
569 4971 702 5070 aliquid
721 4971 965 5066 interrogaret.
986 4971 1109 5066 Neque
1138 4991 1244 5060 vero,
1277 4992 1378 5040 more
1406 4964 1660 5066 pythagorico,
1682 4963 1857 5062 quidquid

311 5265 318 5290 ⁴
337 5262 443 5325 unus..
461 5264 521 5327 ορρ.
535 5259 608 5324 cru,
622 5278 649 5328 p.
667 5265 690 5326 r,
702 5261 752 5312 σοι.
762 5261 806 5310 rar
820 5260 912 5311 erari.
922 5285 954 5297 -
969 5257 979 5285 ¹
992 5258 1070 5321 uaso
1081 5255 1143 5308 eoo.
1158 5253 1220 5308 vici.
1237 5257 1296 5306 aar.
