4606 6106
611 625 701 698 cun
726 627 854 701 rura}
880 627 1115 701 annulum
1141 629 1468 705 sonurrouraus.
1775 605 1847 708 aas

261 766 347 864 legis
359 765 395 838 id
407 790 552 864 quoque
565 766 602 837 in
615 770 903 841 remuneratione
919 770 1113 860 constituit,
1128 787 1167 842 ut
1177 772 1311 844 steriles
1325 774 1422 872 ap‘ud
1437 798 1498 845 eos
1511 797 1585 844 non
1601 790 1845 872 permaneant,

260 888 385 959 tamin
403 885 628 978 hominibus,
640 913 748 984 quam
764 889 801 960 in
816 889 998 986 jumentis.
1012 890 1068 960 Sic
1082 892 1215 991 quippe
1230 893 1401 990 scriptum
1415 908 1467 965 est
1480 894 1516 964 iu
1529 897 1822 965 Deuteronomio¹
1837 923 1847 964 :

263 1035 280 1074 ιι
300 1007 336 1078 Si
348 1021 538 1105 postquam
552 1005 707 1079 audieris
719 1008 795 1080 haec
805 1009 958 1104 judicia,
980 1009 1191 1082 custodieris
1205 1035 1263 1100 ea,
1283 1011 1459 1084 custodiet
1469 1028 1504 1085 te
1517 1014 1713 1102 Dominus,
1729 1013 1846 1111 diliget

260 1143 295 1199 et
309 1126 577 1226 multiplicabit,
598 1125 858 1226 benedicetque
876 1128 1006 1200 fructui
1022 1131 1155 1202 ventris
1173 1131 1242 1222 tui,
1264 1147 1298 1203 et
1315 1147 1415 1204 tenae
1434 1147 1501 1204 tuae
1524 1134 1713 1219 armentis,
1739 1137 1849 1231 gregi-

260 1249 327 1321 bus
357 1251 492 1321 ovium.
524 1249 735 1322 Benedictus
759 1251 827 1322 eris
861 1251 953 1322 inter·
984 1275 1110 1323 omnes
1135 1254 1302 1352 populos.
1335 1259 1415 1325 Non
1449 1255 1515 1327 erit
1544 1256 1640 1354 apud
1666 1269 1700 1327 te
1724 1255 1850 1327 sterilis

260 1371 445 1466 utriusque
473 1395 594 1459 sexus,
623 1386 695 1442 tam
728 1373 765 1442 in
784 1371 991 1444 hominibus
1013 1397 1122 1469 quam
1149 1374 1187 1444 in
1209 1374 1373 1472 gregibus
1400 1376 1517 1446 tuis.»
1547 1375 1651 1448 Unde
1672 1391 1706 1448 et
1732 1376 1850 1448 nullos

261 1502 467 1561 sanctorum
487 1493 630 1561 Patrum
643 1488 792 1587 legimus
809 1492 945 1562 semine
963 1491 1139 1590 privatoS,
1160 1494 1323 1590 quamvis
1345 1494 1479 1565 steriles
1502 1492 1675 1566 haberent
1698 1520 1846 1586 uxorcS,

261 1632 349 1705 quas
367 1632 441 1680 non
465 1608 511 1679 ad
531 1608 752 1707 voluptatem
774 1611 1070 1708 concupiscentiae
1090 1613 1240 1685 carnalis
1257 1614 1509 1703 exercendam,
1530 1613 1592 1685 sed
1610 1613 1657 1690 ad
1673 1616 1849 1714 populum

261 1727 328 1800 Dei
344 1727 619 1826 propagandum
638 1728 839 1802 ducebant:
857 1745 897 1800 ut
910 1754 985 1800 non
1000 1745 1073 1801 tam
1085 1731 1151 1802 sibi
1166 1757 1274 1830 quam
1285 1737 1362 1804 Deo
1376 1731 1467 1806 filios
1480 1749 1720 1832 procrearent.
1736 1735 1850 1822 Quale

262 1861 298 1918 et
310 1845 398 1917 illud
413 1861 465 1918 est
482 1847 639 1919 Tobiae’:
660 1877 677 1915 u
694 1851 738 1918 Et
750 1872 867 1938 nunc,
884 1850 1058 1940 Domine,
1076 1852 1214 1943 tuscis,
1230 1853 1314 1948 quia
1335 1877 1409 1922 uon
1429 1852 1575 1923 luxuriae
1595 1877 1699 1924 causa
1713 1855 1849 1952 accipio

261 1989 422 2037 sororem
443 1991 582 2056 meam3
605 1967 669 2038 scd
683 1966 758 2039 sola
775 1968 990 2064 posteritatis
1002 1993 1128 2058 causa,
1150 1972 1186 2041 io
1206 1995 1276 2068 qua
1294 1970 1526 2042 benedicetur
1540 1997 1672 2043 nomen
1692 1987 1794 2043 tuum
1812 1972 1848 2044 in

262 2084 388 2156 saecula
404 2085 626 2157 saeculorum.
646 2115 663 2153 u
686 2091 760 2158 Hac
777 2086 974 2158 intentione
999 2087 1177 2160 Abraham
1197 2089 1426 2160 matrimonio
1446 2090 1648 2188 copulatus,
1675 2089 1721 2162 de
1740 2116 1850 2163 uxore

262 2204 369 2275 sterili
386 2204 526 2302 prolem
550 2207 729 2303 suscipere
749 2206 907 2277 meruit³.
931 2205 995 2276 ¹Sic
1019 2231 1166 2304 quoque
1192 2210 1318 2298 lsaac⁸,
1350 2211 1479 2278 Manae
1504 2207 1605 2305 pater
1634 2211 1848 2300 Samsonis⁵,

262 2324 394 2396 Elcana
418 2324 464 2397 de
487 2329 588 2396 Anna
607 2326 637 2418 ⁰,
670 2325 854 2397 Zacharias
877 2325 922 2397 de
947 2325 1153 2406 Elizabeth⁷
1181 2342 1338 2426 optatam
1360 2326 1480 2424 adepti
1506 2342 1589 2399 sunt
1610 2329 1774 2426 prolem,
1806 2355 1852 2402 nc

262 2440 492 2517 maledictum
510 2445 595 2543 legis
614 2446 668 2518 vel
688 2445 924 2546 opprobrium
941 2445 1164 2517 incurrerent
1183 2446 1413 2518 matrimonii.
1436 2447 1544 2533 Quod
1566 2447 1651 2520 inde
1670 2451 1852 2520 matrimo-

261 2567 362 2638 nium
374 2573 434 2652 ¹est
456 2567 610 2660 dictum,
637 2569 738 2666 quod
760 2568 807 2639 ad
831 2583 982 2640 matrem
1002 2567 1151 2640 familias
1177 2568 1375 2640 faciendam
1405 2568 1448 2638 sit
1472 2569 1618 2674 initum.¹
1638 2573 1715 2640 Hoc
1746 2570 1852 2642 male·

263 2685 395 2758 dicium
418 2687 504 2785 legis
527 2690 648 2786 Jepte⁸
666 2687 737 2761 filia
756 2688 1007 2779 considerans,
1035 2689 1275 2787 virginitatem
1301 2713 1403 2760 suam
1426 2686 1602 2777 deflebat3
1625 2689 1725 2784 quod
1752 2690 1851 2786 virgo

264 2807 452 2899 moritura,
484 2833 605 2880 semen
629 2808 667 2880 in
693 2808 799 2881 lsrael
830 2833 904 2880 non
930 2825 1022 2881 esset
1052 2808 1229 2881 relictura.
1254 2807 1306 2880 Ab
1332 2808 1404 2880 hoc
1427 2805 1624 2906 opprobrio
1647 2831 1685 2879 se
1711 2807 1850 2879 liberari

263 2925 444 3000 Elizabeth
466 2929 666 3021 exultabat,
694 2929 856 3001 dicens⁰t
879 2932 1002 3018 «Quia
1019 2931 1070 3001 sic
1090 2929 1171 3002 fecit
1184 2928 1272 3000 mihi
1290 2929 1484 3019 Dominus,
1502 2929 1538 2998 in
1558 2927 1701 3018 diebus,
1722 2928 1851 3026 quibus

265 3048 416 3146 respexit
441 3049 578 3122 auferre
606 3050 841 3149 opprobrium
873 3076 993 3123 meum
1024 3050 1116 3122 inter
1142 3050 1321 3121 homines.
1342 3077 1359 3116 u
1386 3054 1468 3119 Haec
1492 3049 1613 3118 omnia
1640 3072 1747 3146 supra
1777 3074 1851 3120 me·

263 3182 422 3239 moratus
451 3167 580 3268 ductor
608 3169 794 3268 diligenter
821 3171 1032 3261 attendens,
1071 3170 1172 3241 illum
1201 3169 1476 3266 conjugatorum
1501 3165 1757 3257 concubitum,
1789 3170 1851 3265 qui

264 3285 303 3358 lit
321 3302 469 3386 propter
488 3288 579 3362 filios
603 3315 677 3362 non
704 3306 776 3362 tam
794 3289 1017 3388 generandos
1034 3314 1143 3388 quam
1168 3290 1204 3361 in
1225 3289 1366 3361 Christo
1380 3287 1665 3384 regenerandos,
1684 3288 1733 3360 ita
1750 3313 1850 3359 com-

263 3404 429 3497 mendat,
450 3422 489 3479 ut
515 3409 615 3481 illum
641 3411 752 3507 magis
777 3433 798 3482 a
824 3424 971 3508 peccato
990 3411 1190 3481 immunem
1213 3408 1325 3500 dicat,
1352 3433 1461 3505 quam
1486 3432 1570 3478 eum
1596 3409 1658 3504 qui
1685 3405 1725 3478 fit
1747 3431 1853 3480 causa

263 3527 416 3598 vitandae
442 3528 686 3602 lomicationis
714 3559 721 3602 :
747 3554 857 3628 quam
884 3536 1008 3603 tamen'
1034 3531 1147 3602 solam
1177 3528 1366 3627 Apostolus
1394 3552 1541 3601 causam
1568 3528 1774 3614 constituit,
1807 3530 1853 3601 ad

264 3649 521 3722 continentiam
546 3651 742 3749 plurimum
764 3676 831 3724 nos
857 3649 1052 3723 adhortans
1064 3655 1107 3723 ¹⁰:
1132 3655 1219 3722 «De
1243 3650 1393 3748 quibus,
1415 3679 1433 3716 u
1454 3649 1589 3746 inquit,
1617 3677 1636 3717 ιι
1669 3649 1854 3747 scripsistis

264 3767 373 3858 mihi,
391 3769 531 3842 bonum
549 3787 602 3843 est
619 3772 759 3843 homini
776 3772 963 3844 mulierem
982 3796 1056 3842 non
1071 3786 1216 3868 tangere
1232 3798 1240 3840 :
1256 3785 1404 3869 propter
1422 3769 1696 3842 fornicationem
1709 3786 1850 3859 autem,

265 3891 509 3986 unusquisque
535 3915 637 3962 suam
668 3916 836 3981 uxorem,
858 3906 894 3963 et
920 3915 1143 3987 unaquaeque
1172 3914 1277 3960 suum
1305 3889 1421 3959 virum
1444 3887 1587 3960 habeat.
1622 3917 1640 3956 u
1671 3893 1853 3985 Tanquam
1927 3951 1934 3962 .

264 4033 349 4106 ergo
367 4009 495 4081 melius
517 4009 576 4100 lit,
603 4009 835 4082 concubitum
862 4034 1008 4107 quoque
1030 4008 1255 4106 conjugalem
1279 4012 1356 4078 Deo
1385 4007 1498 4103 magis
1522 4030 1631 4104 quam
1659 4005 1764 4078 nobis
1790 4007 1855 4078 im-

264 4127 397 4225 pendi;
417 4144 457 4201 ut
469 4131 503 4202 ei
520 4130 652 4202 scilicet
665 4129 757 4202 filios
775 4154 945 4228 generare
963 4129 1073 4225 magis
1087 4152 1197 4225 quam
1216 4127 1356 4199 utilitati
1378 4140 1510 4198 nostrae
1528 4125 1755 4197 intendamus
1772 4151 1855 4224 pro-

263 4248 399 4322 videre.
426 4249 523 4322 Adeo
547 4251 735 4349 praedictus
761 4250 890 4322 doctor
913 4248 1011 4321 illam
1029 4249 1266 4320 intentionem
1284 4248 1339 4319 isti
1356 4246 1552 4347 praeponit,
1569 4261 1609 4317 ut
1627 4269 1854 4342 nequaquam

265 4367 367 4440 illum
380 4370 613 4442 concubitum
626 4370 673 4441 ad
690 4369 948 4467 indulgentiam
967 4367 1113 4459 referat,
1130 4392 1237 4467 quern
1251 4367 1388 4465 aculpa
1402 4365 1546 4464 penitus
1558 4363 1710 4436 alienat:
1729 4380 1854 4437 utnon

265 4486 382 4559 solum
399 4503 570 4588 tanquam
587 4489 773 4588 culpabilis
798 4514 872 4562 non
895 4489 1044 4579 vitetur,
1066 4487 1129 4561 sed
1154 4504 1335 4586 tanquam·
1345 4485 1534 4557 laudabilis
1558 4500 1754 4584 expetatur.
1785 4488 1856 4574 Qui

204 4703 211 4716 ι
266 4608 373 4680 ctiam
390 4611 597 4708 nuptiarum
614 4610 754 4682 bonum
767 4608 1013 4699 commendat,
1038 4623 1077 4681 ut
1098 4609 1126 4680 si
1145 4633 1252 4682 causa
1273 4632 1345 4706 qua
1369 4605 1541 4680 convenit
1564 4606 1748 4696 ineantur,
1773 4630 1858 4704 pro·

266 4727 411 4800 creandi
427 4728 593 4802 videlicet
616 4729 707 4802 lilios
722 4760 730 4800 ι
746 4729 825 4801 illos
850 4730 957 4801 etiam
975 4728 1186 4801 concubitus
1200 4741 1361 4818 excuset,
1378 4726 1442 4823 qui
1458 4748 1533 4796 non
1546 4724 1616 4796 hac
1634 4725 1853 4815 intentione,

266 4871 337 4943 qua
350 4851 538 4942 convenit,
559 4850 650 4922 frunt
667 4877 675 4921 ι
694 4865 801 4948 atque
818 4851 854 4920 in
874 4847 1018 4960 seipsis,
1040 4849 1150 4946 magis
1168 4872 1278 4947 quam
1291 4848 1329 4918 in
1349 4843 1597 4944 operationem
1614 4843 1768 4916 vitandae
1786 4841 1857 4916 for-

302 5081 309 5108 *
325 5084 435 5145 Deum„
444 5101 500 5152 cap.
512 5103 558 5146 m,
569 5103 593 5138 r.
609 5089 647 5137 13.
659 5109 687 5124 -·
698 5085 708 5112 '
720 5085 790 5146 ron,
803 5101 858 5152 cap.
869 5101 925 5149 vm,
935 5102 959 5137 r.
972 5086 996 5136 9.
1006 5109 1041 5124 -
1087 5109 1115 5123 ··
1125 5083 1135 5112 ¹
1145 5084 1217 5147 Luc„
1227 5097 1283 5150 cap.
1297 5099 1321 5142 r,
1332 5099 1357 5133 ι.
1369 5084 1384 5133 5
1396 5091 1422 5134 et
1434 5095 1472 5148 sq.
1484 5105 1516 5119 -
1528 5078 1642 5140 Uedio,
1651 5094 1708 5146 cap.
1721 5095 1763 5152 xi,
1776 5093 1801 5131 r.
1816 5080 1858 5132 38.

271 5167 464 5237 “θειιιι.,·οιρ.
482 5185 536 5235 ιιι,
553 5173 577 5222 t.
597 5175 607 5220 l
628 5181 653 5224 et
669 5187 708 5239 sq.
721 5197 749 5209 -
767 5169 778 5198 ⁴
794 5171 890 5232 Genea„
908 5186 962 5236 cap.
980 5185 1040 5227 ur.
1085 5197 1118 5210 -
1128 5169 1138 5198 ⁰
1149 5170 1221 5230 Luc..
1234 5183 1290 5236 cap.
1301 5183 1324 5229 ι,
1336 5183 1359 5217 r.
1372 5168 1414 5218 at.
1427 5193 1459 5206 -
1469 5164 1493 5196 ¹⁰
1504 5165 1612 5218 Corinth.
1629 5165 1658 5225 l,
1673 5179 1728 5230 cap.
1741 5180 1786 5228 ru,
1798 5180 1821 5216 r.
1833 5168 1858 5217 2.

270 5269 294 5302 v.
308 5255 348 5305 20.
361 5255 515 5320 -Uurltn,
527 5271 582 5324 cap.
594 5273 647 5310 ιιιι.
657 5283 688 5294 -
700 5255 711 5286 ⁸
721 5257 782 5322 lien.
802 5257 828 5316 l,
849 5271 905 5323 cap.
922 5272 945 5318 r,
955 5271 978 5307 v.
1000 5257 1041 5307 ts.

390 5357 400 5404 ι
1587 5287 1737 5400 Ι37
