4590 6106
490 882 690 978 nonnula,
711 882 857 962 scilieet
875 897 944 977 ut,
964 909 1039 988 pro
1060 881 1150 988 jure
1169 880 1384 988 officioque
1406 883 1500 961 novi
1529 881 1715 983 editoris,
1737 884 1837 992 quid
1864 887 1960 967 mihi
1986 917 2078 998 pro-

492 1036 691 1139 posuerim
706 1051 745 1112 et
766 1030 1102 1141 quemadmodum
1117 1031 1351 1142 perfecerim
1370 1061 1493 1142 quam
1511 1035 1740 1118 brevissime
1758 1057 1899 1120 notum
1920 1040 2073 1124 faciam.

544 1188 648 1264 Dum
657 1184 742 1264 fere
751 1184 1113 1292 omnes,quiinilla
1123 1183 1261 1264 medioe
1271 1185 1392 1266 aetatis
1402 1203 1518 1267 nocte
1527 1187 2074 1303 praeltdserunt,philosophi,

491 1355 535 1415 ut
547 1339 673 1435 aiunt,
690 1336 909 1416 scholastici
925 1337 1111 1416 invenere
1125 1333 1253 1415 laudis
1267 1363 1346 1416 suae
1364 1364 1579 1445 praecones,
1593 1337 1743 1445 quibus
1758 1339 1858 1419 nihil
1874 1343 2077 1451 antiquius

490 1486 566 1564 fuit
580 1514 700 1593 quam
713 1512 855 1565 eorum
872 1487 1017 1594 scripta
1035 1512 1189 1584 eruere,
1209 1485 1330 1566 nitori
1350 1513 1422 1566 suo
1439 1488 1660 1587 restituere,
1677 1507 1716 1568 et
1737 1517 1920 1599 promere
1928 1495 1978 1571 in
1992 1490 2076 1574 dias

490 1636 651 1714 luminis
674 1663 810 1734 auras,
831 1663 915 1714 non
933 1632 1053 1716 modo
1070 1609 1231 1715 collecta
1249 1632 1475 1742 diligenter,
1496 1635 1566 1717 sed
1585 1665 1687 1749 saepe
1708 1640 1889 1748 partibus
1909 1659 2020 1722 aucta
2038 1663 2077 1723 et

489 1785 678 1866 adornata
695 1813 779 1866 non
801 1786 905 1884 suis,
926 1785 992 1864 ille
1005 1782 1237 1864 Aboelnrdus
1252 1785 1366 1894 cujus
1384 1787 1546 1867 nomine
1567 1787 1695 1868 Gallia
1713 1806 1752 1867 et
1765 1791 1893 1870 omnis
1916 1791 2077 1900 Europa

490 1937 631 2015 saeculo
648 1934 884 2017 duodecimo
909 1953 1223 2044 personuerunt,
1239 1937 1311 2046 qui
1330 1934 1380 2016 de
1394 1938 1557 2018 summis
1572 1939 1643 2017 aevi
1658 1939 1719 2018 sui
1734 1939 1927 2046 magistris
1939 1943 2077 2024 triom-

488 2091 614 2199 phum
625 2091 719 2197 egit,
736 2105 848 2169 sectae
866 2115 978 2191 noyae
995 2085 1194 2187 conditor,
1214 2105 1254 2167 et
1267 2086 1380 2168 facile
1393 2090 1580 2198 princeps
1596 2091 1775 2169 omnium
1792 2116 1882 2197 quae
1894 2107 1992 2172 tunc
2009 2093 2078 2172 Pa-

489 2243 591 2322 risiis
614 2209 864 2323 habebantur
892 2231 1136 2339 scholarum,
1165 2241 1230 2319 vix
1258 2240 1664 2352 etiaumuncpublici
1690 2241 1791 2350 juris
1816 2239 1894 2321 dici
1923 2259 2075 2350 potest,

488 2398 640 2504 quippe
659 2395 771 2504 cujus
784 2369 1057 2510 operahucet
1069 2392 1173 2472 illuc
1183 2389 1369 2512 dissipata
1387 2421 1471 2473 non
1486 2395 1571 2473 sine
1592 2392 1767 2501 quodam
1785 2395 1920 2475 labore
1942 2411 1981 2474 et
2003 2398 2075 2475 im·

488 2548 621 2655 pensis
644 2562 703 2632 sat
728 2546 879 2654 magnis
902 2535 1134 2640 contrahere
1162 2561 1201 2624 et
1222 2544 1298 2624 tibi
1322 2572 1548 2655 comparare
1571 2573 1706 2653 queas.
1731 2546 1872 2626 Procul
1905 2548 2007 2627 absit
2033 2567 2077 2627 ut

487 2722 726 2803 praegravem
744 2681 784 2774 et
800 2692 994 2783 invidiose
1012 2721 1170 2808 carpam
1188 2691 1403 2775 editionem
1421 2692 1619 2775 Abaelardi
1637 2722 1756 2804 quam
1777 2695 1944 2802 protulit
1961 2696 2075 2775 initio

488 2846 617 2925 saeculi
655 2846 795 2926 decimi
824 2847 980 2955 septimi
1012 2827 1080 2925 Fr.
1111 2821 1371 2950 Amboesius',
1402 2843 1631 2924 conferente
1658 2872 1818 2953 operam
1848 2843 2075 2926 doctissimo

486 2997 644 3079 Andrea
661 3001 910 3100 Quercetano
923 3010 945 3076 ¹.
966 2999 1019 3076 At
1035 3013 1143 3106 patet
1161 2996 1268 3076 illam
1290 2997 1456 3076 omnino
1477 3005 1653 3076 mancam
1673 3024 1779 3094 esse;
1802 3023 1946 3105 nempe
1965 2997 2007 3076 in
2030 3025 2074 3082 ea

487 3145 759 3227 desiderantur
773 3165 833 3226 tot
847 3164 886 3226 et
902 3129 1193 3226 tanta'Palatiui
1219 3145 1386 3252 scripta,
1414 3145 1453 3224 T
1448 3142 1630 3252 heologt'a
1649 3145 1915 3240 christinam,
1939 3147 2076 3253 Expo-

486 3299 579 3378 sitio
599 3301 640 3378 in
661 3300 955 3397 Heoeameron⁸,
977 3295 1169 3394 Ethica⁸,
1189 3313 1227 3377 et
1245 3296 1361 3404 plura
1378 3296 1470 3375 alia'
1490 3323 1580 3406 quoe
1591 3313 1725 3376 nostra
1746 3313 1836 3376 oetas
1857 3292 2074 3376 identidem

486 3451 656 3558 detegit,
681 3478 850 3561 quaeque
868 3467 936 3531 aut
956 3449 1151 3556 ignoravit
1167 3465 1235 3528 aut
1252 3449 1386 3529 nescio
1405 3476 1485 3555 qua
1504 3449 1656 3528 ratione
1674 3448 1806 3528 omisit
1824 3447 2072 3528 Amboesios.

487 3605 712 3688 Existimavi
730 3605 851 3710 igitur
864 3631 948 3683 rem
963 3601 1049 3682 fore
1067 3628 1229 3710 prorsus
1241 3599 1379 3680 utilem
1395 3626 1469 3680 nec
1483 3600 1674 3708 ingratum
1687 3599 1905 3680 litterarum
1919 3601 2071 3696 amicis,

485 3759 518 3835 si
544 3754 694 3865 disjecti
719 3753 895 3844 membra
918 3754 1092 3860 magistri
1117 3751 1407 3858 recolligerem,
1433 3770 1472 3832 et
1500 3749 1694 3831 industria
1722 3779 1808 3830 mea
1829 3751 2072 3860 privatisque

484 3905 645 4013 opibus,
662 3905 797 4015 quales
815 3904 1043 4014 philosophi
1058 3920 1098 3984 et
1112 3902 1347 4013 professoris
1364 3929 1447 3984 esse
1463 3919 1644 4012 possunt,
1662 3899 1864 4010 quoddam
1879 3903 2074 4010 exigerem

522 4211 529 4240 ¹
549 4209 620 4264 Petri
648 4208 794 4276 Ahalardi,
819 4209 916 4265 filosofi
937 4171 969 4264 'et
994 4209 1128 4281 theologi,
1158 4191 1260 4261 abhatis
1299 4208 1345 4278 tia,
1355 4207 1484 4280 particula
1494 4226 1520 4274 r,
1532 4206 1662 4276 Bes-oliui,
1675 4207 1741 4262 1631
1748 4203 1863 4260 .-Peui
1874 4199 2074 4274 dhnlsrdiEpi·

484 4318 626 4391 hoyensis,
641 4333 667 4373 et
687 4319 798 4375 Heloiste
811 4319 929 4392 conjugis
944 4321 1014 4393 ejus,
1031 4319 1123 4392 prime
1139 4317 1257 4374 Paracle·
1296 4309 2073 4404 tometheologinehristiau'n30didit1iheinwnld;Anecd,

482 4427 561 4482 tensis
571 4428 721 4496 abbatisse,
734 4445 828 4502 opem,
841 4448 913 4488 nunc
924 4430 1041 4502 primum
1052 4427 1123 4484 edita
1132 4446 1166 4488 en
1178 4445 1254 4482 mma.
1295 4438 1356 4492 etc,
1372 4425 1467 4498 partie.
1486 4443 1518 4491 n,
1534 4423 1665 4492 Berolimi,
1682 4425 1806 4479 1865.-
1824 4421 1959 4494 Ouvrages
1979 4417 2074 4473 inedita

482 4536 565 4593 codd.
585 4539 621 4592 V.
645 4540 727 4594 illost.
748 4539 879 4596 lhmciwi
898 4539 1048 4608 Amhoesii,
1064 4551 1115 4594 etc.
1134 4537 1255 4608 Parisiis,
1295 4533 1453 4605 d’hbelsrd,
1466 4551 1536 4606 pom
1546 4533 1654 4589 servir-t
1669 4519 1796 4586 l’histoine
1811 4529 1845 4583 de
1863 4530 1890 4582 la
1906 4525 2074 4600 philosophie

483 4649 566 4715 1616,
580 4647 658 4702 in·l⁰.
669 4648 803 4703 -¹Petri
814 4646 945 4702 Abalardi
959 4647 1092 4719 theologia
1104 4645 1255 4714 christiana,
1295 4645 1469 4715 scholastique
1478 4661 1512 4696 en
1523 4643 1634 4710 Franoe,
1643 4640 1733 4706 Paris,
1747 4639 1826 4704 ist-l',
1841 4638 1920 4692 1866.
1938 4637 2074 4708 Ρωείριια

481 4754 511 4807 ἰιι
522 4755 659 4810 'lhesnnro
670 4773 742 4812 novo
765 4755 972 4826 anecdotorum,
984 4766 1007 4810 t.
1020 4755 1057 4823 V,
1076 4773 1106 4828 p.
1128 4757 1208 4810 1169.
1220 4788 1257 4800 -
1295 4770 1354 4824 qun
1361 4753 1469 4807 ibitunc
1477 4752 1594 4823 primum
1605 4749 1659 4803 luci
1667 4747 1841 4802 tradebantur
1851 4763 1943 4818 opera,
1955 4763 1986 4800 ea
1997 4756 2071 4798 sont:

481 4862 624 4938 ⁸15u.‚p.
638 4865 859 4922 toth-wari
869 4863 1001 4920 Abelardi
1012 4863 1119 4930 Ethica,
1132 4882 1178 4924 sen
1189 4863 1256 4916 libet
1298 4865 1326 4914 l·
1338 4861 1408 4916 Petri
1418 4857 1551 4914 abelardi
1562 4857 1605 4914 sic
1618 4869 1644 4912 et
1656 4874 1727 4922 nont
1743 4856 1774 4909 2⁶
1786 4852 1904 4927 ejusdem
1919 4851 2071 4916 dialecton
2142 4907 2145 4913 ,

479 4971 565 5028 dictus
579 4973 668 5030 :Scito
680 4987 705 5030 te
716 4975 995 5048 ipsum,in‘l'hesauro
1006 4974 1160 5039 novissimo,
1171 4983 1192 5026 t.
1200 4972 1254 5036 111,
1296 4972 1325 5023 3·
1340 4967 1456 5041 ejusdem
1481 4969 1655 5038 hagmentom
1673 4965 1708 5022 de
1726 4963 1866 5037 generibus
1877 4974 1904 5016 et
1921 4961 2071 5034 specialem

478 5100 508 5153 p.
518 5099 557 5149 m,
568 5099 599 5154 p.
613 5083 680 5138 616.
690 5081 744 5126 -⁸
756 5082 826 5139 Petri
836 5081 968 5138 Ahnlsrdi
978 5082 1103 5155 Dialogus
1116 5081 1186 5136 iuter
1198 5079 1257 5152 phiae
1294 5096 1400 5146 necnon
1413 5078 1464 5132 alin
1476 5077 1558 5132 multa
1575 5075 1772 5149 philosophiam
1787 5089 1868 5146 qnam
1887 5068 1980 5126 diem
1999 5069 2074 5123 scho-

479 5190 635 5263 lesophom,
658 5191 781 5246 Jndenm
797 5204 824 5248 et
839 5191 1033 5264 Christianum
1050 5189 1135 5246 edidit
1155 5189 1255 5242 Rhein-
1297 5189 1415 5244 lsstieam
1427 5187 1573 5262 plurimum
1590 5185 1759 5243 illustrantia.

477 5302 569 5374 esldt3
580 5301 717 5357 necdum
725 5301 761 5359 ad
769 5300 906 5359 historiam
916 5302 1116 5360 eeclesiasticam
1124 5301 1259 5374 pertinen·
