4496 6102
738 562 781 634 ΙΝ
807 562 942 635 tants
966 561 1210 634 Pttnaunu
1234 559 1395 632 SERMO.
1788 563 1860 638 409

276 687 328 760 lbi
344 693 476 790 quippe
492 695 665 772 hahemus
678 701 778 799 quod
790 717 870 800 post
888 703 1182 775 resurrectionem
1196 703 1336 791 Lazari,
1355 701 1483 774 Judaeis
1496 702 1533 773 in
1547 715 1701 773 mortem
1714 707 1861 777 Domini

271 811 345 904 jam
372 816 521 887 omnino
547 823 777 919 conspiratis,
799 825 873 924 ipse
895 825 1071 897 Dominus
1085 825 1161 920 jam
1184 849 1258 895 non
1284 824 1403 922 palam
1427 822 1631 896 ambulabat
1653 826 1748 922 apud
1775 851 1857 917 eos,

274 931 336 1002 sed
359 932 444 1006 abiit
468 937 504 1007 in
522 942 703 1036 regionem
718 943 818 1038 juxta
836 944 1039 1035 desertum,
1060 947 1096 1016 in
1122 945 1301 1016 civitatem
1319 969 1397 1040 quae
1414 944 1542 1016 dicitur
1561 943 1736 1041 Ephrem,
1757 961 1792 1018 et
1811 945 1860 1018 ibi

275 1053 481 1128 morabatur
508 1085 591 1132 cum
620 1063 801 1161 discipulis
831 1067 915 1137 suis.
944 1065 1082 1138 Deinde
1111 1090 1223 1163 quum
1248 1065 1323 1161 jam
1350 1065 1482 1164 pascha
1509 1067 1713 1165 proximum
1740 1083 1856 1160 esset,

275 1175 369 1244 venit
387 1177 595 1252 Bethaniatn
609 1197 691 1255 ante
706 1209 768 1256 sex
781 1183 856 1256 dies
869 1185 1026 1284 paschae,
1044 1187 1143 1283 quasi
1158 1184 1204 1257 ad
1220 1186 1397 1256 victimam
1415 1209 1520 1256 verus
1537 1209 1648 1282 agnus
1667 1185 1856 1279 accedens,

274 1293 467 1388 capiendus
487 1299 522 1369 in
542 1300 673 1398 pascha
692 1317 730 1374 ut
748 1304 1005 1376 immolaretur.
1036 1304 1124 1375 Inde
1149 1305 1186 1374 in
1213 1303 1407 1376 crastinum
1429 1303 1576 1375 veniens
1601 1305 1859 1400 lerosolymam

216 1524 222 1534 ι
274 1431 456 1513 susceptus
481 1434 533 1490 est
558 1419 667 1494 hodie
683 1449 703 1495 a
719 1425 852 1515 turbis,
876 1440 911 1498 et
937 1440 1106 1524 tanquam
1127 1449 1188 1495 rex
1204 1422 1329 1514 lsrael,
1346 1438 1381 1495 et
1398 1422 1514 1495 David
1532 1423 1647 1520 regius
1669 1423 1780 1496 haeres
1803 1451 1858 1499 re-

273 1537 435 1631 cognitus
462 1553 497 1610 et
525 1540 707 1614 salutatus,
736 1546 871 1632 Quinto
890 1547 1009 1643 itaque
1034 1546 1092 1616 die
1110 1559 1192 1616 ante
1210 1543 1298 1615 illud
1316 1543 1447 1643 pascha
1469 1543 1689 1635 Judaeorum,
1713 1544 1784 1618 hoc
1806 1562 1860 1619 est

272 1653 401 1748 hodie,
422 1660 484 1758 qui
512 1659 672 1734 decimus
699 1663 775 1736 dies
799 1668 931 1738 mensis
955 1666 1079 1761 hujus,
1104 1666 1201 1738 venit
1224 1691 1285 1736 rex
1307 1667 1343 1736 in
1369 1664 1574 1737 Jerusalem.
1604 1665 1736 1737 Pascha
1760 1668 1858 1739 enirn

271 1774 469 1849 celebratur
482 1779 517 1850 in
533 1782 803 1878 quartodecimo
820 1784 890 1856 die.
908 1785 1056 1856 Decimo
1072 1799 1192 1856 autem
1208 1783 1321 1855 voluit
1334 1783 1416 1856 ideo
1430 1757 1587 1880 ingredi,
1605 1785 1687 1881 quia
1707 1785 1754 1856 ita
1772 1810 1858 1882 prae-

270 1893 460 1992 figuratum
479 1917 555 1973 erat
572 1903 608 1973 in
627 1903 724 2000 lege,
744 1903 805 1975 ubi
823 1905 1046 2003 praecipitur¹
1062 1931 1071 1973 ε
1090 1905 1268 1976 «Decima
1285 1904 1344 1976 die
1365 1905 1496 1975 mensis
1510 1903 1617 1999 hujus
1634 1903 1733 1976 tollat
1752 1930 1859 1978 unus-

270 2017 420 2114 quisque
436 2044 568 2118 agnum
584 2049 649 2122 per
667 2024 815 2097 familias
830 2041 865 2097 et
877 2026 1008 2098 domos
1024 2050 1116 2096 suas.
1132 2054 1150 2092 »
1166 2030 1210 2096 Et
1224 2026 1331 2124 paulo
1345 2030 1469 2123 post¹2
1489 2053 1506 2092 a
1523 2027 1566 2096 Et
1577 2025 1760 2097 servabitis
1774 2051 1858 2100 eum

271 2161 382 2234 usque
411 2139 458 2242 ad
489 2144 830 2239 quartamdecimam
856 2145 952 2217 diem
980 2147 1111 2217 mensis
1139 2145 1257 2241 hujus.
1284 2143 1557 2242 lmmolabitque
1586 2170 1668 2217 eum
1696 2147 1859 2218 universa

269 2258 461 2331 multitudo
473 2259 629 2333 filiorum
645 2264 750 2336 lsrael
768 2264 814 2336 ad
833 2290 1029 2364 vesperam.
1047 2266 1224 2336 »Decima
1240 2280 1359 2336 autern
1379 2263 1437 2336 die
1460 2265 1589 2336 mensis
1607 2267 1727 2363 primi,
1748 2291 1859 2363 agnus

267 2378 329 2473 qui
347 2379 384 2448 in
402 2381 535 2478 pascha
553 2382 798 2455 immolaretur
815 2383 967 2456 domum
991 2384 1170 2457 introduci
1184 2385 1304 2481 jussus
1322 2399 1399 2474 est,
1421 2385 1504 2481 quia
1522 2385 1697 2456 Dominus
1720 2385 1859 2459 decima

267 2497 325 2568 die
344 2499 504 2595 ejusdem
525 2503 673 2593 mensis,
688 2503 759 2574 hoc
777 2517 830 2575 est
847 2519 928 2576 ante
945 2506 1104 2601 quinque
1123 2501 1198 2576 dies
1220 2501 1373 2601 paschae,
1399 2503 1435 2573 in
1458 2503 1634 2575 civitatem
1652 2503 1774 2602 inqua
1795 2530 1857 2603 pa·

267 2633 400 2742 teretur
413 2636 488 2692 erat
500 2621 732 2719 ingressurus.
746 2627 846 2695 Hanc
859 2624 965 2720 igitur
977 2623 1071 2695 diem
1085 2622 1284 2695 secundum
1296 2624 1505 2718 mysterium
1516 2622 1602 2720 legis
1614 2637 1859 2721 competenter

267 2738 382 2836 elegit,
397 2765 468 2837 qua
484 2757 591 2832 se,ut
602 2741 737 2814 dictum
748 2759 812 2833 est,
827 2743 970 2815 offerret
979 2742 1149 2842 passioni,
1166 2767 1275 2841 quam
1289 2758 1393 2814 antea
1406 2766 1670 2839 nonnunquam
1684 2743 1859 2838 refugerat

264 2884 340 2932 sese
363 2860 636 2954 abscondendo,
663 2862 719 2936 vel
742 2878 859 2936 tentus
877 2888 898 2934 a
913 2863 1042 2936 ludaeis
1060 2862 1171 2936 libere
1194 2888 1260 2962 per
1282 2862 1441 2936 medium
1463 2887 1592 2934 eorum
1614 2863 1854 2954 transeundo,

264 2981 320 3053 vel
340 2980 542 3079 frequenter
564 2983 610 3054 ab
632 2984 682 3054 eis
702 2982 936 3076 declinando,
965 2985 1048 3082 quia
1075 2983 1241 3055 nondum
1265 2998 1412 3054 venerat
1439 2983 1514 3078 ejus
1537 2980 1639 3054 hora.
1667 2985 1747 3070 Qua
1771 3007 1857 3080 pro-

264 3102 355 3174 fecto
369 3101 428 3174 die
441 3128 515 3200 quo
533 3105 644 3196 magis
657 3103 856 3176 honorifice
872 3105 1002 3202 suscipi
1015 3102 1129 3174 voluit
1143 3127 1164 3174 a
1178 3101 1308 3193 turbis,
1326 3117 1360 3174 et
1374 3102 1551 3198 ingressus
1564 3100 1738 3200 templum
1753 3102 1854 3197 ejecit

262 3223 347 3298 inde
366 3223 476 3299 libere
499 3251 625 3300 omnes
648 3227 855 3324 vendentes
868 3243 904 3300 et
929 3241 1106 3316 ementes,
1130 3241 1167 3298 et
1195 3249 1335 3296 mensas
1362 3222 1704 3315 nummulariorum,
1733 3240 1769 3295 et
1794 3247 1853 3296 ca·

263 3347 407 3421 thedras
421 3348 653 3422 vendentium
667 3348 851 3420 columbas
863 3349 1000 3435 evertit,
1017 3362 1051 3419 et
1063 3347 1119 3418 his
1133 3343 1299 3445 expulsis,
1316 3344 1525 3416 accedentes
1538 3344 1585 3415 ad
1596 3368 1679 3416 eum
1693 3367 1805 3416 caecos
1818 3358 1854 3415 et

261 3469 409 3542 claudos
426 3471 462 3542 in
478 3471 556 3569 ipso
571 3470 704 3570 templo
719 3471 872 3560 sanavit,
889 3495 933 3542 eo
948 3469 1100 3569 amplius
1116 3467 1287 3540 invidiam
1301 3490 1552 3566 perversorum
1566 3481 1691 3536 contra
1705 3490 1742 3537 se
1756 3489 1854 3536 com·

260 3593 391 3680 movit,
419 3606 457 3662 nt
474 3590 574 3687 quod
593 3589 809 3686 jamdudum
834 3590 1022 3662 voluerant
1040 3588 1211 3687 perficere
1236 3600 1478 3677 maturarent,
1500 3600 1535 3656 et
1562 3584 1608 3656 ab
1634 3609 1678 3656 eo
1708 3584 1853 3657 daretur

260 3711 424 3801 facultas,
440 3713 477 3782 in
494 3711 623 3808 quibus
643 3724 867 3810 praecesserat
882 3708 1059 3780 voluntas
1075 3712 1153 3804 lpse
1166 3707 1300 3803 quippe
1315 3719 1386 3794 est,
1405 3705 1467 3802 qui
1480 3705 1551 3775 ait⁸
1567 3731 1574 3773 :
1596 3733 1614 3772 u
1630 3707 1744 3792 Nemo
1764 3701 1853 3776 tollit

259 3857 357 3906 ame
375 3834 531 3904 animam
557 3856 695 3920 meam,
718 3830 780 3902 sed
799 3854 866 3926 ego
881 3853 979 3926 pono
999 3852 1090 3899 earn.
1108 3855 1125 3891 »
1149 3830 1262 3896 Nemo
1279 3826 1413 3923 quippe
1434 3826 1506 3895 virn
1523 3826 1556 3896 ei
1576 3825 1690 3895 facere
1709 3825 1846 3920 potuit,
1926 3817 1931 3824 ’

259 3969 302 4025 ut
319 3966 489 4051 tanquam
503 3953 654 4024 invitum
668 3966 704 4022 et
723 3964 886 4021 coactum
903 3947 1083 4036 occidere,
1104 3943 1160 4016 vel
1183 3943 1290 4015 etiarn
1311 3941 1619 4040 comprehendere
1642 3957 1773 4040 posset.
1804 3946 1852 4014 Ut

257 4088 379 4148 autem
399 4071 525 4168 majori
542 4071 773 4150 incitarentur
790 4066 938 4158 invidia,
956 4065 1079 4165 quide
1099 4077 1213 4136 morte
1234 4062 1380 4133 Domini
1394 4062 1470 4160 jam
1483 4059 1698 4150 tractabant,
1720 4076 1755 4132 et
1771 4063 1849 4132 Deo

259 4196 371 4292 magis
392 4192 673 4290 indignarentur,
692 4215 767 4288 quo
790 4188 942 4289 amplius
965 4212 1048 4258 eum
1071 4184 1242 4256 honorari
1255 4182 1439 4271 viderent,
1456 4196 1595 4252 tanturn
1614 4179 1680 4252 sibi
1699 4179 1848 4251 honoris

258 4315 369 4387 hodie
386 4313 546 4413 permisit
564 4311 737 4401 exhiberi,
753 4326 927 4408 qnantum
943 4306 1032 4380 nulli
1046 4331 1169 4404 regum
1183 4303 1332 4401 legimus
1346 4301 1554 4374 exhibitum.
1574 4306 1620 4372 Ut
1633 4302 1729 4372 enim
1740 4299 1786 4371 de
1798 4299 1849 4371 di-

255 4435 348 4506 vinis
363 4432 528 4506 laudibus
546 4447 745 4520 taceamus,
767 4445 802 4501 et
820 4453 938 4501 ramos
958 4426 1015 4498 vel
1035 4425 1181 4498 frondes
1204 4447 1295 4522 quos
1318 4423 1354 4494 in
1373 4423 1429 4494 vin
1443 4419 1649 4494 sternebant
1666 4434 1848 4518 praeterea·

251 4580 359 4644 mus,
380 4577 489 4651 quam
507 4549 676 4624 mirabilis
695 4549 760 4621 fuit
776 4547 836 4620 illa
855 4547 1076 4645 singularitas
1096 4545 1264 4634 honoris,
1283 4567 1354 4641 qua
1367 4542 1521 4642 plurima
1538 4539 1642 4614 turba
1662 4538 1729 4610 sub
1746 4538 1847 4637 pedi-

245 4676 325 4747 btas
343 4675 466 4748 vilium
481 4673 727 4770 jumentorum
741 4667 1014 4770 prosternebant
1027 4666 1258 4754 vestimenta,
1275 4689 1341 4736 nec
1355 4661 1506 4762 pedibus
1517 4661 1584 4732 illis
1593 4717 1602 4752 ,
1623 4657 1751 4758 quibus
1770 4660 1845 4758 ipsa

244 4793 454 4866 Dominum
478 4791 678 4889 bajulabat,
706 4769 872 4885 contingi
886 4783 1102 4860 tolerabant!
1131 4788 1171 4856 ln
1193 4809 1266 4882 quo
1292 4808 1358 4854 nec
1382 4781 1565 4854 modicum
1585 4777 1845 4882 advertendum

245 4929 311 4987 est
326 4915 546 5010 mysterium.
561 4911 700 5000 Quibus
715 4910 810 4982 enim
826 4907 977 4981 coelestis
993 4905 1157 5005 praesidet
1175 4903 1261 4975 diis*
1274 4927 1501 5001 nequaqnam
1518 4915 1649 4972 terram
1665 4899 1737 4970 suis
1759 4923 1845 4970 con·

290 5187 297 5214 ⁴
319 5189 414 5252 Esca,
426 5201 482 5253 cap.
496 5203 547 5246 ιιι,
560 5202 582 5236 r.
594 5185 679 5235 3.-“
692 5183 766 5246 thid„
779 5186 881 5234 r.6.-
894 5181 996 5243 'loan.,
1009 5195 1064 5246 cap.
1076 5195 1106 5241 x,
1122 5196 1143 5229 r.
1160 5183 1233 5230 nt-
1243 5176 1253 5203 ⁴
1265 5177 1306 5228 Sic
1317 5175 1381 5227 Edit.
1395 5174 1466 5226 hmb.

378 5293 389 5338 ι
1683 5261 1723 5322 52
