4590 6106
478 555 525 625 32
917 551 1043 622 PETRI
1069 548 1303 622 ABAELARlll
1329 549 1384 619 ΕΤ
1408 548 1634 620 HELOISSAE

479 693 610 766 malam
634 694 762 764 samam
780 691 966 790 pervenire
984 691 1030 762 ad
1050 713 1158 788 regna
1177 689 1362 762 coelorum.
1383 717 1400 756 a
1425 692 1546 778 Quum
1568 689 1680 781 bano,
1707 691 1873 787 inquam,
1910 695 1946 764 in
1977 709 2053 768 tan·

478 827 555 884 tum
572 813 689 884 virum
708 810 949 883 detractionis¹
966 811 1132 908 injuriam
1160 811 1207 882 ad
1230 825 1387 882 mentem
1415 807 1641 900 reducerem,
1669 833 1744 882 non
1766 810 1944 884 modicam
1968 814 2053 888 binc

478 932 759 1005 consolationem
777 931 986 1030 carpebam,
1007 931 1172 1028 inquiens
1189 957 1197 1002 ι
1215 934 1247 1002 Ο
1265 931 1294 1002 si
1314 943 1449 1002 tantam
1467 929 1677 1028 suspicionis
1689 953 1834 1002 caumm
1852 931 1970 1004 aemuli
1983 935 2054 1006 mei

477 1053 513 1123 in
533 1076 591 1122 me
605 1052 816 1149 reperirent,
832 1066 965 1149 quanta
983 1076 1042 1122 me
1060 1050 1330 1122 detrectatione'
1343 1046 1602 1149 opprimerent!
1619 1053 1721 1120 Nunc
1732 1073 1818 1122 vero
1835 1049 1922 1122 mihi
1933 1050 2055 1126 divina

477 1145 720 1242 misericordia
744 1170 789 1242 ab
813 1170 881 1242 hac
905 1171 1107 1269 suspicione
1124 1169 1290 1260 liberato,
1311 1169 1496 1266 quomodo
1514 1168 1621 1265 hujus
1637 1169 1883 1268 perpetrandae
1901 1173 2053 1267 turpitu-

479 1289 572 1360 dinis
586 1289 750 1361 facultate
767 1289 896 1379 ablata,
912 1291 1065 1387 suspicio
1083 1288 1267 1360 remanet?
1280 1292 1367 1375 Quae
1379 1289 1485 1359 etiam
1500 1303 1572 1359 tem
1590 1287 1780 1385 impudens
1796 1289 1872 1360 haec
1889 1291 2054 1362 crimina·

476 1409 544 1478 tio³
563 1407 778 1480 novissima?
798 1407 896 1479 Adeo
921 1432 1076 1505 namque
1098 1433 1154 1480 res
1178 1408 1244 1479 ista
1266 1431 1413 1480 omnem
1437 1405 1544 1502 hujus
1565 1405 1794 1504 turpitudinis
1815 1409 2054 1506 suspicionem

474 1527 571 1624 apud
590 1550 716 1598 omnes
734 1542 910 1619 removet,
929 1541 971 1599 ut
988 1529 1193 1624 quicunque
1210 1526 1376 1598 mulieres
1395 1523 1585 1598 observem
1607 1525 1809 1622 diligentius
1826 1526 1988 1620 student,
2004 1531 2054 1602 eis

473 1643 659 1716 eunuchos
672 1645 865 1717 adhibeant
880 1673 889 1717 ι
907 1647 997 1718 sicut
1012 1646 1058 1717 de
1071 1645 1214 1717 Esther*
1230 1660 1266 1717 et
1274 1645 1411 1718 caeteris
1424 1644 1515 1740 regis
1529 1644 1669 1716 Assueri
1681 1643 1808 1744 puellis
1820 1667 1919 1717 sacra
1932 1664 2052 1720 narrat

472 1761 631 1834 historia.
653 1765 829 1860 Legimus'
847 1780 882 1836 et
901 1780 1086 1864 potentem
1104 1764 1205 1836 illum
1221 1765 1352 1861 reginae
1369 1761 1542 1836 Candacis
1560 1761 1765 1837 eunuchum
1783 1763 1955 1836 universis
1977 1766 2051 1862 ejus

472 1883 564 1978 gazis
581 1907 747 1981 prmesse5
768 1884 816 1955 ad
833 1909 942 1981 quem
962 1883 1248 1956 convertendum
1269 1899 1305 1955 et
1328 1881 1581 1980 baptisandum
1603 1879 1785 1980 Philippus
1807 1882 1987 1980 apostolus
2004 1885 2050 1958 ab

470 2001 595 2098 angelo
614 2003 768 2074 directus
787 2019 851 2074 est.
874 2003 973 2076 Tales
991 2005 1124 2101 quippe
1146 2027 1288 2101 semper
1304 2001 1402 2100 apud
1419 1999 1639 2074 verecundas
1662 2016 1696 2072 et
1718 2000 1886 2072 honestas
1902 2000 2051 2074 feminas

470 2135 569 2192 tanto
595 2121 746 2219 amplius
775 2121 955 2218 dignitatis
984 2137 1020 2194 et
1046 2121 1289 2194 familiaritatis
1309 2121 1429 2220 adepti
1456 2135 1540 2192 sunt
1565 2133 1701 2217 quanto
1726 2118 1867 2216 longius
1903 2120 1948 2192 ab
1983 2121 2051 2194 bac

470 2239 686 2312 absistebant
698 2241 914 2340 suspicione.
936 2241 990 2313 Ad
1002 2265 1111 2337 quam
1130 2239 1296 2336 quidem‘
1309 2241 1451 2337 penitus
1466 2237 1723 2312 removendam
1736 2239 1931 2310 maximum
1948 2237 2049 2312 illum

471 2357 744 2431 christianorum
769 2358 1024 2458 philosophum
1058 2359 1267 2456 origenem,
1293 2361 1406 2454 quum
1435 2355 1626 2427 mulierum
1653 2380 1798 2454 quoque
1827 2372 1956 2430 sanctae
1981 2358 2048 2430 do·

336 2500 343 2506 ·
471 2478 591 2548 ctrinae
602 2476 822 2567 intenderet,
836 2477 903 2549 sibi
915 2478 983 2576 ipsi
996 2499 1124 2547 manus
1139 2475 1298 2546 intulisse
1307 2474 1562 2545 Ecclesiasticoe
1573 2477 1742 2546 Historioe
1753 2475 1844 2548 liber
1854 2481 1919 2546 Vl⁷
1934 2479 2048 2550 conti·

470 2610 542 2667 net.
566 2595 738 2668 Putabam
757 2597 927 2668 tamenin
946 2597 1018 2668 boc
1035 2595 1124 2666 mihi
1142 2595 1254 2691 magis
1265 2617 1374 2691 quarn
1392 2593 1444 2664 illi
1459 2591 1616 2664 divinam
1635 2593 1913 2665 misericordiam
1933 2598 2051 2695 propi·

467 2715 553 2785 tiam
566 2715 688 2806 fuisse,
711 2731 750 2786 ut
765 2715 865 2813 quod
883 2715 942 2788 ille
956 2717 1074 2786 minus
1086 2713 1237 2813 provide
1248 2712 1406 2784 creditur
1417 2712 1545 2809 egisse,
1559 2726 1666 2807 atque
1678 2710 1762 2784 inde
1774 2737 1850 2784 non
1865 2713 2049 2788 modicum

467 2834 602 2906 crimen
621 2835 831 2926 incurrisse,
855 2835 893 2906 id
910 2835 1023 2907 aliena
1042 2832 1147 2932 culpa
1165 2833 1202 2904 in
1222 2857 1281 2918 me
1299 2847 1436 2930 ageret,
1459 2846 1498 2903 ut
1515 2831 1562 2904 ad
1579 2831 1694 2904 simile
1710 2856 1802 2930 opus
1820 2855 1878 2904 me
1895 2831 2049 2906 liberum

465 2968 694 3052 praepararet,
716 2978 757 3025 ac
779 2969 878 3027 tanto
903 2955 1043 3026 minore
1067 2977 1194 3052 poena,
1215 2967 1351 3049 quanto
1378 2950 1543 3024 breviore
1568 2975 1612 3023 ac
1639 2951 1772 3042 subita,
1792 2965 1833 3022 ut
1857 2977 2049 3052 oppressus

466 3095 609 3163 somno,
625 3097 738 3170 quum
756 3075 844 3144 mihi
862 3098 990 3145 manus
1010 3073 1209 3168 injicerent,
1229 3071 1318 3142 nihil
1333 3095 1448 3169 poenae
1466 3071 1538 3143 lere
1555 3071 1736 3144 sentirem.
1757 3069 1829 3142 Sed
1846 3071 1946 3168 quod
1964 3087 2049 3144 tunc

368 3275 373 3284 Ι
467 3189 558 3260 forte
575 3191 695 3262 minus
710 3191 840 3290 pertuli
854 3216 898 3263 ex
918 3191 1083 3280 vulnere,
1100 3213 1198 3262 nunc
1218 3215 1261 3260 ex
1275 3189 1512 3286 detractione⁸
1524 3189 1673 3262 diutius·
1689 3190 1838 3289 plector,
1855 3205 1890 3264 et
1907 3192 1988 3288 plus
2004 3216 2046 3265 ex

468 3306 683 3379 detrimento
710 3308 810 3380 famae
832 3333 942 3407 quam
965 3334 1009 3380 ex
1029 3309 1191 3407 corporis
1213 3309 1354 3380 crucior
1373 3307 1624 3381 diminutione.
1649 3309 1747 3382 Sicut
1763 3311 1859 3382 enim
1877 3312 2048 3408 scriptum

470 3431 547 3499 est¹⁰
564 3457 571 3499 :
591 3429 750 3502 «Melius
776 3444 829 3502 est
850 3455 984 3503 nornen
1002 3430 1142 3502 bonum
1158 3453 1268 3526 quam
1286 3429 1415 3504 divitiae
1435 3430 1566 3504 multoe.
1586 3459 1604 3497 n
1626 3435 1669 3502 Et
1687 3445 1725 3502 ut
1741 3429 1865 3505 beatus
1886 3433 2048 3505 meminit

470 3551 682 3644 Augustinus
708 3551 745 3621 in
768 3575 933 3622 sermone
960 3532 1120 3648 quodam
1136 3548 1179 3620 de
1195 3553 1279 3620 Vita
1294 3565 1332 3620 et
1342 3549 1499 3622 Moribus
1515 3551 1781 3622 Clericorumfl:
1808 3580 1826 3618 a
1843 3553 1914 3639 Qui
1933 3551 2047 3626 fidens

468 3667 692 3740 conscientiae
701 3693 772 3740 suae
783 3669 926 3766 negligit
940 3671 1070 3741 sarnam
1082 3693 1196 3758 suam,
1207 3667 1361 3741 crudelis
1372 3684 1437 3741 est.
1451 3697 1469 3736 >t
1482 3668 1580 3744 ldem
1595 3693 1721 3769 supra:
1737 3699 1756 3738 a
1767 3669 2011 3759 Providemus,
2027 3703 2044 3740 n

466 3787 600 3882 inquit,
619 3816 636 3856 «
649 3786 754 3876 tona,
770 3803 810 3860 ut
821 3790 871 3862 ait
883 3788 1100 3888 apostolusl',
1116 3815 1187 3860 non
1197 3788 1312 3860 solum
1322 3813 1443 3860 coram
1453 3795 1529 3859 Deo
1536 3843 1547 3876 ,
1561 3787 1625 3860 sed
1634 3791 1742 3860 etz'rzm
1757 3793 1880 3860 corani
1894 3791 2047 3862 homini·

469 3903 542 3978 bus.
561 3909 709 4005 Propter
722 3932 809 4000 nos,
831 3909 1048 3980 conscientia
1065 3923 1187 3980 nostra
1202 3907 1332 3980 sufficit
1345 3909 1382 3980 in
1401 3907 1517 3980 nobis.
1537 3911 1685 4005 Propter
1697 3907 1804 4002 alios,
1819 3909 1911 3982 lama
1924 3923 2047 3984 nostra

469 4048 544 4095 non
562 4024 694 4122 pollui,
709 4027 773 4098 sed
790 4027 925 4126 pollere
943 4027 1051 4099 debet
1067 4029 1103 4098 in
1123 4026 1240 4099 nobis.
1263 4029 1349 4099 Duae
1370 4052 1427 4098 res
1446 4041 1529 4098 sunt
1545 4028 1762 4100 conscientia
1779 4027 1935 4100 etfama.
1953 4033 2046 4102 Con·

467 4143 611 4215 scientia
629 4142 717 4235 tibi,
740 4145 832 4219 sama
849 4149 1025 4246 proximo.
1047 4175 1064 4214 n
1089 4145 1186 4232 Quid
1203 4159 1322 4216 autem
1345 4145 1475 4216 horum
1491 4145 1626 4217 invidia
1647 4147 1715 4245 ipsi
1731 4147 1871 4218 Christo
1896 4146 1951 4220 vel
1968 4149 2046 4244 ejus

467 4261 652 4354 membris,
667 4280 740 4336 tam
759 4267 943 4366 prophetis
960 4266 1093 4339 scilicet
1107 4287 1217 4362 quam
1230 4263 1415 4362 apostolis,
1431 4289 1493 4336 seu
1513 4264 1590 4337 aliis
1602 4266 1760 4365 patribus
1772 4267 1900 4339 sanctis
1913 4267 2045 4365 objice·

467 4397 538 4473 ret,
555 4383 585 4456 si
602 4383 639 4454 in
653 4409 779 4457 eorum
798 4388 1019 4486 temporibus
1039 4386 1220 4474 existeret,
1241 4408 1354 4481 quum
1370 4393 1432 4456 e'os
1449 4385 1613 4458 videlicet
1630 4412 1782 4486 corpore
1799 4389 1954 4484 integros
1972 4401 2044 4460 tam

466 4501 626 4580 familiari
643 4507 915 4582 conversatione
933 4505 1073 4578 seminis
1092 4505 1270 4603 praecipue
1291 4503 1429 4578 videret
1443 4505 1641 4578 sociatos¹⁸?
1661 4507 1764 4578 Unde
1782 4523 1818 4580 et
1834 4505 1959 4580 beatrrs
1977 4514 2044 4580 du·

466 4627 625 4714 gostinus
648 4632 684 4700 in
709 4630 801 4702 libro
826 4628 870 4699 de
900 4633 1015 4725 Opere
1046 4625 1318 4717 Monachorum,
1344 4626 1439 4724 ipsas
1464 4627 1570 4699 etiam
1599 4625 1763 4700 mulieres
1787 4627 1938 4700 domino
1962 4633 2044 4701 Jesu

498 4877 505 4906 ¹
521 4881 708 4932 Detractattonia
718 4881 768 4934 llS.
785 4881 894 4934 Amb—
905 4880 916 4908 ³
928 4883 1032 4946 lasomr'a
1043 4880 1115 4932 RllS.
1126 4907 1156 4918 -
1168 4881 1179 4909 ⁸
1190 4881 1240 4933 Ca·
1272 4887 1335 4934 tione
1347 4881 1418 4935 llllS.
1428 4880 1479 4923 -'
1491 4881 1532 4934 sie
1547 4881 1696 4935 devotus
1712 4883 1779 4936 Edit.
1796 4883 1867 4936 amb.
1877 4907 1912 4922 -
1923 4881 1945 4910 ¹⁰
1960 4885 2042 4942 Pron..

464 4971 554 5018 runnu
568 4965 638 5017 Rus.
655 4995 681 5004 -
692 4965 702 4992 ⁴
714 4969 811 5031 Esther,
826 4983 880 5035 cap.
897 4985 928 5024 n.
946 4983 968 5020 r.
987 4967 1074 5016 ³.-⁸
1088 4970 1141 5018 Act.
1155 4968 1249 5030 Apate:
1271 4983 1326 5034 cap.
1340 4984 1406 5031 nu,
1419 4985 1442 5019 v.
1458 4976 1478 5020 1.
1492 4993 1523 5004 -
1538 4965 1558 4994 ⁴¹
1572 4965 1651 5020 Sarna.
1663 4983 1747 5031 ccccv,
1760 4969 1820 5032 opp.
1835 4979 1854 5019 t.
1867 4967 1896 5028 V,
1906 4968 1955 5019 col.
1969 4965 2040 5017 1³80.

465 5066 520 5115 cap.
536 5066 592 5114 vru,
605 5065 628 5102 r.
645 5052 687 5101 at.
698 5051 751 5088 -⁸
767 5051 806 5102 Sic
818 5051 886 5104 loc.
899 5077 918 5090 -
931 5054 1028 5114 Quoque
1042 5050 1106 5102 adit.
1121 5051 1195 5102 amb.
1209 5075 1239 5088 -
1272 5077 1305 5092 —
1317 5050 1339 5080 '¹
1350 5053 1420 5103 Rom.
1434 5065 1490 5118 cap.
1505 5065 1553 5115 ιιι,
1567 5067 1591 5103 r.
1608 5054 1647 5104 rt.
1657 5079 1685 5091 -·
1699 5053 1722 5081 ¹⁸
1735 5054 1880 5121 conjunctos
1891 5051 1961 5104 lillS.

454 5139 463 5164 ¹
490 5133 579 5186 Euscb.
596 5136 655 5188 uer.
669 5137 762 5190 Ecclct.
777 5135 820 5187 lib.
834 5135 894 5196 Vll,
909 5151 965 5202 cap.
980 5151 1021 5187 vn.
1042 5161 1065 5172 -
1080 5133 1090 5160 ⁸
1109 5135 1238 5186 Obtrecta-
