<?xml version="1.0" encoding="UTF-8"?>
<!DOCTYPE html PUBLIC "-//W3C//DTD XHTML 1.0 Transitional//EN"
    "http://www.w3.org/TR/xhtml1/DTD/xhtml1-transitional.dtd">
<html xmlns="http://www.w3.org/1999/xhtml" xml:lang="en" lang="en">
 <head>
  <title>
</title>
<meta http-equiv="Content-Type" content="text/html;charset=utf-8" />
  <meta name='ocr-system' content='tesseract 3.04.00' />
  <meta name='ocr-capabilities' content='ocr_page ocr_carea ocr_par ocr_line ocrx_word'/>
</head>
<body>
  <div class='ocr_page' id='page_1' title='image "./petriablardiope01despgoog_0504.png"; bbox 0 0 4510 6108; ppageno 0'>
   <div class='ocr_carea' id='block_1_1' title="bbox 714 599 1836 678">
    <p class='ocr_par' dir='ltr' id='par_1_1' title="bbox 714 599 1836 678">
     <span class='ocr_line' id='line_1_1' title="bbox 714 599 1836 678; baseline 0.004 -6"><span class='ocrx_word' id='word_1_1' title='bbox 714 600 757 674; x_wconf 93' lang='lat' dir='ltr'><strong>lN</strong></span> <span class='ocrx_word' id='word_1_2' title='bbox 781 601 856 672; x_wconf 90' lang='lat' dir='ltr'><strong>DlE</strong></span> <span class='ocrx_word' id='word_1_3' title='bbox 880 599 1184 674; x_wconf 85' lang='lat' dir='ltr'><strong>PENTECOSTES</strong></span> <span class='ocrx_word' id='word_1_4' title='bbox 1208 603 1371 675; x_wconf 85' lang='lat' dir='ltr'><strong>SERMO.</strong></span> <span class='ocrx_word' id='word_1_5' title='bbox 1764 604 1836 678; x_wconf 73' lang='grc'><strong>489</strong></span> 
     </span>
    </p>
   </div>
   <div class='ocr_carea' id='block_1_2' title="bbox 200 705 1839 5049">
    <p class='ocr_par' dir='ltr' id='par_1_2' title="bbox 247 705 1837 1925">
     <span class='ocr_line' id='line_1_2' title="bbox 251 705 1833 840; baseline 0.003 -25"><span class='ocrx_word' id='word_1_6' title='bbox 251 743 441 818; x_wconf 73' lang='lat' dir='ltr'>dicationis</span> <span class='ocrx_word' id='word_1_7' title='bbox 462 743 588 816; x_wconf 77' lang='lat' dir='ltr'><strong>luturae</strong></span> <span class='ocrx_word' id='word_1_8' title='bbox 602 769 611 812; x_wconf 76' lang='grc' dir='ltr'><strong>ι</strong></span> <span class='ocrx_word' id='word_1_9' title='bbox 623 705 687 816; x_wconf 79' lang='lat' dir='ltr'><strong>‘vel</strong></span> <span class='ocrx_word' id='word_1_10' title='bbox 704 741 901 840; x_wconf 85' lang='lat' dir='ltr'><strong>quamdam</strong></span> <span class='ocrx_word' id='word_1_11' title='bbox 916 744 954 816; x_wconf 91' lang='lat' dir='ltr'><strong>in</strong></span> <span class='ocrx_word' id='word_1_12' title='bbox 970 743 1141 818; x_wconf 87' lang='lat' dir='ltr'><strong>cordibus</strong></span> <span class='ocrx_word' id='word_1_13' title='bbox 1162 743 1294 818; x_wconf 79' lang='lat' dir='ltr'><strong>factam</strong></span> <span class='ocrx_word' id='word_1_14' title='bbox 1313 768 1442 818; x_wconf 88' lang='lat' dir='ltr'><strong>vocem</strong></span> <span class='ocrx_word' id='word_1_15' title='bbox 1459 743 1651 817; x_wconf 87' lang='lat' dir='ltr'><strong>locutionis</strong></span> <span class='ocrx_word' id='word_1_16' title='bbox 1669 745 1833 836; x_wconf 75' lang='lat' dir='ltr'><strong>interne,</strong></span> 
     </span>
     <span class='ocr_line' id='line_1_3' title="bbox 248 860 1837 964; baseline 0.004 -32"><span class='ocrx_word' id='word_1_17' title='bbox 248 862 381 960; x_wconf 88' lang='lat' dir='ltr'>Spiritu</span> <span class='ocrx_word' id='word_1_18' title='bbox 397 860 530 934; x_wconf 90' lang='lat' dir='ltr'><strong>scilicet</strong></span> <span class='ocrx_word' id='word_1_19' title='bbox 545 875 754 960; x_wconf 81' lang='lat' dir='ltr'>suggerente</span> <span class='ocrx_word' id='word_1_20' title='bbox 769 862 935 952; x_wconf 87' lang='lat' dir='ltr'><strong>interius,</strong></span> <span class='ocrx_word' id='word_1_21' title='bbox 950 863 1048 936; x_wconf 90' lang='lat' dir='ltr'><strong>unde</strong></span> <span class='ocrx_word' id='word_1_22' title='bbox 1063 862 1296 961; x_wconf 84' lang='lat' dir='ltr'><strong>loquerentur</strong></span> <span class='ocrx_word' id='word_1_23' title='bbox 1316 861 1481 964; x_wconf 82' lang='lat' dir='ltr'><strong>exterius.</strong></span> <span class='ocrx_word' id='word_1_24' title='bbox 1500 862 1627 936; x_wconf 86' lang='lat' dir='ltr'><strong>Merito</strong></span> <span class='ocrx_word' id='word_1_25' title='bbox 1643 860 1837 940; x_wconf 85' lang='lat' dir='ltr'><strong>vehemens</strong></span> 
     </span>
     <span class='ocr_line' id='line_1_4' title="bbox 248 981 1836 1082; baseline 0.003 -28"><span class='ocrx_word' id='word_1_26' title='bbox 248 1006 359 1054; x_wconf 90' lang='lat' dir='ltr'><strong>sonus</strong></span> <span class='ocrx_word' id='word_1_27' title='bbox 379 981 437 1054; x_wconf 91' lang='lat' dir='ltr'><strong>ille</strong></span> <span class='ocrx_word' id='word_1_28' title='bbox 454 982 585 1056; x_wconf 91' lang='lat' dir='ltr'><strong>dicitur</strong></span> <span class='ocrx_word' id='word_1_29' title='bbox 601 984 702 1080; x_wconf 87' lang='lat' dir='ltr'><strong>quasi</strong></span> <span class='ocrx_word' id='word_1_30' title='bbox 720 983 825 1056; x_wconf 78' lang='lat' dir='ltr'><strong>flatus</strong></span> <span class='ocrx_word' id='word_1_31' title='bbox 841 983 1070 1072; x_wconf 81' lang='lat' dir='ltr'><strong>fortissimus,</strong></span> <span class='ocrx_word' id='word_1_32' title='bbox 1088 999 1129 1056; x_wconf 92' lang='lat' dir='ltr'><strong>ut</strong></span> <span class='ocrx_word' id='word_1_33' title='bbox 1148 984 1314 1057; x_wconf 89' lang='lat' dir='ltr'><strong>videlicet</strong></span> <span class='ocrx_word' id='word_1_34' title='bbox 1328 983 1531 1082; x_wconf 83' lang='lat' dir='ltr'>designaret</span> <span class='ocrx_word' id='word_1_35' title='bbox 1546 983 1836 1082; x_wconf 79' lang='lat' dir='ltr'><strong>praedicationem</strong></span> 
     </span>
     <span class='ocr_line' id='line_1_5' title="bbox 249 1087 1836 1201; baseline 0.004 -31"><span class='ocrx_word' id='word_1_36' title='bbox 249 1099 500 1197; x_wconf 85' lang='lat' dir='ltr'><strong>apostolicam,</strong></span> <span class='ocrx_word' id='word_1_37' title='bbox 520 1087 595 1173; x_wconf 90' lang='lat' dir='ltr'><strong>non</strong></span> <span class='ocrx_word' id='word_1_38' title='bbox 609 1100 703 1174; x_wconf 79' lang='lat' dir='ltr'><strong>inira</strong></span> <span class='ocrx_word' id='word_1_39' title='bbox 718 1103 892 1176; x_wconf 91' lang='lat' dir='ltr'><strong>terminos</strong></span> <span class='ocrx_word' id='word_1_40' title='bbox 907 1104 1013 1176; x_wconf 88' lang='lat' dir='ltr'><strong>unius</strong></span> <span class='ocrx_word' id='word_1_41' title='bbox 1029 1101 1175 1192; x_wconf 71' lang='lat' dir='ltr'><strong>tudes,</strong></span> <span class='ocrx_word' id='word_1_42' title='bbox 1193 1104 1284 1174; x_wconf 93' lang='lat' dir='ltr'><strong>sicut</strong></span> <span class='ocrx_word' id='word_1_43' title='bbox 1298 1102 1576 1201; x_wconf 90' lang='lat' dir='ltr'><strong>prophetarum,</strong></span> <span class='ocrx_word' id='word_1_44' title='bbox 1596 1127 1672 1176; x_wconf 89' lang='lat' dir='ltr'><strong>esse</strong></span> <span class='ocrx_word' id='word_1_45' title='bbox 1687 1103 1836 1178; x_wconf 91' lang='lat' dir='ltr'><strong>conclu·</strong></span> 
     </span>
     <span class='ocr_line' id='line_1_6' title="bbox 248 1220 1837 1321; baseline 0.004 -30"><span class='ocrx_word' id='word_1_46' title='bbox 248 1220 423 1310; x_wconf 89' lang='lat' dir='ltr'><strong>dendam,</strong></span> <span class='ocrx_word' id='word_1_47' title='bbox 443 1221 507 1296; x_wconf 87' lang='lat' dir='ltr'><strong>sed</strong></span> <span class='ocrx_word' id='word_1_48' title='bbox 522 1223 625 1319; x_wconf 80' lang='lat' dir='ltr'><strong>quasi</strong></span> <span class='ocrx_word' id='word_1_49' title='bbox 642 1247 707 1321; x_wconf 92' lang='lat' dir='ltr'><strong>per</strong></span> <span class='ocrx_word' id='word_1_50' title='bbox 725 1225 932 1296; x_wconf 90' lang='lat' dir='ltr'><strong>universum</strong></span> <span class='ocrx_word' id='word_1_51' title='bbox 952 1224 1131 1298; x_wconf 90' lang='lat' dir='ltr'><strong>mundum</strong></span> <span class='ocrx_word' id='word_1_52' title='bbox 1150 1223 1316 1298; x_wconf 88' lang='lat' dir='ltr'><strong>flaturam</strong></span> <span class='ocrx_word' id='word_1_53' title='bbox 1333 1239 1369 1296; x_wconf 94' lang='lat' dir='ltr'><strong>et</strong></span> <span class='ocrx_word' id='word_1_54' title='bbox 1386 1223 1619 1298; x_wconf 81' lang='lat' dir='ltr'><strong>dilatandam.</strong></span> <span class='ocrx_word' id='word_1_55' title='bbox 1643 1224 1761 1298; x_wconf 81' lang='lat' dir='ltr'><strong>Fletus</strong></span> <span class='ocrx_word' id='word_1_56' title='bbox 1777 1225 1837 1298; x_wconf 87' lang='lat' dir='ltr'><strong>ille</strong></span> 
     </span>
     <span class='ocr_line' id='line_1_7' title="bbox 248 1339 1837 1444; baseline 0.004 -33"><span class='ocrx_word' id='word_1_57' title='bbox 248 1339 441 1412; x_wconf 88' lang='lat' dir='ltr'><strong>vehemens</strong></span> <span class='ocrx_word' id='word_1_58' title='bbox 452 1339 604 1414; x_wconf 92' lang='lat' dir='ltr'><strong>domum</strong></span> <span class='ocrx_word' id='word_1_59' title='bbox 613 1342 743 1440; x_wconf 89' lang='lat' dir='ltr'><strong>replet,</strong></span> <span class='ocrx_word' id='word_1_60' title='bbox 758 1368 834 1418; x_wconf 91' lang='lat' dir='ltr'><strong>non</strong></span> <span class='ocrx_word' id='word_1_61' title='bbox 845 1343 1089 1418; x_wconf 87' lang='lat' dir='ltr'><strong>concutiendo</strong></span> <span class='ocrx_word' id='word_1_62' title='bbox 1100 1342 1158 1416; x_wconf 90' lang='lat' dir='ltr'><strong>vel</strong></span> <span class='ocrx_word' id='word_1_63' title='bbox 1169 1342 1389 1442; x_wconf 89' lang='lat' dir='ltr'><strong>impellendo</strong></span> <span class='ocrx_word' id='word_1_64' title='bbox 1403 1342 1559 1434; x_wconf 87' lang='lat' dir='ltr'><strong>subruit,</strong></span> <span class='ocrx_word' id='word_1_65' title='bbox 1571 1346 1673 1441; x_wconf 89' lang='lat' dir='ltr'><strong>quasi</strong></span> <span class='ocrx_word' id='word_1_66' title='bbox 1685 1347 1837 1444; x_wconf 76' lang='lat' dir='ltr'><strong>Spiritus</strong></span> 
     </span>
     <span class='ocr_line' id='line_1_8' title="bbox 247 1461 1833 1560; baseline 0.003 -28"><span class='ocrx_word' id='word_1_67' title='bbox 247 1461 360 1532; x_wconf 85' lang='lat' dir='ltr'><strong>sancti</strong></span> <span class='ocrx_word' id='word_1_68' title='bbox 381 1476 434 1532; x_wconf 89' lang='lat' dir='ltr'><strong>est</strong></span> <span class='ocrx_word' id='word_1_69' title='bbox 459 1461 625 1560; x_wconf 91' lang='lat' dir='ltr'><strong>supplere</strong></span> <span class='ocrx_word' id='word_1_70' title='bbox 646 1463 878 1560; x_wconf 80' lang='lat' dir='ltr'><strong>imperfecta,</strong></span> <span class='ocrx_word' id='word_1_71' title='bbox 901 1487 978 1536; x_wconf 89' lang='lat' dir='ltr'><strong>non</strong></span> <span class='ocrx_word' id='word_1_72' title='bbox 1002 1462 1186 1536; x_wconf 88' lang='lat' dir='ltr'><strong>destruere</strong></span> <span class='ocrx_word' id='word_1_73' title='bbox 1205 1462 1374 1536; x_wconf 84' lang='lat' dir='ltr'><strong>inchoata</strong></span> <span class='ocrx_word' id='word_1_74' title='bbox 1395 1461 1505 1536; x_wconf 88' lang='lat' dir='ltr'><strong>bona.</strong></span> <span class='ocrx_word' id='word_1_75' title='bbox 1533 1462 1637 1536; x_wconf 87' lang='lat' dir='ltr'><strong>Unde</strong></span> <span class='ocrx_word' id='word_1_76' title='bbox 1658 1466 1833 1540; x_wconf 60' lang='lat' dir='ltr'><strong>Veritas:</strong></span> 
     </span>
     <span class='ocr_line' id='line_1_9' title="bbox 251 1583 1837 1685; baseline 0.007 -37"><span class='ocrx_word' id='word_1_77' title='bbox 251 1611 269 1649; x_wconf 82' lang='grc' dir='ltr'><strong>ι</strong></span> <span class='ocrx_word' id='word_1_78' title='bbox 281 1585 359 1654; x_wconf 89' lang='lat' dir='ltr'><strong>Non</strong></span> <span class='ocrx_word' id='word_1_79' title='bbox 374 1583 456 1654; x_wconf 91' lang='lat' dir='ltr'><strong>veni</strong></span> <span class='ocrx_word' id='word_1_80' title='bbox 474 1583 634 1673; x_wconf 88' lang='lat' dir='ltr'><strong>solvere,</strong></span> <span class='ocrx_word' id='word_1_81' title='bbox 653 1613 671 1652; x_wconf 86' lang='grc' dir='ltr'><strong>ιι</strong></span> <span class='ocrx_word' id='word_1_82' title='bbox 690 1586 824 1684; x_wconf 90' lang='lat' dir='ltr'><strong>inquit,</strong></span> <span class='ocrx_word' id='word_1_83' title='bbox 842 1586 1006 1682; x_wconf 77' lang='lat' dir='ltr'><strong>«legem,</strong></span> <span class='ocrx_word' id='word_1_84' title='bbox 1025 1585 1089 1660; x_wconf 90' lang='lat' dir='ltr'><strong>sed</strong></span> <span class='ocrx_word' id='word_1_85' title='bbox 1105 1585 1314 1685; x_wconf 85' lang='lat' dir='ltr'><strong>adimplere.</strong></span> <span class='ocrx_word' id='word_1_86' title='bbox 1328 1613 1346 1652; x_wconf 88' lang='grc' dir='ltr'><strong>ιι</strong></span> <span class='ocrx_word' id='word_1_87' title='bbox 1365 1589 1409 1656; x_wconf 88' lang='grc' dir='ltr'><strong>Ει</strong></span> <span class='ocrx_word' id='word_1_88' title='bbox 1429 1585 1474 1658; x_wconf 91' lang='lat' dir='ltr'><strong>de</strong></span> <span class='ocrx_word' id='word_1_89' title='bbox 1496 1584 1567 1656; x_wconf 91' lang='lat' dir='ltr'><strong>hoc</strong></span> <span class='ocrx_word' id='word_1_90' title='bbox 1582 1585 1662 1684; x_wconf 91' lang='lat' dir='ltr'><strong>ipso</strong></span> <span class='ocrx_word' id='word_1_91' title='bbox 1679 1585 1837 1659; x_wconf 86' lang='lat' dir='ltr'><strong>adventu</strong></span> 
     </span>
     <span class='ocr_line' id='line_1_10' title="bbox 247 1702 1836 1806; baseline 0.004 -35"><span class='ocrx_word' id='word_1_92' title='bbox 247 1702 415 1798; x_wconf 89' lang='lat' dir='ltr'><strong>Spiritus,</strong></span> <span class='ocrx_word' id='word_1_93' title='bbox 444 1717 481 1772; x_wconf 91' lang='lat' dir='ltr'><strong>et</strong></span> <span class='ocrx_word' id='word_1_94' title='bbox 508 1702 554 1774; x_wconf 89' lang='lat' dir='ltr'><strong>de</strong></span> <span class='ocrx_word' id='word_1_95' title='bbox 579 1703 799 1801; x_wconf 84' lang='lat' dir='ltr'><strong>perfectione</strong></span> <span class='ocrx_word' id='word_1_96' title='bbox 825 1704 999 1780; x_wconf 70' lang='lat' dir='ltr'><strong>doctrinae</strong></span> <span class='ocrx_word' id='word_1_97' title='bbox 1026 1707 1261 1806; x_wconf 85' lang='lat' dir='ltr'><strong>promiserat,</strong></span> <span class='ocrx_word' id='word_1_98' title='bbox 1287 1705 1454 1780; x_wconf 73' lang='lat' dir='ltr'><strong>dicem&#39;:</strong></span> <span class='ocrx_word' id='word_1_99' title='bbox 1477 1733 1496 1774; x_wconf 87' lang='lat' dir='ltr'><strong>u</strong></span> <span class='ocrx_word' id='word_1_100' title='bbox 1511 1703 1574 1776; x_wconf 89' lang='lat' dir='ltr'><strong>Ille</strong></span> <span class='ocrx_word' id='word_1_101' title='bbox 1597 1704 1743 1778; x_wconf 87' lang='lat' dir='ltr'><strong>docebit</strong></span> <span class='ocrx_word' id='word_1_102' title='bbox 1770 1731 1836 1778; x_wconf 92' lang='lat' dir='ltr'><strong>vos</strong></span> 
     </span>
     <span class='ocr_line' id='line_1_11' title="bbox 247 1824 1653 1925; baseline 0.002 -33"><span class='ocrx_word' id='word_1_103' title='bbox 247 1845 393 1894; x_wconf 83' lang='lat' dir='ltr'><strong>onmem</strong></span> <span class='ocrx_word' id='word_1_104' title='bbox 412 1824 615 1914; x_wconf 84' lang='lat' dir='ltr'><strong>veritatem,</strong></span> <span class='ocrx_word' id='word_1_105' title='bbox 637 1839 672 1897; x_wconf 89' lang='lat' dir='ltr'><strong>et</strong></span> <span class='ocrx_word' id='word_1_106' title='bbox 687 1841 851 1922; x_wconf 82' lang='lat' dir='ltr'><strong>suggeret</strong></span> <span class='ocrx_word' id='word_1_107' title='bbox 866 1827 969 1906; x_wconf 91' lang='lat' dir='ltr'><strong>vobis</strong></span> <span class='ocrx_word' id='word_1_108' title='bbox 986 1827 1112 1900; x_wconf 88' lang='lat' dir='ltr'><strong>omnia</strong></span> <span class='ocrx_word' id='word_1_109' title='bbox 1128 1852 1350 1925; x_wconf 71' lang='lat' dir='ltr'><strong>quecunque</strong></span> <span class='ocrx_word' id='word_1_110' title='bbox 1367 1825 1491 1900; x_wconf 88' lang='lat' dir='ltr'><strong>dixero</strong></span> <span class='ocrx_word' id='word_1_111' title='bbox 1505 1826 1621 1898; x_wconf 86' lang='lat' dir='ltr'><strong>vobis.</strong></span> <span class='ocrx_word' id='word_1_112' title='bbox 1634 1856 1653 1894; x_wconf 88' lang='grc' dir='ltr'><strong>ιι</strong></span> 
     </span>
    </p>

    <p class='ocr_par' dir='ltr' id='par_1_3' title="bbox 200 1943 1839 5049">
     <span class='ocr_line' id='line_1_12' title="bbox 295 1943 1832 2044; baseline 0.005 -32"><span class='ocrx_word' id='word_1_113' title='bbox 295 1943 457 2037; x_wconf 85' lang='lat' dir='ltr'><strong>Legimus</strong></span> <span class='ocrx_word' id='word_1_114' title='bbox 487 1957 634 2015; x_wconf 91' lang='lat' dir='ltr'><strong>ventum</strong></span> <span class='ocrx_word' id='word_1_115' title='bbox 660 1948 834 2020; x_wconf 84' lang='lat' dir='ltr'><strong>aSatana</strong></span> <span class='ocrx_word' id='word_1_116' title='bbox 855 1947 1073 2036; x_wconf 91' lang='lat' dir='ltr'><strong>immissum,</strong></span> <span class='ocrx_word' id='word_1_117' title='bbox 1099 1971 1184 2020; x_wconf 90' lang='lat' dir='ltr'><strong>cum</strong></span> <span class='ocrx_word' id='word_1_118' title='bbox 1206 1947 1310 2020; x_wconf 85' lang='lat' dir='ltr'><strong>ruina</strong></span> <span class='ocrx_word' id='word_1_119' title='bbox 1336 1945 1467 2020; x_wconf 89' lang='lat' dir='ltr'><strong>domus</strong></span> <span class='ocrx_word' id='word_1_120' title='bbox 1494 1970 1605 2044; x_wconf 81' lang='lat' dir='ltr'><strong>quam</strong></span> <span class='ocrx_word' id='word_1_121' title='bbox 1627 1949 1832 2038; x_wconf 81' lang='lat' dir='ltr'><strong>concussit,</strong></span> 
     </span>
     <span class='ocr_line' id='line_1_13' title="bbox 246 2059 1836 2164; baseline 0.006 -33"><span class='ocrx_word' id='word_1_122' title='bbox 246 2059 338 2132; x_wconf 83' lang='lat' dir='ltr'><strong>lilios</strong></span> <span class='ocrx_word' id='word_1_123' title='bbox 355 2076 390 2132; x_wconf 92' lang='lat' dir='ltr'><strong>et</strong></span> <span class='ocrx_word' id='word_1_124' title='bbox 413 2061 492 2134; x_wconf 86' lang='lat' dir='ltr'><strong>filiae</strong></span> <span class='ocrx_word' id='word_1_125' title='bbox 511 2061 580 2134; x_wconf 80' lang='lat' dir='ltr'><strong>lob</strong></span> <span class='ocrx_word' id='word_1_126' title='bbox 601 2063 817 2154; x_wconf 81' lang='lat' dir='ltr'><strong>extinxisse³,</strong></span> <span class='ocrx_word' id='word_1_127' title='bbox 842 2067 926 2163; x_wconf 90' lang='lat' dir='ltr'><strong>quia</strong></span> <span class='ocrx_word' id='word_1_128' title='bbox 943 2063 1036 2140; x_wconf 90' lang='lat' dir='ltr'><strong>illius</strong></span> <span class='ocrx_word' id='word_1_129' title='bbox 1059 2081 1113 2138; x_wconf 89' lang='lat' dir='ltr'><strong>est</strong></span> <span class='ocrx_word' id='word_1_130' title='bbox 1128 2067 1296 2164; x_wconf 85' lang='lat' dir='ltr'><strong>perdere,</strong></span> <span class='ocrx_word' id='word_1_131' title='bbox 1317 2091 1393 2140; x_wconf 91' lang='lat' dir='ltr'><strong>non</strong></span> <span class='ocrx_word' id='word_1_132' title='bbox 1416 2065 1571 2154; x_wconf 86' lang='lat' dir='ltr'><strong>salvare,</strong></span> <span class='ocrx_word' id='word_1_133' title='bbox 1593 2081 1630 2137; x_wconf 91' lang='lat' dir='ltr'><strong>et</strong></span> <span class='ocrx_word' id='word_1_134' title='bbox 1652 2066 1836 2164; x_wconf 84' lang='lat' dir='ltr'><strong>destrucre</strong></span> 
     </span>
     <span class='ocr_line' id='line_1_14' title="bbox 246 2179 1833 2283; baseline 0.006 -33"><span class='ocrx_word' id='word_1_135' title='bbox 246 2180 356 2276; x_wconf 90' lang='lat' dir='ltr'><strong>magis</strong></span> <span class='ocrx_word' id='word_1_136' title='bbox 373 2205 483 2277; x_wconf 92' lang='lat' dir='ltr'><strong>quam</strong></span> <span class='ocrx_word' id='word_1_137' title='bbox 507 2179 695 2254; x_wconf 75' lang='lat' dir='ltr'><strong>aedificare.</strong></span> <span class='ocrx_word' id='word_1_138' title='bbox 724 2185 788 2254; x_wconf 92' lang='lat' dir='ltr'><strong>Hic</strong></span> <span class='ocrx_word' id='word_1_139' title='bbox 810 2199 931 2258; x_wconf 90' lang='lat' dir='ltr'><strong>autem</strong></span> <span class='ocrx_word' id='word_1_140' title='bbox 957 2183 1061 2258; x_wconf 87' lang='lat' dir='ltr'><strong>llatus</strong></span> <span class='ocrx_word' id='word_1_141' title='bbox 1083 2187 1181 2256; x_wconf 88' lang='lat' dir='ltr'><strong>venti</strong></span> <span class='ocrx_word' id='word_1_142' title='bbox 1202 2209 1431 2283; x_wconf 84' lang='lat' dir='ltr'><strong>nequaquam</strong></span> <span class='ocrx_word' id='word_1_143' title='bbox 1451 2185 1603 2260; x_wconf 90' lang='lat' dir='ltr'><strong>domum</strong></span> <span class='ocrx_word' id='word_1_144' title='bbox 1626 2184 1833 2276; x_wconf 77' lang='lat' dir='ltr'><strong>labefactat,</strong></span> 
     </span>
     <span class='ocr_line' id='line_1_15' title="bbox 245 2293 1839 2403; baseline 0.004 -31"><span class='ocrx_word' id='word_1_145' title='bbox 245 2299 308 2373; x_wconf 90' lang='lat' dir='ltr'><strong>sed</strong></span> <span class='ocrx_word' id='word_1_146' title='bbox 323 2293 542 2375; x_wconf 86' lang='lat' dir='ltr'><strong>incolumem</strong></span> <span class='ocrx_word' id='word_1_147' title='bbox 560 2317 809 2376; x_wconf 82' lang='lat' dir='ltr'><strong>conservatam</strong></span> <span class='ocrx_word' id='word_1_148' title='bbox 824 2305 951 2395; x_wconf 87' lang='lat' dir='ltr'><strong>intrat,</strong></span> <span class='ocrx_word' id='word_1_149' title='bbox 963 2319 1000 2376; x_wconf 90' lang='lat' dir='ltr'><strong>et</strong></span> <span class='ocrx_word' id='word_1_150' title='bbox 1010 2303 1233 2378; x_wconf 88' lang='lat' dir='ltr'><strong>vehementis</strong></span> <span class='ocrx_word' id='word_1_151' title='bbox 1253 2320 1372 2378; x_wconf 89' lang='lat' dir='ltr'><strong>motus</strong></span> <span class='ocrx_word' id='word_1_152' title='bbox 1380 2307 1573 2402; x_wconf 76' lang='lat' dir='ltr'><strong>agitatione</strong></span> <span class='ocrx_word' id='word_1_153' title='bbox 1585 2307 1708 2403; x_wconf 91' lang='lat' dir='ltr'><strong>ignem</strong></span> <span class='ocrx_word' id='word_1_154' title='bbox 1719 2309 1839 2382; x_wconf 84' lang='lat' dir='ltr'><strong>eonci-</strong></span> 
     </span>
     <span class='ocr_line' id='line_1_16' title="bbox 244 2421 1835 2522; baseline 0.003 -30"><span class='ocrx_word' id='word_1_155' title='bbox 244 2435 324 2492; x_wconf 88' lang='lat' dir='ltr'><strong>tans</strong></span> <span class='ocrx_word' id='word_1_156' title='bbox 338 2421 375 2490; x_wconf 91' lang='lat' dir='ltr'><strong>in</strong></span> <span class='ocrx_word' id='word_1_157' title='bbox 392 2445 491 2510; x_wconf 90' lang='lat' dir='ltr'><strong>aere,</strong></span> <span class='ocrx_word' id='word_1_158' title='bbox 505 2422 620 2518; x_wconf 90' lang='lat' dir='ltr'><strong>ipsam</strong></span> <span class='ocrx_word' id='word_1_159' title='bbox 629 2445 740 2519; x_wconf 89' lang='lat' dir='ltr'><strong>quam</strong></span> <span class='ocrx_word' id='word_1_160' title='bbox 755 2423 865 2494; x_wconf 89' lang='lat' dir='ltr'><strong>intrat</strong></span> <span class='ocrx_word' id='word_1_161' title='bbox 876 2421 1068 2496; x_wconf 88' lang='lat' dir='ltr'><strong>illuminat.</strong></span> <span class='ocrx_word' id='word_1_162' title='bbox 1086 2424 1180 2519; x_wconf 89' lang='lat' dir='ltr'><strong>Ignis</strong></span> <span class='ocrx_word' id='word_1_163' title='bbox 1193 2425 1255 2520; x_wconf 90' lang='lat' dir='ltr'><strong>qui</strong></span> <span class='ocrx_word' id='word_1_164' title='bbox 1267 2438 1303 2494; x_wconf 90' lang='lat' dir='ltr'><strong>et</strong></span> <span class='ocrx_word' id='word_1_165' title='bbox 1313 2423 1479 2522; x_wconf 90' lang='lat' dir='ltr'><strong>splendet</strong></span> <span class='ocrx_word' id='word_1_166' title='bbox 1490 2439 1526 2494; x_wconf 90' lang='lat' dir='ltr'><strong>et</strong></span> <span class='ocrx_word' id='word_1_167' title='bbox 1539 2423 1648 2512; x_wconf 86' lang='lat' dir='ltr'><strong>calet,</strong></span> <span class='ocrx_word' id='word_1_168' title='bbox 1660 2425 1732 2496; x_wconf 92' lang='lat' dir='ltr'><strong>hoc</strong></span> <span class='ocrx_word' id='word_1_169' title='bbox 1749 2424 1835 2500; x_wconf 86' lang='lat' dir='ltr'><strong>flatu</strong></span> 
     </span>
     <span class='ocr_line' id='line_1_17' title="bbox 244 2541 1837 2640; baseline 0.001 -28"><span class='ocrx_word' id='word_1_170' title='bbox 244 2543 341 2613; x_wconf 92' lang='lat' dir='ltr'><strong>venti</strong></span> <span class='ocrx_word' id='word_1_171' title='bbox 359 2566 465 2640; x_wconf 91' lang='lat' dir='ltr'><strong>super</strong></span> <span class='ocrx_word' id='word_1_172' title='bbox 484 2542 666 2640; x_wconf 89' lang='lat' dir='ltr'><strong>apostolos</strong></span> <span class='ocrx_word' id='word_1_173' title='bbox 685 2558 873 2638; x_wconf 87' lang='lat' dir='ltr'><strong>generatus</strong></span> <span class='ocrx_word' id='word_1_174' title='bbox 887 2541 925 2616; x_wconf 92' lang='lat' dir='ltr'><strong>in</strong></span> <span class='ocrx_word' id='word_1_175' title='bbox 942 2567 1043 2633; x_wconf 88' lang='lat' dir='ltr'><strong>aere,</strong></span> <span class='ocrx_word' id='word_1_176' title='bbox 1061 2542 1277 2616; x_wconf 88' lang='lat' dir='ltr'><strong>illuminatio</strong></span> <span class='ocrx_word' id='word_1_177' title='bbox 1297 2544 1427 2616; x_wconf 91' lang='lat' dir='ltr'><strong>mentis</strong></span> <span class='ocrx_word' id='word_1_178' title='bbox 1445 2557 1515 2631; x_wconf 89' lang='lat' dir='ltr'><strong>est,</strong></span> <span class='ocrx_word' id='word_1_179' title='bbox 1537 2557 1571 2614; x_wconf 89' lang='lat' dir='ltr'><strong>et</strong></span> <span class='ocrx_word' id='word_1_180' title='bbox 1587 2542 1734 2618; x_wconf 86' lang='lat' dir='ltr'><strong>flamma</strong></span> <span class='ocrx_word' id='word_1_181' title='bbox 1750 2547 1837 2616; x_wconf 87' lang='lat' dir='ltr'><strong>cari-</strong></span> 
     </span>
     <span class='ocr_line' id='line_1_18' title="bbox 245 2653 1835 2763; baseline 0.003 -31"><span class='ocrx_word' id='word_1_182' title='bbox 245 2660 325 2732; x_wconf 91' lang='lat' dir='ltr'><strong>tatis</strong></span> <span class='ocrx_word' id='word_1_183' title='bbox 341 2659 587 2758; x_wconf 87' lang='lat' dir='ltr'><strong>apostolorum</strong></span> <span class='ocrx_word' id='word_1_184' title='bbox 605 2653 777 2734; x_wconf 88' lang='lat' dir='ltr'><strong>cordibus</strong></span> <span class='ocrx_word' id='word_1_185' title='bbox 797 2661 908 2736; x_wconf 88' lang='lat' dir='ltr'><strong>hodic</strong></span> <span class='ocrx_word' id='word_1_186' title='bbox 927 2664 1125 2763; x_wconf 80' lang='lat' dir='ltr'><strong>inspiratae,</strong></span> <span class='ocrx_word' id='word_1_187' title='bbox 1144 2677 1181 2736; x_wconf 91' lang='lat' dir='ltr'><strong>et</strong></span> <span class='ocrx_word' id='word_1_188' title='bbox 1196 2663 1234 2734; x_wconf 86' lang='lat' dir='ltr'><strong>in</strong></span> <span class='ocrx_word' id='word_1_189' title='bbox 1253 2665 1438 2762; x_wconf 87' lang='lat' dir='ltr'><strong>superiore</strong></span> <span class='ocrx_word' id='word_1_190' title='bbox 1454 2663 1611 2734; x_wconf 92' lang='lat' dir='ltr'><strong>hominis</strong></span> <span class='ocrx_word' id='word_1_191' title='bbox 1628 2678 1747 2760; x_wconf 79' lang='lat' dir='ltr'><strong>parte,</strong></span> <span class='ocrx_word' id='word_1_192' title='bbox 1763 2664 1835 2736; x_wconf 91' lang='lat' dir='ltr'><strong>hoc</strong></span> 
     </span>
     <span class='ocr_line' id='line_1_19' title="bbox 243 2779 1838 2880; baseline 0.003 -29"><span class='ocrx_word' id='word_1_193' title='bbox 243 2795 298 2851; x_wconf 88' lang='lat' dir='ltr'><strong>est</strong></span> <span class='ocrx_word' id='word_1_194' title='bbox 313 2779 541 2870; x_wconf 83' lang='lat' dir='ltr'><strong>inanimam,</strong></span> <span class='ocrx_word' id='word_1_195' title='bbox 557 2805 622 2879; x_wconf 88' lang='lat' dir='ltr'><strong>per</strong></span> <span class='ocrx_word' id='word_1_196' title='bbox 633 2781 801 2880; x_wconf 90' lang='lat' dir='ltr'><strong>spiritum</strong></span> <span class='ocrx_word' id='word_1_197' title='bbox 817 2781 929 2856; x_wconf 68' lang='grc' dir='ltr'><strong>ιιοιι.</strong></span> <span class='ocrx_word' id='word_1_198' title='bbox 949 2784 1045 2878; x_wconf 89' lang='lat' dir='ltr'><strong>Ignis</strong></span> <span class='ocrx_word' id='word_1_199' title='bbox 1067 2783 1132 2856; x_wconf 88' lang='lat' dir='ltr'><strong>iste</strong></span> <span class='ocrx_word' id='word_1_200' title='bbox 1148 2783 1185 2852; x_wconf 90' lang='lat' dir='ltr'><strong>in</strong></span> <span class='ocrx_word' id='word_1_201' title='bbox 1204 2781 1322 2854; x_wconf 82' lang='lat' dir='ltr'><strong>forma</strong></span> <span class='ocrx_word' id='word_1_202' title='bbox 1339 2781 1542 2877; x_wconf 86' lang='lat' dir='ltr'><strong>linguarum</strong></span> <span class='ocrx_word' id='word_1_203' title='bbox 1558 2781 1713 2853; x_wconf 82' lang='lat' dir='ltr'><strong>exterius</strong></span> <span class='ocrx_word' id='word_1_204' title='bbox 1730 2807 1838 2880; x_wconf 86' lang='lat' dir='ltr'><strong>appa·</strong></span> 
     </span>
     <span class='ocr_line' id='line_1_20' title="bbox 244 2899 1833 3000; baseline 0.002 -29"><span class='ocrx_word' id='word_1_205' title='bbox 244 2901 332 2990; x_wconf 89' lang='lat' dir='ltr'><strong>ruit,</strong></span> <span class='ocrx_word' id='word_1_206' title='bbox 344 2902 428 2998; x_wconf 89' lang='lat' dir='ltr'><strong>quia</strong></span> <span class='ocrx_word' id='word_1_207' title='bbox 445 2925 510 2999; x_wconf 91' lang='lat' dir='ltr'><strong>per</strong></span> <span class='ocrx_word' id='word_1_208' title='bbox 526 2899 635 2973; x_wconf 90' lang='lat' dir='ltr'><strong>verba</strong></span> <span class='ocrx_word' id='word_1_209' title='bbox 652 2902 934 3000; x_wconf 79' lang='lat' dir='ltr'><strong>pnedicationis,</strong></span> <span class='ocrx_word' id='word_1_210' title='bbox 947 2903 1039 3000; x_wconf 93' lang='lat' dir='ltr'><strong>quid</strong></span> <span class='ocrx_word' id='word_1_211' title='bbox 1060 2902 1156 2976; x_wconf 89' lang='lat' dir='ltr'><strong>intus</strong></span> <span class='ocrx_word' id='word_1_212' title='bbox 1173 2901 1346 2990; x_wconf 82' lang='lat' dir='ltr'><strong>scientiae,</strong></span> <span class='ocrx_word' id='word_1_213' title='bbox 1367 2901 1455 2998; x_wconf 90' lang='lat' dir='ltr'><strong>quid</strong></span> <span class='ocrx_word' id='word_1_214' title='bbox 1471 2900 1627 2971; x_wconf 88' lang='lat' dir='ltr'><strong>caritatis</strong></span> <span class='ocrx_word' id='word_1_215' title='bbox 1641 2900 1833 2991; x_wconf 84' lang='lat' dir='ltr'><strong>habeatur,</strong></span> 
     </span>
     <span class='ocr_line' id='line_1_21' title="bbox 244 3019 1835 3123; baseline 0.003 -31"><span class='ocrx_word' id='word_1_216' title='bbox 244 3019 471 3093; x_wconf 86' lang='lat' dir='ltr'><strong>audientibus</strong></span> <span class='ocrx_word' id='word_1_217' title='bbox 486 3021 690 3094; x_wconf 87' lang='lat' dir='ltr'><strong>innotescit.</strong></span> <span class='ocrx_word' id='word_1_218' title='bbox 710 3023 853 3118; x_wconf 85' lang='lat' dir='ltr'><strong>Linguae</strong></span> <span class='ocrx_word' id='word_1_219' title='bbox 861 3022 998 3123; x_wconf 13' lang='lat' dir='ltr'><strong>lignee,</strong></span> <span class='ocrx_word' id='word_1_220' title='bbox 1016 3021 1088 3094; x_wconf 90' lang='lat' dir='ltr'><strong>hoc</strong></span> <span class='ocrx_word' id='word_1_221' title='bbox 1104 3036 1158 3094; x_wconf 88' lang='lat' dir='ltr'><strong>est</strong></span> <span class='ocrx_word' id='word_1_222' title='bbox 1173 3020 1219 3092; x_wconf 92' lang='lat' dir='ltr'><strong>de</strong></span> <span class='ocrx_word' id='word_1_223' title='bbox 1232 3021 1307 3117; x_wconf 91' lang='lat' dir='ltr'><strong>igni</strong></span> <span class='ocrx_word' id='word_1_224' title='bbox 1323 3019 1423 3094; x_wconf 83' lang='lat' dir='ltr'><strong>factae</strong></span> <span class='ocrx_word' id='word_1_225' title='bbox 1439 3036 1703 3109; x_wconf 88' lang='lat' dir='ltr'><strong>memorantur,</strong></span> <span class='ocrx_word' id='word_1_226' title='bbox 1722 3045 1835 3118; x_wconf 88' lang='lat' dir='ltr'><strong>quum</strong></span> 
     </span>
     <span class='ocr_line' id='line_1_22' title="bbox 243 3139 1832 3241; baseline 0.001 -29"><span class='ocrx_word' id='word_1_227' title='bbox 243 3141 396 3239; x_wconf 91' lang='lat' dir='ltr'><strong>apostoli</strong></span> <span class='ocrx_word' id='word_1_228' title='bbox 418 3167 459 3213; x_wconf 84' lang='lat' dir='ltr'><strong>ex</strong></span> <span class='ocrx_word' id='word_1_229' title='bbox 485 3143 562 3240; x_wconf 88' lang='lat' dir='ltr'><strong>ipsa</strong></span> <span class='ocrx_word' id='word_1_230' title='bbox 586 3142 732 3216; x_wconf 86' lang='lat' dir='ltr'><strong>caritate</strong></span> <span class='ocrx_word' id='word_1_231' title='bbox 754 3167 828 3241; x_wconf 87' lang='lat' dir='ltr'><strong>qua</strong></span> <span class='ocrx_word' id='word_1_232' title='bbox 848 3141 1055 3232; x_wconf 80' lang='lat' dir='ltr'><strong>fervebant,</strong></span> <span class='ocrx_word' id='word_1_233' title='bbox 1079 3157 1115 3214; x_wconf 88' lang='lat' dir='ltr'><strong>et</strong></span> <span class='ocrx_word' id='word_1_234' title='bbox 1136 3142 1285 3217; x_wconf 88' lang='lat' dir='ltr'><strong>scientia</strong></span> <span class='ocrx_word' id='word_1_235' title='bbox 1307 3165 1419 3238; x_wconf 86' lang='lat' dir='ltr'><strong>quam</strong></span> <span class='ocrx_word' id='word_1_236' title='bbox 1442 3139 1490 3211; x_wconf 94' lang='lat' dir='ltr'><strong>ob</strong></span> <span class='ocrx_word' id='word_1_237' title='bbox 1511 3139 1583 3210; x_wconf 91' lang='lat' dir='ltr'><strong>hoc</strong></span> <span class='ocrx_word' id='word_1_238' title='bbox 1601 3156 1832 3239; x_wconf 84' lang='lat' dir='ltr'><strong>acceperant,</strong></span> 
     </span>
     <span class='ocr_line' id='line_1_23' title="bbox 244 3260 1836 3362; baseline 0.001 -30"><span class='ocrx_word' id='word_1_239' title='bbox 244 3263 436 3359; x_wconf 84' lang='lat' dir='ltr'><strong>praedicare</strong></span> <span class='ocrx_word' id='word_1_240' title='bbox 458 3262 635 3361; x_wconf 88' lang='lat' dir='ltr'><strong>compulsi</strong></span> <span class='ocrx_word' id='word_1_241' title='bbox 658 3290 667 3333; x_wconf 77' lang='lat' dir='ltr'><strong>r</strong></span> <span class='ocrx_word' id='word_1_242' title='bbox 691 3262 748 3336; x_wconf 91' lang='lat' dir='ltr'><strong>his</strong></span> <span class='ocrx_word' id='word_1_243' title='bbox 774 3288 921 3362; x_wconf 90' lang='lat' dir='ltr'><strong>quoque</strong></span> <span class='ocrx_word' id='word_1_244' title='bbox 943 3261 1088 3336; x_wconf 87' lang='lat' dir='ltr'><strong>duobus</strong></span> <span class='ocrx_word' id='word_1_245' title='bbox 1114 3261 1227 3334; x_wconf 87' lang='lat' dir='ltr'><strong>corda</strong></span> <span class='ocrx_word' id='word_1_246' title='bbox 1249 3261 1455 3335; x_wconf 89' lang='lat' dir='ltr'><strong>auditorum</strong></span> <span class='ocrx_word' id='word_1_247' title='bbox 1478 3260 1711 3333; x_wconf 86' lang='lat' dir='ltr'><strong>illuminaturi</strong></span> <span class='ocrx_word' id='word_1_248' title='bbox 1733 3279 1836 3335; x_wconf 91' lang='lat' dir='ltr'><strong>erant</strong></span> 
     </span>
     <span class='ocr_line' id='line_1_24' title="bbox 244 3380 1832 3484; baseline -0.001 -26"><span class='ocrx_word' id='word_1_249' title='bbox 244 3399 350 3482; x_wconf 85' lang='lat' dir='ltr'><strong>atque</strong></span> <span class='ocrx_word' id='word_1_250' title='bbox 363 3385 558 3458; x_wconf 83' lang='lat' dir='ltr'><strong>accensuri.</strong></span> <span class='ocrx_word' id='word_1_251' title='bbox 578 3385 778 3484; x_wconf 82' lang='lat' dir='ltr'><strong>Dispertitae</strong></span> <span class='ocrx_word' id='word_1_252' title='bbox 793 3387 831 3458; x_wconf 90' lang='lat' dir='ltr'><strong>in</strong></span> <span class='ocrx_word' id='word_1_253' title='bbox 848 3410 886 3458; x_wconf 90' lang='lat' dir='ltr'><strong>se</strong></span> <span class='ocrx_word' id='word_1_254' title='bbox 902 3399 987 3458; x_wconf 92' lang='lat' dir='ltr'><strong>sunt</strong></span> <span class='ocrx_word' id='word_1_255' title='bbox 1002 3384 1148 3482; x_wconf 87' lang='lat' dir='ltr'><strong>linguae,</strong></span> <span class='ocrx_word' id='word_1_256' title='bbox 1170 3407 1244 3456; x_wconf 93' lang='lat' dir='ltr'><strong>non</strong></span> <span class='ocrx_word' id='word_1_257' title='bbox 1261 3381 1379 3455; x_wconf 88' lang='lat' dir='ltr'><strong>solum</strong></span> <span class='ocrx_word' id='word_1_258' title='bbox 1395 3406 1463 3481; x_wconf 93' lang='lat' dir='ltr'><strong>pro</strong></span> <span class='ocrx_word' id='word_1_259' title='bbox 1475 3380 1679 3454; x_wconf 87' lang='lat' dir='ltr'><strong>diversitate</strong></span> <span class='ocrx_word' id='word_1_260' title='bbox 1690 3406 1832 3473; x_wconf 83' lang='lat' dir='ltr'><strong>earum,</strong></span> 
     </span>
     <span class='ocr_line' id='line_1_25' title="bbox 243 3501 1835 3604; baseline 0 -28"><span class='ocrx_word' id='word_1_261' title='bbox 243 3507 477 3576; x_wconf 89' lang='lat' dir='ltr'><strong>verumetiam</strong></span> <span class='ocrx_word' id='word_1_262' title='bbox 492 3529 560 3602; x_wconf 91' lang='lat' dir='ltr'><strong>pro</strong></span> <span class='ocrx_word' id='word_1_263' title='bbox 582 3504 799 3578; x_wconf 88' lang='lat' dir='ltr'><strong>discretione</strong></span> <span class='ocrx_word' id='word_1_264' title='bbox 817 3504 1103 3604; x_wconf 75' lang='lat' dir='ltr'><strong>praedicantium.</strong></span> <span class='ocrx_word' id='word_1_265' title='bbox 1127 3504 1226 3576; x_wconf 90' lang='lat' dir='ltr'><strong>Sicut</strong></span> <span class='ocrx_word' id='word_1_266' title='bbox 1241 3503 1339 3576; x_wconf 90' lang='lat' dir='ltr'><strong>enim</strong></span> <span class='ocrx_word' id='word_1_267' title='bbox 1361 3527 1429 3601; x_wconf 93' lang='lat' dir='ltr'><strong>pro</strong></span> <span class='ocrx_word' id='word_1_268' title='bbox 1450 3501 1654 3574; x_wconf 87' lang='lat' dir='ltr'><strong>diversitate</strong></span> <span class='ocrx_word' id='word_1_269' title='bbox 1676 3503 1835 3598; x_wconf 87' lang='lat' dir='ltr'><strong>gentium</strong></span> 
     </span>
     <span class='ocr_line' id='line_1_26' title="bbox 245 3623 1835 3724; baseline 0.001 -28"><span class='ocrx_word' id='word_1_270' title='bbox 245 3623 392 3698; x_wconf 87' lang='lat' dir='ltr'><strong>diversis</strong></span> <span class='ocrx_word' id='word_1_271' title='bbox 407 3624 583 3699; x_wconf 88' lang='lat' dir='ltr'><strong>utendum</strong></span> <span class='ocrx_word' id='word_1_272' title='bbox 599 3639 653 3698; x_wconf 91' lang='lat' dir='ltr'><strong>est</strong></span> <span class='ocrx_word' id='word_1_273' title='bbox 669 3624 817 3722; x_wconf 89' lang='lat' dir='ltr'><strong>linguis,</strong></span> <span class='ocrx_word' id='word_1_274' title='bbox 838 3626 888 3698; x_wconf 86' lang='lat' dir='ltr'><strong>ita</strong></span> <span class='ocrx_word' id='word_1_275' title='bbox 910 3627 1019 3699; x_wconf 87' lang='lat' dir='ltr'><strong>etiam</strong></span> <span class='ocrx_word' id='word_1_276' title='bbox 1036 3650 1104 3724; x_wconf 90' lang='lat' dir='ltr'><strong>pro</strong></span> <span class='ocrx_word' id='word_1_277' title='bbox 1123 3623 1295 3722; x_wconf 87' lang='lat' dir='ltr'><strong>qualitate</strong></span> <span class='ocrx_word' id='word_1_278' title='bbox 1316 3623 1524 3696; x_wconf 87' lang='lat' dir='ltr'><strong>auditorum</strong></span> <span class='ocrx_word' id='word_1_279' title='bbox 1544 3623 1835 3721; x_wconf 67' lang='lat' dir='ltr'><strong>predicationem</strong></span> 
     </span>
     <span class='ocr_line' id='line_1_27' title="bbox 244 3741 1836 3846; baseline -0.001 -29"><span class='ocrx_word' id='word_1_280' title='bbox 244 3747 435 3845; x_wconf 88' lang='lat' dir='ltr'><strong>temperari</strong></span> <span class='ocrx_word' id='word_1_281' title='bbox 450 3746 637 3834; x_wconf 89' lang='lat' dir='ltr'><strong>convenit,</strong></span> <span class='ocrx_word' id='word_1_282' title='bbox 651 3761 690 3820; x_wconf 92' lang='lat' dir='ltr'><strong>ut</strong></span> <span class='ocrx_word' id='word_1_283' title='bbox 701 3745 872 3846; x_wconf 89' lang='lat' dir='ltr'><strong>parvulos</strong></span> <span class='ocrx_word' id='word_1_284' title='bbox 887 3746 979 3820; x_wconf 83' lang='lat' dir='ltr'><strong>lacte</strong></span> <span class='ocrx_word' id='word_1_285' title='bbox 992 3745 1213 3833; x_wconf 86' lang='lat' dir='ltr'><strong>nutriamus,</strong></span> <span class='ocrx_word' id='word_1_286' title='bbox 1227 3744 1370 3816; x_wconf 87' lang='lat' dir='ltr'><strong>adultos</strong></span> <span class='ocrx_word' id='word_1_287' title='bbox 1382 3767 1475 3841; x_wconf 85' lang='lat' dir='ltr'><strong>pane</strong></span> <span class='ocrx_word' id='word_1_288' title='bbox 1488 3741 1703 3816; x_wconf 80' lang='lat' dir='ltr'><strong>reficiamus.</strong></span> <span class='ocrx_word' id='word_1_289' title='bbox 1723 3747 1836 3843; x_wconf 83' lang='lat' dir='ltr'><strong>Super</strong></span> 
     </span>
     <span class='ocr_line' id='line_1_28' title="bbox 244 3863 1837 3998; baseline -0.001 -61"><span class='ocrx_word' id='word_1_290' title='bbox 244 3866 407 3939; x_wconf 87' lang='lat' dir='ltr'><strong>sedentes</strong></span> <span class='ocrx_word' id='word_1_291' title='bbox 423 3868 460 3938; x_wconf 93' lang='lat' dir='ltr'><strong>in</strong></span> <span class='ocrx_word' id='word_1_292' title='bbox 472 3866 585 3940; x_wconf 92' lang='lat' dir='ltr'><strong>domo</strong></span> <span class='ocrx_word' id='word_1_293' title='bbox 600 3867 691 3964; x_wconf 87' lang='lat' dir='ltr'><strong>ignis</strong></span> <span class='ocrx_word' id='word_1_294' title='bbox 704 3866 764 3939; x_wconf 92' lang='lat' dir='ltr'><strong>ille</strong></span> <span class='ocrx_word' id='word_1_295' title='bbox 782 3890 959 3966; x_wconf 87' lang='lat' dir='ltr'><strong>apparens</strong></span> <span class='ocrx_word' id='word_1_296' title='bbox 975 3865 1108 3940; x_wconf 89' lang='lat' dir='ltr'><strong>sedisse</strong></span> <span class='ocrx_word' id='word_1_297' title='bbox 1121 3864 1267 3952; x_wconf 90' lang='lat' dir='ltr'><strong>dicitur,</strong></span> <span class='ocrx_word' id='word_1_298' title='bbox 1281 3865 1366 3961; x_wconf 84' lang='lat' dir='ltr'><strong>quia</strong></span> <span class='ocrx_word' id='word_1_299' title='bbox 1382 3888 1491 3998; x_wconf 83' lang='lat' dir='ltr'><strong>super</strong></span> <span class='ocrx_word' id='word_1_300' title='bbox 1503 3863 1680 3954; x_wconf 76' lang='lat' dir='ltr'><strong>humilem</strong></span> <span class='ocrx_word' id='word_1_301' title='bbox 1690 3879 1725 3935; x_wconf 90' lang='lat' dir='ltr'><strong>et</strong></span> <span class='ocrx_word' id='word_1_302' title='bbox 1740 3865 1837 3961; x_wconf 90' lang='lat' dir='ltr'><strong>quie·</strong></span> 
     </span>
     <span class='ocr_line' id='line_1_29' title="bbox 243 3982 1835 4122; baseline -0.001 -65"><span class='ocrx_word' id='word_1_303' title='bbox 243 3999 321 4058; x_wconf 89' lang='lat' dir='ltr'><strong>tum</strong></span> <span class='ocrx_word' id='word_1_304' title='bbox 347 3987 512 4122; x_wconf 79' lang='lat' dir='ltr'><strong>spiritum</strong></span> <span class='ocrx_word' id='word_1_305' title='bbox 534 4013 642 4062; x_wconf 89' lang='lat' dir='ltr'><strong>suum</strong></span> <span class='ocrx_word' id='word_1_306' title='bbox 662 3989 886 4086; x_wconf 86' lang='lat' dir='ltr'><strong>requiescere</strong></span> <span class='ocrx_word' id='word_1_307' title='bbox 905 3985 1083 4060; x_wconf 89' lang='lat' dir='ltr'><strong>Dominus</strong></span> <span class='ocrx_word' id='word_1_308' title='bbox 1104 3999 1271 4072; x_wconf 65' lang='lat' dir='ltr'><strong>testatem</strong></span> <span class='ocrx_word' id='word_1_309' title='bbox 1295 3998 1331 4058; x_wconf 92' lang='lat' dir='ltr'><strong>et</strong></span> <span class='ocrx_word' id='word_1_310' title='bbox 1350 4008 1413 4080; x_wconf 87' lang='lat' dir='ltr'><strong>qur</strong></span> <span class='ocrx_word' id='word_1_311' title='bbox 1403 3982 1579 4080; x_wconf 89' lang='lat' dir='ltr'><strong>superbi</strong></span> <span class='ocrx_word' id='word_1_312' title='bbox 1598 3999 1699 4074; x_wconf 87' lang='lat' dir='ltr'><strong>sunt,</strong></span> <span class='ocrx_word' id='word_1_313' title='bbox 1721 3985 1835 4056; x_wconf 88' lang='lat' dir='ltr'><strong>divini</strong></span> 
     </span>
     <span class='ocr_line' id='line_1_30' title="bbox 244 4103 1836 4238; baseline 0.001 -61"><span class='ocrx_word' id='word_1_314' title='bbox 244 4107 376 4178; x_wconf 87' lang='lat' dir='ltr'><strong>amoris</strong></span> <span class='ocrx_word' id='word_1_315' title='bbox 396 4107 516 4238; x_wconf 91' lang='lat' dir='ltr'><strong>ignem</strong></span> <span class='ocrx_word' id='word_1_316' title='bbox 534 4108 714 4228; x_wconf 81' lang='lat' dir='ltr'><strong>suscipere</strong></span> <span class='ocrx_word' id='word_1_317' title='bbox 733 4134 808 4181; x_wconf 91' lang='lat' dir='ltr'><strong>non</strong></span> <span class='ocrx_word' id='word_1_318' title='bbox 829 4123 1026 4182; x_wconf 85' lang='lat' dir='ltr'><strong>merentur.</strong></span> <span class='ocrx_word' id='word_1_319' title='bbox 1052 4107 1144 4180; x_wconf 92' lang='lat' dir='ltr'><strong>Hinc</strong></span> <span class='ocrx_word' id='word_1_320' title='bbox 1166 4129 1312 4204; x_wconf 88' lang='lat' dir='ltr'><strong>quoque</strong></span> <span class='ocrx_word' id='word_1_321' title='bbox 1335 4104 1430 4178; x_wconf 85' lang='lat' dir='ltr'><strong>bene</strong></span> <span class='ocrx_word' id='word_1_322' title='bbox 1445 4103 1513 4176; x_wconf 89' lang='lat' dir='ltr'><strong>illis</strong></span> <span class='ocrx_word' id='word_1_323' title='bbox 1532 4104 1703 4180; x_wconf 87' lang='lat' dir='ltr'><strong>insedisse</strong></span> <span class='ocrx_word' id='word_1_324' title='bbox 1719 4105 1836 4178; x_wconf 78' lang='lat' dir='ltr'><strong>dietus</strong></span> 
     </span>
     <span class='ocr_line' id='line_1_31' title="bbox 244 4197 1835 4330; baseline -0.001 -30"><span class='ocrx_word' id='word_1_325' title='bbox 244 4243 296 4300; x_wconf 89' lang='lat' dir='ltr'><strong>est</strong></span> <span class='ocrx_word' id='word_1_326' title='bbox 308 4229 400 4325; x_wconf 91' lang='lat' dir='ltr'><strong>ignis</strong></span> <span class='ocrx_word' id='word_1_327' title='bbox 413 4197 489 4318; x_wconf 90' lang='lat' dir='ltr'><strong>ille,</strong></span> <span class='ocrx_word' id='word_1_328' title='bbox 507 4231 592 4328; x_wconf 88' lang='lat' dir='ltr'><strong>quia</strong></span> <span class='ocrx_word' id='word_1_329' title='bbox 610 4247 779 4330; x_wconf 90' lang='lat' dir='ltr'><strong>percepta</strong></span> <span class='ocrx_word' id='word_1_330' title='bbox 795 4231 855 4304; x_wconf 90' lang='lat' dir='ltr'><strong>illa</strong></span> <span class='ocrx_word' id='word_1_331' title='bbox 872 4231 983 4328; x_wconf 89' lang='lat' dir='ltr'><strong>gratia</strong></span> <span class='ocrx_word' id='word_1_332' title='bbox 999 4229 1084 4302; x_wconf 89' lang='lat' dir='ltr'><strong>cum</strong></span> <span class='ocrx_word' id='word_1_333' title='bbox 1102 4230 1152 4300; x_wconf 90' lang='lat' dir='ltr'><strong>eis</strong></span> <span class='ocrx_word' id='word_1_334' title='bbox 1164 4241 1242 4300; x_wconf 86' lang='lat' dir='ltr'><strong>erat</strong></span> <span class='ocrx_word' id='word_1_335' title='bbox 1257 4240 1554 4326; x_wconf 86' lang='lat' dir='ltr'><strong>perseveratura:</strong></span> <span class='ocrx_word' id='word_1_336' title='bbox 1573 4225 1664 4298; x_wconf 91' lang='lat' dir='ltr'><strong>sicut</strong></span> <span class='ocrx_word' id='word_1_337' title='bbox 1680 4241 1715 4298; x_wconf 87' lang='lat' dir='ltr'><strong>et</strong></span> <span class='ocrx_word' id='word_1_338' title='bbox 1731 4241 1835 4298; x_wconf 88' lang='lat' dir='ltr'><strong>antea</strong></span> 
     </span>
     <span class='ocr_line' id='line_1_32' title="bbox 244 4343 1837 4451; baseline -0.002 -30"><span class='ocrx_word' id='word_1_339' title='bbox 244 4350 421 4422; x_wconf 89' lang='lat' dir='ltr'><strong>Dominus</strong></span> <span class='ocrx_word' id='word_1_340' title='bbox 437 4349 516 4422; x_wconf 91' lang='lat' dir='ltr'><strong>de</strong></span> <span class='ocrx_word' id='word_1_341' title='bbox 506 4376 585 4449; x_wconf 81' lang='lat' dir='ltr'><strong>ipso</strong></span> <span class='ocrx_word' id='word_1_342' title='bbox 608 4352 773 4451; x_wconf 84' lang='lat' dir='ltr'><strong>spiritum</strong></span> <span class='ocrx_word' id='word_1_343' title='bbox 792 4352 1005 4450; x_wconf 86' lang='lat' dir='ltr'><strong>promiserat</strong></span> <span class='ocrx_word' id='word_1_344' title='bbox 1024 4349 1193 4422; x_wconf 90' lang='lat' dir='ltr'><strong>dicens:</strong></span> <span class='ocrx_word' id='word_1_345' title='bbox 1218 4377 1236 4416; x_wconf 86' lang='grc' dir='ltr'><strong>ι</strong></span> <span class='ocrx_word' id='word_1_346' title='bbox 1244 4353 1291 4420; x_wconf 92' lang='lat' dir='ltr'><strong>Ut</strong></span> <span class='ocrx_word' id='word_1_347' title='bbox 1308 4360 1454 4422; x_wconf 86' lang='lat' dir='ltr'><strong>mancat</strong></span> <span class='ocrx_word' id='word_1_348' title='bbox 1475 4343 1693 4420; x_wconf 90' lang='lat' dir='ltr'><strong>vobiscum</strong></span> <span class='ocrx_word' id='word_1_349' title='bbox 1684 4371 1720 4418; x_wconf 89' lang='lat' dir='ltr'><strong>m</strong></span> <span class='ocrx_word' id='word_1_350' title='bbox 1739 4360 1837 4418; x_wconf 80' lang='lat' dir='ltr'><strong>aeter·</strong></span> 
     </span>
     <span class='ocr_line' id='line_1_33' title="bbox 244 4460 1836 4570; baseline -0.001 -32"><span class='ocrx_word' id='word_1_351' title='bbox 244 4491 345 4552; x_wconf 78' lang='lat' dir='ltr'><strong>num.</strong></span> <span class='ocrx_word' id='word_1_352' title='bbox 357 4497 375 4534; x_wconf 90' lang='grc' dir='ltr'><strong>ιι</strong></span> <span class='ocrx_word' id='word_1_353' title='bbox 394 4460 434 4540; x_wconf 91' lang='lat' dir='ltr'><strong>lu</strong></span> <span class='ocrx_word' id='word_1_354' title='bbox 454 4493 528 4542; x_wconf 89' lang='lat' dir='ltr'><strong>una</strong></span> <span class='ocrx_word' id='word_1_355' title='bbox 541 4469 655 4544; x_wconf 91' lang='lat' dir='ltr'><strong>domo</strong></span> <span class='ocrx_word' id='word_1_356' title='bbox 673 4472 879 4567; x_wconf 86' lang='lat' dir='ltr'><strong>congregati</strong></span> <span class='ocrx_word' id='word_1_357' title='bbox 890 4471 1056 4570; x_wconf 81' lang='lat' dir='ltr'><strong>spiritum</strong></span> <span class='ocrx_word' id='word_1_358' title='bbox 1073 4481 1327 4568; x_wconf 85' lang='lat' dir='ltr'><strong>perceperunt,</strong></span> <span class='ocrx_word' id='word_1_359' title='bbox 1342 4467 1427 4564; x_wconf 86' lang='lat' dir='ltr'><strong>quia</strong></span> <span class='ocrx_word' id='word_1_360' title='bbox 1438 4467 1644 4563; x_wconf 89' lang='lat' dir='ltr'><strong>quicunque</strong></span> <span class='ocrx_word' id='word_1_361' title='bbox 1660 4487 1735 4536; x_wconf 89' lang='lat' dir='ltr'><strong>non</strong></span> <span class='ocrx_word' id='word_1_362' title='bbox 1752 4480 1836 4538; x_wconf 76' lang='lat' dir='ltr'><strong>sum</strong></span> 
     </span>
     <span class='ocr_line' id='line_1_34' title="bbox 200 4584 1836 4688; baseline -0.004 -28"><span class='ocrx_word' id='word_1_363' title='bbox 200 4681 205 4688; x_wconf 19' lang='grc' dir='ltr'>ι</span> <span class='ocrx_word' id='word_1_364' title='bbox 244 4589 290 4660; x_wconf 90' lang='lat' dir='ltr'><strong>de</strong></span> <span class='ocrx_word' id='word_1_365' title='bbox 306 4589 480 4680; x_wconf 89' lang='lat' dir='ltr'><strong>Ecclesia,</strong></span> <span class='ocrx_word' id='word_1_366' title='bbox 499 4606 582 4662; x_wconf 90' lang='lat' dir='ltr'><strong>sunt</strong></span> <span class='ocrx_word' id='word_1_367' title='bbox 599 4591 705 4664; x_wconf 87' lang='lat' dir='ltr'><strong>alieni</strong></span> <span class='ocrx_word' id='word_1_368' title='bbox 727 4593 888 4688; x_wconf 85' lang='lat' dir='ltr'><strong>agretia.</strong></span> <span class='ocrx_word' id='word_1_369' title='bbox 909 4591 1014 4664; x_wconf 87' lang='lat' dir='ltr'><strong>Unde</strong></span> <span class='ocrx_word' id='word_1_370' title='bbox 1029 4605 1065 4662; x_wconf 90' lang='lat' dir='ltr'><strong>et</strong></span> <span class='ocrx_word' id='word_1_371' title='bbox 1085 4615 1198 4686; x_wconf 87' lang='lat' dir='ltr'><strong>agnus</strong></span> <span class='ocrx_word' id='word_1_372' title='bbox 1220 4587 1397 4688; x_wconf 86' lang='lat' dir='ltr'><strong>paschalis</strong></span> <span class='ocrx_word' id='word_1_373' title='bbox 1415 4586 1452 4660; x_wconf 89' lang='lat' dir='ltr'><strong>in</strong></span> <span class='ocrx_word' id='word_1_374' title='bbox 1468 4608 1542 4658; x_wconf 88' lang='lat' dir='ltr'><strong>una</strong></span> <span class='ocrx_word' id='word_1_375' title='bbox 1560 4584 1672 4657; x_wconf 92' lang='lat' dir='ltr'><strong>domo</strong></span> <span class='ocrx_word' id='word_1_376' title='bbox 1691 4584 1836 4656; x_wconf 88' lang='lat' dir='ltr'><strong>comedi</strong></span> 
     </span>
     <span class='ocr_line' id='line_1_35' title="bbox 245 4703 1838 4806; baseline -0.004 -28"><span class='ocrx_word' id='word_1_377' title='bbox 245 4709 467 4806; x_wconf 70' lang='lat' dir='ltr'><strong>precipitur,</strong></span> <span class='ocrx_word' id='word_1_378' title='bbox 490 4711 574 4806; x_wconf 92' lang='lat' dir='ltr'><strong>quia</strong></span> <span class='ocrx_word' id='word_1_379' title='bbox 598 4725 697 4784; x_wconf 83' lang='lat' dir='ltr'><strong>extra</strong></span> <span class='ocrx_word' id='word_1_380' title='bbox 718 4711 914 4784; x_wconf 79' lang='lat' dir='ltr'><strong>Ecclesiam</strong></span> <span class='ocrx_word' id='word_1_381' title='bbox 936 4712 1013 4784; x_wconf 87' lang='lat' dir='ltr'><strong>veri</strong></span> <span class='ocrx_word' id='word_1_382' title='bbox 1031 4708 1194 4784; x_wconf 86' lang='lat' dir='ltr'><strong>sacrificii</strong></span> <span class='ocrx_word' id='word_1_383' title='bbox 1215 4709 1316 4781; x_wconf 91' lang='lat' dir='ltr'><strong>locus</strong></span> <span class='ocrx_word' id='word_1_384' title='bbox 1331 4732 1407 4780; x_wconf 91' lang='lat' dir='ltr'><strong>non</strong></span> <span class='ocrx_word' id='word_1_385' title='bbox 1428 4705 1583 4778; x_wconf 75' lang='lat' dir='ltr'><strong>liabetur</strong></span> <span class='ocrx_word' id='word_1_386' title='bbox 1603 4731 1611 4774; x_wconf 92' lang='lat'><strong>:</strong></span> <span class='ocrx_word' id='word_1_387' title='bbox 1635 4717 1671 4774; x_wconf 90' lang='lat' dir='ltr'><strong>et</strong></span> <span class='ocrx_word' id='word_1_388' title='bbox 1689 4703 1838 4799; x_wconf 92' lang='lat' dir='ltr'><strong>quicun-</strong></span> 
     </span>
     <span class='ocr_line' id='line_1_36' title="bbox 243 4821 1836 4928; baseline -0.003 -31"><span class='ocrx_word' id='word_1_389' title='bbox 243 4851 314 4924; x_wconf 92' lang='lat' dir='ltr'><strong>que</strong></span> <span class='ocrx_word' id='word_1_390' title='bbox 331 4826 368 4898; x_wconf 91' lang='lat' dir='ltr'><strong>in</strong></span> <span class='ocrx_word' id='word_1_391' title='bbox 393 4853 475 4901; x_wconf 85' lang='lat' dir='ltr'><strong>arca</strong></span> <span class='ocrx_word' id='word_1_392' title='bbox 496 4854 570 4900; x_wconf 92' lang='lat' dir='ltr'><strong>non</strong></span> <span class='ocrx_word' id='word_1_393' title='bbox 593 4831 753 4920; x_wconf 84' lang='lat' dir='ltr'><strong>fuerunt,</strong></span> <span class='ocrx_word' id='word_1_394' title='bbox 776 4830 950 4904; x_wconf 90' lang='lat' dir='ltr'><strong>submersi</strong></span> <span class='ocrx_word' id='word_1_395' title='bbox 971 4829 1107 4904; x_wconf 89' lang='lat' dir='ltr'><strong>diluvio</strong></span> <span class='ocrx_word' id='word_1_396' title='bbox 1126 4829 1323 4928; x_wconf 88' lang='lat' dir='ltr'><strong>perierunt.</strong></span> <span class='ocrx_word' id='word_1_397' title='bbox 1343 4831 1421 4900; x_wconf 88' lang='lat' dir='ltr'><strong>Jam</strong></span> <span class='ocrx_word' id='word_1_398' title='bbox 1439 4827 1540 4923; x_wconf 84' lang='lat' dir='ltr'><strong>juxta</strong></span> <span class='ocrx_word' id='word_1_399' title='bbox 1555 4821 1720 4921; x_wconf 78' lang='lat' dir='ltr'><strong>quaedam</strong></span> <span class='ocrx_word' id='word_1_400' title='bbox 1738 4821 1836 4893; x_wconf 89' lang='lat' dir='ltr'><strong>dona</strong></span> 
     </span>
     <span class='ocr_line' id='line_1_37' title="bbox 244 4941 1836 5049; baseline -0.003 -32"><span class='ocrx_word' id='word_1_401' title='bbox 244 4947 417 5044; x_wconf 88' lang='lat' dir='ltr'><strong>Spiritum</strong></span> <span class='ocrx_word' id='word_1_402' title='bbox 445 4965 608 5022; x_wconf 88' lang='lat' dir='ltr'><strong>sanctum</strong></span> <span class='ocrx_word' id='word_1_403' title='bbox 638 4965 867 5049; x_wconf 89' lang='lat' dir='ltr'><strong>acceperant,</strong></span> <span class='ocrx_word' id='word_1_404' title='bbox 899 4949 1031 5048; x_wconf 90' lang='lat' dir='ltr'><strong>quibus</strong></span> <span class='ocrx_word' id='word_1_405' title='bbox 1059 4949 1246 5021; x_wconf 86' lang='lat' dir='ltr'><strong>insufflans</strong></span> <span class='ocrx_word' id='word_1_406' title='bbox 1272 4948 1409 5020; x_wconf 86' lang='lat' dir='ltr'><strong>Veritas</strong></span> <span class='ocrx_word' id='word_1_407' title='bbox 1437 4946 1616 5018; x_wconf 86' lang='lat' dir='ltr'><strong>dixerat¹:</strong></span> <span class='ocrx_word' id='word_1_408' title='bbox 1644 4941 1836 5040; x_wconf 82' lang='lat' dir='ltr'><strong>«Accipite</strong></span> 
     </span>
    </p>
   </div>
   <div class='ocr_carea' id='block_1_3' title="bbox 247 5131 1834 5289">
    <p class='ocr_par' dir='ltr' id='par_1_4' title="bbox 247 5131 1834 5289">
     <span class='ocr_line' id='line_1_38' title="bbox 279 5131 1834 5207; baseline -0.004 -19.882"><span class='ocrx_word' id='word_1_409' title='bbox 279 5136 446 5188; x_wconf 70' lang='grc' dir='ltr'><strong>Ιιίιιιιι.ι</strong></span> <span class='ocrx_word' id='word_1_410' title='bbox 399 5155 544 5206; x_wconf 82' lang='grc' dir='ltr'><strong>ι,ι.ριι</strong></span> <span class='ocrx_word' id='word_1_411' title='bbox 520 5143 634 5192; x_wconf 78' lang='grc' dir='ltr'><strong>ιιι.-</strong></span> <span class='ocrx_word' id='word_1_412' title='bbox 646 5139 737 5190; x_wconf 80' lang='grc' dir='ltr'><strong>ἰοιιι.</strong></span> <span class='ocrx_word' id='word_1_413' title='bbox 743 5155 816 5206; x_wconf 88' lang='lat' dir='ltr'><strong>cap.</strong></span> <span class='ocrx_word' id='word_1_414' title='bbox 829 5157 907 5200; x_wconf 78' lang='grc' dir='ltr'><strong>ιιιι</strong></span> <span class='ocrx_word' id='word_1_415' title='bbox 894 5143 1012 5191; x_wconf 82' lang='grc' dir='ltr'><strong>ιι,ιι-</strong></span> <span class='ocrx_word' id='word_1_416' title='bbox 1025 5141 1106 5199; x_wconf 75' lang='grc' dir='ltr'><strong>’,1οι</strong></span> <span class='ocrx_word' id='word_1_417' title='bbox 1122 5131 1834 5207; x_wconf 56' lang='lat' dir='ltr'><strong>esp.gv.ts.f-⁴toan.,cap.xn,v.16.-⁸Joan.‚</strong></span> 
     </span>
     <span class='ocr_line' id='line_1_39' title="bbox 247 5227 454 5289; baseline 0.005 -15"><span class='ocrx_word' id='word_1_418' title='bbox 247 5239 304 5289; x_wconf 83' lang='lat' dir='ltr'><strong>cap.</strong></span> <span class='ocrx_word' id='word_1_419' title='bbox 318 5241 392 5285; x_wconf 84' lang='grc' dir='ltr'><strong>ιιι,ι</strong></span> <span class='ocrx_word' id='word_1_420' title='bbox 379 5227 454 5276; x_wconf 88' lang='grc' dir='ltr'><strong>ιι</strong></span> 
     </span>
    </p>
   </div>
   <div class='ocr_carea' id='block_1_4' title="bbox 367 5309 1714 5384">
    <p class='ocr_par' dir='ltr' id='par_1_5' title="bbox 367 5309 1714 5384">
     <span class='ocr_line' id='line_1_40' title="bbox 367 5309 1714 5384; baseline -0.001 -17"><span class='ocrx_word' id='word_1_421' title='bbox 367 5331 449 5384; x_wconf 87' lang='grc' dir='ltr'><strong>ιΙ</strong></span> <span class='ocrx_word' id='word_1_422' title='bbox 1674 5309 1714 5369; x_wconf 74' lang='lat'><strong>62</strong></span> 
     </span>
    </p>
   </div>
   <div class='ocr_carea' id='block_1_5' title="bbox 0 0 2260 6102">
    <p class='ocr_par' dir='ltr' id='par_1_6' title="bbox 0 0 2260 6102">
     <span class='ocr_line' id='line_1_41' title="bbox 0 0 2260 6102; baseline 0 0"><span class='ocrx_word' id='word_1_423' title='bbox 0 0 2260 6102; x_wconf 95' lang='lat' dir='ltr'><strong> </strong></span> 
     </span>
    </p>
   </div>
  </div>
 </body>
</html>
