4590 6106
357 669 359 672 ¹
465 585 512 655 ‘20
901 573 1026 642 PE'lRl
1055 571 1287 645 xBAEanot
1313 571 1368 644 ΕΤ
1393 571 1617 644 HELOlSSAE

466 719 601 793 ritualis
626 733 802 804 creatura,
841 737 907 786 nec
939 712 1145 812 corporalis.
1183 713 1284 784 Nulla
1310 715 1405 786 enim
1433 715 1583 786 omnino
1607 737 1662 784 res
1693 727 1762 802 est,
1791 737 1869 808 quae
1896 713 2045 810 seipsam

466 844 595 938 gignat.
616 865 634 903 n
661 834 767 923 Quod
794 857 906 930 quum
930 831 1095 931 discipuli
1113 831 1189 927 ejus
1209 834 1271 929 qui
1298 833 1461 922 aderant,
1485 832 1682 924 audissent,
1713 831 1947 930 obstupefacti
1968 855 2047 902 eru·

465 959 667 1031 bescebant.
691 960 768 1053 Ipse
788 967 929 1041 autem,
950 965 990 1022 ut
1012 975 1050 1022 se
1068 953 1329 1048 quoquomodo
1342 968 1566 1052 protegeret:
1588 959 1700 1043 Bene,
1724 953 1855 1050 inquit,
1876 968 1929 1023 est
1946 953 2048 1024 intel·

432 1163 440 1184 ι
466 1077 658 1175 ligendum.
682 1079 756 1170 Ego
777 1089 898 1144 autem
919 1071 1052 1166 subjeci
1063 1075 1085 1160 ¹,
1105 1071 1176 1142 hoc
1202 1097 1277 1144 non
1307 1098 1383 1144 esse
1401 1071 1582 1144 novellum
1592 1077 1614 1164 ¹,
1636 1073 1699 1146 sed
1716 1073 1764 1145 ad
1783 1097 1936 1172 praesens
1958 1071 2047 1143 nihil

467 1201 631 1284 attinere,
653 1220 765 1292 quum
784 1196 859 1292 ipse
879 1192 987 1262 verba
1011 1207 1164 1282 tantum,
1181 1217 1255 1264 non
1275 1217 1416 1264 sensum
1431 1194 1643 1290 requisisset.
1661 1195 1697 1263 Si
1714 1207 1833 1264 autem
1851 1215 1994 1263 sensum
2012 1208 2047 1263 et

466 1321 640 1390 rationem
663 1313 865 1386 attendere³
885 1311 1004 1400 vellet,
1026 1327 1188 1410 paratum
1211 1338 1268 1383 me
1290 1312 1360 1383 dixi
1387 1315 1419 1384 ei
1438 1313 1627 1384 ostendere
1651 1313 1849 1385 secundum
1871 1313 1946 1407 ejus
1970 1337 2049 1383 sen-

380 1441 381 1448 ’
467 1441 633 1524 tentiam,
650 1434 751 1532 quod
769 1436 805 1504 in
826 1459 903 1506 eam
923 1433 1042 1532 lapsus
1069 1448 1160 1504 esset
1177 1432 1354 1521 baeresim,
1377 1433 1574 1505 secundum
1592 1435 1723 1531 quam‘
1744 1435 1773 1504 is
1792 1434 1854 1530 qui
1876 1447 1976 1529 pater
1997 1447 2050 1502 est

468 1563 522 1632 sui
542 1560 651 1657 ipsius
670 1554 762 1626 filius
781 1557 836 1626 sit.
857 1557 938 1640 Quo
959 1553 1017 1625 ille
1034 1553 1176 1642 audito,
1194 1555 1309 1626 stetim
1334 1557 1433 1651 quasi
1454 1554 1667 1627 furibundus
1687 1554 1850 1642 effectus,
1870 1552 1915 1624 ad
1936 1554 2050 1624 minas

470 1704 662 1752 conversus
681 1694 750 1765 cst,
773 1700 931 1747 asserens
951 1699 1017 1746 nec
1039 1676 1194 1748 rationes
1215 1699 1329 1765 meas,
1352 1701 1418 1748 nec
1437 1677 1663 1748 auctoritates
1688 1675 1775 1746 mibi
1797 1676 1834 1746 in
1859 1673 1927 1744 hac
1947 1697 2052 1746 causa

470 1801 717 1895 suffragaturas
735 1821 822 1868 esse.
847 1801 958 1891 Atque
975 1796 1023 1865 ita
1042 1796 1195 1866 recessit.
1216 1799 1379 1868 Extrema
1394 1821 1479 1867 vero
1493 1797 1552 1868 die
1568 1795 1728 1884 concilii,
1743 1796 1955 1893 'priusquam
1970 1796 2051 1864 resi-

470 1923 614 2006 derent,
643 1919 704 1988 diu
729 1917 862 2013 legatus
885 1915 943 1984 ille
967 1930 1073 2011 atque
1092 1914 1379 2014 archiepiscopus
1409 1941 1491 1987 cum
1521 1916 1655 1988 aemulis
1673 1917 1759 1986 meis
1780 1930 1816 1986 et
1837 1913 2051 2010 quibusdam

471 2043 632 2139 personis
650 2035 845 2108 deliberare
866 2049 1072 2132 coeperunt,
1103 2035 1189 2131 quid
1212 2035 1258 2107 de
1283 2037 1420 2134 meipso
1444 2052 1479 2107 et
1500 2035 1593 2109 libro
1613 2040 1718 2106 meo⁸
1733 2049 1959 2121 statueretur,
1985 2057 2050 2131 pro

471 2185 545 2257 quo
559 2160 710 2229 maxime
725 2156 858 2228 vocati⁶
876 2155 1025 2226 fuerant.
1048 2159 1092 2224 Et
1111 2156 1281 2252 quoniam
1301 2181 1343 2227 ex
1362 2156 1478 2228 verbis
1497 2158 1603 2245 meis,
1628 2171 1688 2227 aut
1706 2156 1839 2254 scripto
1861 2153 1959 2251 quod
1980 2169 2054 2225 erat

442 2259 446 2276 ⁵
472 2280 507 2349 in
532 2279 716 2377 praesenti,
743 2300 817 2346 non
840 2273 1020 2344 habebant
1041 2273 1140 2370 quod
1161 2276 1198 2344 in
1218 2300 1275 2346 me
1299 2277 1577 2374 praetenderent,
1606 2274 1774 2349 omnibus
1793 2273 2051 2371 aliquantulum

416 2471 425 2498 κ
472 2397 748 2486 conticentibnS,
769 2410 830 2465 aut
837 2395 911 2489 jam
931 2393 1017 2464 mibi
1036 2395 1153 2465 minus
1171 2411 1291 2493 aperte
1310 2395 1593 2485 detrabentibuS,
1617 2393 1820 2484 Gaufridus,
1835 2393 2052 2465 carnotensis

472 2520 688 2616 episcopus¹,
711 2515 772 2612 qui
796 2515 920 2584 ceteris
939 2514 1113 2610 episcopis
1133 2529 1169 2584 et
1191 2514 1369 2610 religionis
1392 2516 1538 2586 nomine
1558 2531 1593 2587 et
1617 2514 1710 2586 sedis
1723 2514 1894 2610 dignitate
1912 2511 2053 2611 praecel-

472 2640 582 2728 lebat,
600 2639 647 2708 ita
659 2659 805 2708 exorsus
819 2649 891 2705 est:
910 2635 1074 2722 «Nostis,
1090 2633 1228 2704 domini
1242 2659 1367 2706 omnes
1383 2637 1444 2731 qui
1459 2635 1604 2724 adestis,
1626 2636 1780 2706 bominis
1799 2634 1906 2730 hujus
1921 2634 2052 2704 doctri-

474 2785 576 2848 nam,
597 2756 852 2855 qualiscunque
873 2754 936 2838 sit,
958 2754 1103 2850 ejusque
1126 2755 1326 2850 ingenium,
1351 2757 1386 2824 in
1407 2755 1679 2852 quibuscunque
1706 2753 1895 2840 studuerit,
1922 2753 2053 2822 multos

474 2879 725 2952 assentatores⁸
741 2890 777 2946 et
794 2899 962 2971 sequaces
983 2873 1166 2964 babuisse,
1188 2890 1223 2946 et
1241 2876 1490 2972 magistrorum
1510 2891 1582 2948 tam
1608 2900 1755 2948 suorum
1779 2897 1886 2971 quam
1914 2887 2053 2942 nostro·

474 3023 553 3070 rum
571 2998 701 3068 famam
721 2995 872 3065 maxime
890 2994 1161 3089 compressisse,
1188 3010 1223 3064 et
1240 2997 1341 3090 quasi
1359 2995 1434 3091 ejus
1455 2997 1633 3067 vineame
1655 2996 1743 3066 man'
1763 2991 1934 3090 usquead
1955 3015 2053 3064 mare

473 3117 633 3214 palmites
647 3137 730 3184 suos
751 3110 959 3182 extendisse.
983 3111 1018 3180 Si
1039 3110 1137 3181 hunc
1157 3093 1379 3210 praejudicio,
1396 3114 1493 3210 quod
1515 3137 1587 3185 non
1606 3114 1791 3203 arbitror⁰,
1808 3113 2049 3209 gravaveritis,

474 3235 609 3306 etiamsi
623 3247 736 3320 recte,
758 3229 889 3300 multos
908 3255 973 3300 vos
991 3229 1189 3301 offensuros
1206 3232 1320 3302 sciatis
1340 3248 1375 3303 et
1394 3258 1468 3303 non
1484 3233 1605 3307 deesse
1625 3235 1798 3333 plurimos
1812 3234 1875 3330 qui
1893 3259 1976 3306 eum
1994 3233 2053 3302 ‹le-

474 3357 617 3430 lendere
632 3353 760 3441 velint,
776 3352 968 3449 presertim
987 3375 1099 3446 quum
1119 3352 1155 3421 in
1174 3356 1336 3449 praesenti
1354 3355 1484 3454 scripto
1499 3357 1595 3428 nulla
1613 3357 1814 3446 videamus,
1831 3379 1909 3454 quae
1921 3355 2052 3451 aliquid

475 3479 658 3548 obtineant
676 3486 804 3572 apertae
828 3471 1039 3557 columniae3
1061 3485 1094 3541 et
1119 3473 1202 3566 quia
1217 3473 1317 3567 juxta
1340 3473 1427 3546 illud
1446 3476 1654 3574 Hieronymi
1666 3481 1704 3546 ¹⁰:
1725 3509 1742 3546 a
1757 3479 1905 3574 Semper
1918 3477 1954 3546 in
1973 3499 2054 3572 pro-

475 3595 596 3695 patulo
617 3591 787 3662 fortitudo
806 3589 952 3662 aemulos
970 3587 1096 3678 babet,
1121 3618 1138 3654 n

928 3827 932 3834 Ι
1038 3808 1042 3817 .
1070 3807 1075 3818 .
1102 3773 1110 3818 .·
1137 3807 1143 3818 .
1171 3760 1342 3843 feriuntque
1356 3780 1493 3824 summos

1037 3863 1165 3941 Fulgura
1180 3873 1300 3925 montes
1310 3866 1339 3940 ¹¹,

477 4023 593 4094 videte
613 4048 657 4093 ne
674 4021 755 4120 plus
773 4019 804 4089 ei
825 4018 979 4089 nominis
998 4018 1186 4090 conferatis
1204 4022 1377 4094 violenter
1395 4022 1552 4120 agend0,
1577 4039 1612 4095 et
1629 4024 1709 4122 plus
1729 4024 1833 4095 nobis
1846 4027 2001 4096 criminis
2016 4052 2058 4096 ex

476 4143 629 4233 invidia,
657 4165 766 4238 quam
788 4141 820 4210 ei
844 4137 1033 4234 exjustitia
1051 4141 1317 4236 conquiramus.
1342 4142 1495 4214 «Falsus
1512 4145 1757 4233 enimrnmor,
1778 4173 1794 4210 o
1816 4159 1854 4214 ut
1870 4143 2059 4243 praedictus

476 4264 603 4335 doctor
624 4261 786 4333 meminit
798 4263 836 4349 ¹¹,
866 4289 882 4325 a
908 4260 979 4330 cito
1003 4261 1229 4359 opprimitur,
1254 4278 1287 4332 et
1309 4264 1379 4334 vita
1398 4265 1575 4361 posterior
1593 4265 1729 4361 judicat
1755 4267 1801 4338 de
1826 4267 1955 4366 priore.
1982 4296 2000 4332 n
2024 4269 2059 4339 si

475 4400 593 4454 antem
615 4381 786 4453 canonice
808 4404 910 4476 agere
933 4381 969 4450 in
988 4404 1071 4450 eum
1094 4380 1299 4478 disponitis,
1325 4381 1454 4479 dogma
1481 4382 1556 4477 ejus
1577 4385 1631 4456 vel
1655 4387 1825 4483 scriptum
1844 4388 1880 4456 in
1901 4387 2060 4458 medium

475 4503 686 4602 proseratur,
711 4514 746 4570 et
768 4499 984 4596 interrogato
1003 4497 1113 4568 libere
1138 4500 1354 4597 respondere
1368 4501 1485 4590 liceat,
1508 4518 1548 4575 ut
1568 4505 1752 4576 convictus
1771 4505 1827 4576 vel
1848 4504 2029 4576 confessus
2043 4509 2061 4544 ¹⁸

475 4625 616 4720 penitus
644 4621 866 4691 obmutescat
891 4619 989 4713 juxta
1019 4615 1117 4689 illam
1141 4619 1264 4690 saltem
1290 4621 1384 4693 beati
1418 4623 1602 4695 Nicodemi
1631 4626 1868 4712 sententiam,
1895 4651 1964 4722 qua
1989 4626 2061 4696 do-

476 4742 614 4810 minum
628 4740 744 4835 ipsum
758 4737 908 4808 liberare
927 4736 1086 4834 cupiens,
1104 4737 1218 4809 aiebat
1230 4742 1249 4775 ¹⁶
1267 4767 1273 4807 :
1295 4769 1312 4806 α
1329 4741 1496 4837 Nunquid
1510 4741 1566 4814 lex
1581 4759 1700 4814 nostra
1709 4744 1844 4836 judicat
1856 4744 2058 4831 bominem,

512 4956 517 4980 ¹
535 4953 656 5016 Sutjuuxi
667 4949 737 5001 ntis.
750 4975 777 4984 -
791 4948 800 4975 ¹
815 4951 938 4999 Nouellum
950 4948 1039 4998 ABCD.
1049 4951 1164 5000 -Nouom
1180 4951 1250 5000 RMS.
1285 4950 1307 4978 ¹⁰
1324 4955 1415 5012 Quoeu.
1427 4955 1498 5004 Hebr.
1513 4959 1536 5004 t'n
1549 4955 1645 5013 Genea,
1659 4973 1772 5020 protem„
1788 4958 1846 5020 Opp.
1859 4957 1924 5014 all,
1940 4959 1987 5008 col.
2002 4959 2060 5004 506.

480 5037 525 5076 ψ’
540 5037 671 5087 Observare
682 5033 753 5083 llllS.
763 5061 792 5070 --
802 5033 812 5059 ⁸
823 5036 937 5084 lloeren'm
947 5049 994 5096 qua
1006 5039 1027 5082 is
1040 5033 1089 5083 to.
1101 5061 1132 5071 -
1146 5035 1251 5086 *Nostro
1284 5033 1430 5086 -¹¹llorat.
1444 5039 1513 5087 Curm
1535 5037 1576 5086 lib.
1589 5037 1624 5096 ll,
1637 5053 1693 5087 x.-
1704 5037 1727 5064 ¹¹
1736 5037 1814 5106 Epist.
1826 5055 1898 5098 xxvii,
1910 5043 1944 5089 cd
1954 5041 2061 5096 Frisium.

479 5123 507 5171 l).
523 5149 548 5158 -
561 5121 571 5146 ¹
584 5123 713 5171 Convoeau'
722 5119 751 5168 Ι).
766 5143 787 5154 -
806 5117 815 5144 ²
828 5118 888 5167 Vide
903 5129 953 5168 not.
967 5135 1042 5168 xxxv.
1051 5147 1073 5154 --
1087 5118 1148 5170 'Sic
1161 5118 1251 5170 asco.
1287 5117 1380 5180 opp-1.
1395 5119 1436 5181 lV,
1449 5121 1496 5171 col.
1510 5123 1567 5171 559.
1576 5147 1600 5158 -
1613 5121 1634 5149 ¹⁸
1649 5124 1767 5186 Coelium
1778 5123 1827 5173 llS.
1838 5123 1907 5174 Amb.
1916 5153 1941 5161 -
1954 5125 1976 5151 ¹⁸
1989 5125 2061 5174 toan.

475 5209 666 5257 -Aseectctorea
694 5203 757 5254 Edit.
781 5201 853 5253 amb.
873 5202 928 5240 -·¹
952 5205 1020 5262 Quod
1046 5204 1151 5252 arbitror
1173 5202 1201 5252 D.
1231 5229 1245 5238 ··
1284 5217 1435 5268 capum.
1454 5207 1494 5255 fit.
