4522 6102
892 681 1128 757 EPISTOLAE.
1740 686 1810 758 t39

227 815 356 888 Christi
374 818 521 914 gratiam
540 817 677 892 videbis
695 819 907 920 ampliorem
917 827 948 894 ¹:
965 839 1004 894 ut
1017 823 1117 920 juxta
1129 823 1348 896 dominicam
1365 839 1401 896 et
1417 824 1647 922 apostolicam
1666 841 1805 899 senten·

228 937 345 1008 tinm’:
363 965 381 1004 r
392 939 470 1010 Sint
483 939 666 1012 novissimi
674 941 794 1039 primi,
805 956 841 1014 et
853 943 959 1040 primi
972 945 1175 1035 novissimi,
1190 973 1207 1011 >r
1222 947 1294 1016 et⁸:
1309 973 1327 1013 a
1337 944 1406 1016 Ubi
1416 943 1611 1018 abundavit
1619 945 1802 1042 delictum,

226 1057 492 1156 superabundet
512 1075 547 1132 et
571 1063 692 1156 gratia.
712 1090 729 1128 ι)
754 1063 862 1157 Cujus
884 1063 1030 1161 quidem
1057 1063 1185 1136 divinae
1210 1066 1328 1162 gratiae
1351 1063 1523 1137 beneficia
1545 1065 1603 1138 vel
1628 1065 1806 1140 honorem
1834 1063 1837 1068 ’

227 1177 366 1250 feminis
384 1178 579 1250 exhibitasi
592 1179 727 1279 abipso
742 1180 891 1254 exordio
905 1173 1032 1254 mundi
1050 1198 1252 1282 repetamus
1261 1239 1271 1276 ,
1287 1187 1506 1284 reperiemus
1519 1187 1637 1258 statim
1649 1187 1807 1260 mulieris

226 1297 442 1370 creationem
462 1298 618 1396 quadam
640 1300 840 1399 praecellere
862 1301 1054 1400 dignitate:
1078 1328 1195 1401 quum
1210 1306 1285 1403 ipsa
1307 1304 1459 1377 scilicet*
1478 1307 1515 1376 in
1537 1304 1723 1404 paradiso,
1752 1309 1807 1380 vir

225 1433 323 1490 extra
343 1433 481 1491 creatus
509 1421 565 1492 sit.
587 1424 634 1492 Ut
650 1419 735 1492 hinc
752 1423 931 1520 praecipue
947 1423 1114 1496 mulieres
1131 1423 1393 1496 admoneantur
1416 1423 1619 1516 attendere,
1635 1449 1744 1524 quam
1763 1426 1808 1497 sit

224 1561 349 1609 earum
362 1539 531 1611 naturalis
543 1540 658 1638 patria
667 1541 869 1638 paradisus,
885 1557 922 1614 et
934 1567 1007 1640 quo
1026 1544 1178 1644 amplius
1199 1569 1258 1617 eas
1277 1545 1440 1618 eoelibem
1454 1544 1608 1644 paradisi
1626 1547 1734 1618 vitam
1754 1571 1806 1620 se-

224 1659 286 1754 qui
297 1659 498 1731 conveniat.
514 1660 618 1732 Unde
630 1660 838 1734 Ambrosius
851 1664 887 1734 in
899 1661 991 1734 libro
1003 1663 1047 1734 de
1059 1664 1272 1738 Paradis0⁸2
1289 1695 1307 1733 rr
1321 1670 1365 1738 Et
1376 1664 1625 1764 apprehendit,
1641 1693 1659 1733 n
1675 1667 1802 1763 inquit,

226 1805 245 1844 a
262 1781 359 1848 Deus
371 1777 556 1851 hominem
568 1783 786 1877 quemfecit,
810 1797 846 1854 et
859 1784 978 1880 posuit
990 1809 1072 1855 eum
1093 1785 1130 1855 in
1150 1785 1330 1858 Paradisc.
1353 1786 1459 1858 Vides
1472 1785 1643 1882 quoniam
1656 1786 1718 1884 qui
1732 1800 1807 1858 erat

223 1897 515 1996 apprehenditur.
536 1905 577 1971 ln
593 1902 760 2000 paradiso
784 1929 868 1976 eum
886 1905 1086 1978 collocarit.
1108 1907 1261 1980 Adverte
1287 1909 1371 2006 quia
1396 1923 1491 1980 extra
1518 1907 1724 2005 paradisum
1752 1909 1807 1979 vir

223 2019 334 2090 lactus
349 2033 420 2108 est,
438 2034 474 2091 et
486 2020 613 2092 mulier
629 2023 722 2094 intra
736 2023 952 2120 paradisum.
969 2030 1009 2096 ln
1023 2026 1181 2098 inferiori
1192 2027 1273 2098 loco
1287 2028 1341 2098 vir
1355 2027 1482 2098 melior
1492 2027 1683 2118 invenitur,
1700 2042 1736 2100 et
1748 2026 1807 2098 illa

221 2163 301 2235 quae
320 2141 358 2210 in
381 2140 529 2213 meliore
551 2141 633 2213 loco
653 2142 744 2214 lacta
762 2158 816 2215 est
836 2145 982 2218 inferior
1004 2148 1190 2244 reperitur.
1213 2149 1313 2218 Prius
1338 2173 1484 2246 quoque
1503 2149 1680 2221 Dominus
1697 2152 1807 2220 Evam
1848 2227 1857 2239 .

222 2259 330 2330 totius
344 2260 518 2357 originem
539 2260 623 2333 mali
640 2265 848 2334 restauravit
870 2266 907 2335 in
925 2267 1054 2356 Maria,
1077 2291 1186 2363 quam
1209 2266 1323 2338 Adam
1340 2268 1377 2338 in
1399 2267 1539 2340 Christo
1559 2269 1747 2366 reparavit.
1764 2272 1808 2339 Et

220 2379 312 2451 sicut
323 2403 345 2451 a
357 2379 504 2452 muliere
517 2379 643 2480 culpa,
658 2382 742 2452 sica
755 2383 903 2454 muliere
915 2385 1021 2481 coepit
1034 2385 1163 2480 gratia,
1185 2399 1221 2457 et
1234 2386 1442 2483 virginitatis
1456 2386 1617 2458 refloruit
1629 2411 1805 2487 preroga·

220 2500 303 2570 tiva.
326 2506 374 2570 Ac
387 2499 486 2597 prius
497 2501 534 2570 in
547 2504 648 2572 Anna
661 2515 698 2572 et
707 2502 816 2574 Maria
831 2502 948 2574 viduis
958 2517 994 2574 et
1011 2502 1207 2600 virginibus
1220 2519 1349 2578 sancte
1369 2505 1598 2602 professionis
1616 2505 1730 2578 forma
1742 2509 1807 2578 est⁸

219 2616 392 2708 exhibita,
409 2623 518 2716 quam
534 2619 573 2689 in
592 2623 729 2691 loanne
743 2619 800 2691 vel
821 2619 990 2719 apostolis
1015 2624 1219 2696 monasticae
1241 2623 1421 2720 religionis
1439 2623 1603 2722 exempla
1618 2625 1703 2696 viris
1719 2650 1805 2724 pro·

218 2741 347 2838 posita.
369 2739 476 2827 Quod
495 2739 525 2811 si
543 2754 625 2837 post
645 2742 771 2827 Evam,
795 2739 975 2831 Delborae‚
990 2742 1132 2832 tudith,
1154 2743 1280 2814 Esther
1297 2743 1465 2816 virtutem
1480 2745 1696 2834 intueamur,
1719 2769 1805 2844 pro·

218 2859 312 2930 fecto
337 2883 413 2930 non
442 2857 661 2931 mediocrem
683 2858 807 2934 robori
834 2860 944 2932 virilis
973 2885 1076 2934 serus
1102 2863 1295 2934 inferemus
1320 2860 1615 2934 erubescentiam.
1637 2863 1807 2936 Delbora⁷

216 2980 353 3078 quippe
366 2978 537 3050 dominici
547 2979 658 3074 judex
671 2979 822 3078 populi⁸,
843 2981 927 3064 viris
945 2979 1192 3054 deficientibus
1206 2982 1403 3072 dimicavit,
1424 2996 1461 3054 et
1474 2982 1621 3054 devictis
1641 2982 1806 3056 hostibus

215 3098 427 3197 populoque
440 3099 587 3170 Domini
596 3098 762 3189 liberato,
782 3114 948 3198 potenter
965 3101 1209 3200 triumphavit.
1226 3101 1366 3173 Judirh⁹
1378 3102 1523 3174 inermis
1535 3127 1619 3174 cum
1637 3102 1731 3175 Abra
1741 3127 1806 3176 sua

216 3217 412 3290 terribilem
423 3221 617 3291 exercitum
632 3234 685 3291 est
698 3244 876 3317 aggressa,
894 3236 930 3292 et
947 3221 1051 3292 unius
1065 3221 1250 3294 Holoferni
1267 3223 1416 3320 proprio
1435 3223 1545 3322 ipsius
1563 3220 1681 3320 gladio
1697 3237 1805 3322 caput
1881 3319 1888 3336 .
1962 3251 1969 3270 ·

213 3353 425 3437 amputans,
441 3338 517 3410 sola
535 3339 720 3412 universos
732 3343 854 3412 stravit
867 3341 1005 3432 hostes,
1023 3355 1060 3414 et
1077 3341 1305 3440 desperatum
1316 3342 1495 3441 populum
1507 3367 1611 3414 suum
1625 3344 1799 3418 liberavit.

213 3458 374 3554 Esther¹⁰
387 3459 512 3557 spiritu
530 3457 680 3531 latenter
701 3475 910 3557 suggerente
935 3457 1061 3533 contra
1087 3463 1206 3561 ipsum
1232 3462 1338 3534 etiam
1362 3460 1448 3560 legis
1470 3463 1654 3536 decretum
1681 3465 1803 3561 gentili

211 3577 382 3678 copulata
405 3579 498 3676 regi,
524 3579 720 3676 impiissimi
742 3585 855 3654 Antan
874 3579 1080 3671 consilium,
1103 3596 1140 3654 et
1157 3581 1302 3654 crudele
1319 3583 1411 3679 regis
1428 3585 1599 3682 praevenit
1624 3583 1799 3677 edictum,

209 3699 515 3795 constitutamque
531 3699 633 3794 regiae
652 3697 917 3772 deliberationis
934 3702 1146 3773 sententiam
1159 3703 1262 3800 quasi
1282 3727 1356 3774 uno
1370 3705 1541 3803 temporis
1558 3720 1745 3778 momento
1763 3707 1801 3776 in

210 3818 436 3889 contrarium
457 3818 644 3889 convertit.
670 3821 804 3914 Magnae
833 3817 1019 3891 ascribitur
1045 3820 1165 3892 virtuti
1190 3820 1290 3917 quod
1306 3821 1422 3892 David
1439 3822 1476 3892 in
1495 3821 1604 3894 funda
1625 3837 1661 3894 et
1682 3822 1801 3924 lapide

208 3936 359 4009 Goliam
367 3939 571 4033 aggressus¹¹
581 3951 633 4007 est
644 3950 680 4008 et
688 3936 829 4008 devicit.
840 3936 1102 4009 Judithtvidua
1111 3936 1158 4009 ad
1168 3937 1334 4010 hostilem
1344 3941 1507 4037 procedit
1519 3943 1712 4013 exercitum
1724 3942 1801 4015 sine

206 4055 326 4128 funda
337 4071 372 4128 et
385 4054 522 4153 lapide,
542 4055 618 4126 sine
631 4057 732 4126 omni
750 4055 967 4128 adminiculo
988 4070 1173 4129 armaturae
1190 4056 1412 4131 dimicatura.
1429 4059 1579 4130 Esther¹⁸
1595 4061 1674 4132 solo
1687 4060 1799 4132 verbo

145 4215 148 4220 ·
205 4175 392 4275 populum
418 4199 525 4247 suum
549 4175 693 4264 liberat,
722 4191 757 4246 et
778 4199 950 4248 conversa
978 4175 1016 4248 in
1047 4177 1167 4249 hostes
1202 4179 1393 4268 sententia,
1420 4193 1633 4250 corruerunt
1664 4180 1732 4277 ipsi
1762 4181 1799 4252 in

203 4299 385 4396 laqueum
397 4321 506 4395 quem
524 4296 760 4368 tetenderant.
784 4298 892 4392 Cujus
913 4297 1060 4395 quidem
1078 4298 1224 4395 insignis
1244 4298 1325 4369 lacti
1346 4300 1519 4370 memoria
1537 4297 1683 4396 singulis
1696 4301 1799 4370 annis

200 4419 312 4519 apud
326 4417 465 4489 ludaeos
479 4415 677 4488 solemnem
691 4417 820 4488 meruit
832 4414 1146 4508 haberelaetitiam3
1160 4416 1260 4515 quod
1273 4440 1500 4515 nequaquam
1511 4417 1630 4514 aliqua
1639 4417 1798 4490 virorum

198 4540 303 4611 facta
327 4552 644 4635 quantumcunque
665 4534 853 4635 splendida
873 4535 1118 4608 obtinuerunt.
1146 4538 1235 4625 Quis
1261 4536 1579 4637 incomparabilem
1596 4536 1719 4608 matris
1745 4561 1799 4610 se·

196 4675 311 4760 ptem
324 4657 479 4728 filiorum
490 4656 728 4762 constantiam
739 4680 814 4728 non
829 4657 990 4747 miretur,
1004 4681 1096 4754 quos
1110 4681 1181 4728 una
1199 4683 1282 4730 cum
1296 4672 1410 4729 matre
1425 4654 1687 4757 apprehensos,
1708 4658 1799 4728 sicut

193 4777 498 4852 Machabaecrum
518 4775 666 4848 historia
686 4779 843 4867 narrat¹⁸‚
872 4802 934 4848 rex
956 4778 1185 4876 impiissimus
1203 4775 1397 4850 Antiochus
1418 4776 1465 4849 ad
1489 4801 1615 4850 carnes
1633 4777 1798 4875 porcinas

235 5036 246 5063 ¹
277 5036 399 5086 Furtorern
423 5031 673 5094 llllS.-¹llatth.,
700 5047 754 5100 cap·
779 5049 827 5094 xx,
850 5048 876 5082 v.
900 5035 985 5084 16.“-
1019 5048 1075 5100 cap.
1090 5032 1329 5095 :rm-“sutem
1342 5033 1719 5101 cap.rrrt‚-¹¹llep.l‚cap.
1733 5049 1794 5096 xrn,

191 5121 205 5148 ⁸
217 5122 315 5180 Rom,
327 5135 382 5185 cap.
393 5135 419 5181 v,
427 5134 450 5168 v.
462 5121 536 5172 nt.-
547 5117 558 5145 ⁴
571 5119 669 5180 Quoque
681 5117 732 5169 ttS.
742 5116 850 5168 Amb—
860 5117 871 5145 ⁸
880 5115 942 5183 Gap.
953 5133 987 5182 rr,
1019 5132 1043 5168 r.
1059 5119 1100 5168 tt,
1112 5143 1146 5159 -
1155 5114 1179 5144 ⁰
1187 5117 1294 5176 natet,
1312 5131 1368 5183 cap.
1379 5134 1416 5170 ιι.
1426 5143 1456 5154 -
1467 5116 1490 5146 ‘⁸
1502 5117 1601 5177 Esther,
1610 5132 1612 5136 ’
1620 5133 1675 5184 cap.
1696 5134 1747 5170 rut.
1761 5143 1794 5158 -

192 5207 277 5271 app.
289 5213 309 5254 t.
321 5203 349 5263 1,
364 5203 413 5254 col.
429 5204 483 5254 153.
494 5231 525 5243 -
535 5201 546 5232 ⁸
557 5201 717 5256 δίων-Κατ
726 5217 776 5254 non
789 5200 911 5268 legiturin
922 5201 987 5254 Edd.
1022 5201 1045 5230 ¹⁴
1054 5202 1169 5254 luebat.
1179 5202 1201 5254 ll
1211 5240 1219 5261 .
1230 5215 1286 5269 cap.
1298 5218 1346 5264 ru,
1356 5219 1381 5253 r.
1395 5206 1405 5251 l
1417 5213 1490 5268 ειη.

189 5289 202 5316 ¹
217 5289 333 5340 Deam
351 5286 402 5338 llS.
425 5285 640 5346 sun-una,
654 5300 709 5353 cap.
732 5301 755 5338 rr
777 5295 802 5338 ct
818 5301 842 5338 t.
853 5284 988 5348 -⁸Jad.‚
