4600 6110
480 663 554 734 414
1076 659 1204 731 ΡΕἹἮΙ
1230 659 1464 733 ABAELtttttt

480 800 584 874 nobis
602 801 774 889 insinuat,
800 799 886 870 tales
911 801 1063 872 maxime
1080 822 1101 870 a
1121 802 1198 870 Deo
1221 800 1398 895 ignorari,
1425 825 1580 898 quorum
1601 825 1709 896 opera
1728 803 1838 900 magis
1860 802 2058 900 improbat,

474 924 573 1018 juxta
590 921 678 991 illud
691 921 789 1018 quod
809 919 969 1020 reprobis
990 921 1054 992 ait¹
1073 947 1080 990 :
1106 949 1123 987 u
1138 925 1250 991 limen
1267 920 1350 993 dico
1368 921 1492 1013 vobis,
1513 924 1635 995 nescio
1649 947 1755 996 vos.»
1773 925 1891 995 Primo
1908 924 2060 1023 lapidem

477 1043 635 1140 praecipit
657 1040 733 1112 tolli
752 1043 813 1138 qui
833 1055 1015 1113 mortuum
1036 1041 1186 1140 premit,
1204 1056 1243 1112 ut
1259 1042 1351 1114 sicut
1362 1057 1525 1114 mortuus
1539 1067 1721 1142 resurgere
1739 1045 1867 1146 possit;
1882 1046 1966 1142 quia
1984 1042 2063 1116 tali·

478 1162 562 1252 bus,
585 1185 631 1231 ne
654 1159 699 1231 de
718 1161 962 1257 magnitudine
979 1175 1210 1260 peccatorum
1223 1160 1433 1260 desperent,
1454 1160 1672 1260 indulgentia
1690 1163 1870 1261 Evangelii
1887 1163 1997 1260 magis
2011 1179 2062 1236 est

479 1281 720 1382 praedicanda,
737 1283 820 1378 quia
834 1280 970 1353 dictum
987 1297 1040 1354 est
1053 1281 1262 1353 aduberae':
1281 1283 1431 1374 «Vade,
1447 1299 1483 1355 et
1495 1283 1647 1381 amplius
1658 1284 1733 1355 noli
1746 1307 1907 1382 peccare,
1920 1313 1938 1352 n
1953 1309 2060 1383 quam

477 1404 562 1502 legis
584 1401 758 1502 inlepide
781 1403 918 1500 scriptae
935 1402 1066 1474 duritia
1082 1403 1118 1473 in
1137 1402 1479 1475 contaminationem
1497 1403 1715 1476 inducenda.
1737 1406 1802 1475 Hic
1819 1406 1939 1503 itaque
1957 1404 2062 1502 longa

475 1521 735 1594 consuetudine
747 1521 920 1620 peccandi
929 1521 1110 1611 detentus,
1130 1536 1166 1593 et
1177 1547 1293 1621 pravae
1305 1523 1574 1596 consuetudinis
1588 1523 1676 1620 jugo
1690 1525 1842 1621 graviter
1855 1525 2058 1623 depressus,

477 1659 584 1741 atque
602 1645 638 1714 in
657 1657 795 1716 tantum
809 1643 923 1716 libero
934 1643 1081 1715 arbitrio
1092 1644 1129 1714 in
1142 1644 1220 1742 ipso
1230 1643 1306 1740 jam
1322 1644 1526 1735 debilitate,
1545 1661 1585 1717 ut
1603 1670 1678 1716 non
1692 1645 1810 1717 solum
1827 1645 1969 1718 adeum
1987 1671 2061 1717 sur·

477 1789 559 1862 gere
572 1789 647 1835 uon
661 1779 797 1862 posset,
820 1779 859 1834 ut
872 1789 955 1836 eum
968 1765 1183 1863 requireret,
1201 1764 1264 1836 sed
1277 1790 1344 1836 nec
1357 1790 1425 1864 pro
1439 1789 1477 1837 se
1490 1788 1593 1838 orare
1609 1781 1799 1864 satageret;
1813 1765 1911 1838 veuit
1924 1765 2060 1838 adeum

479 1885 679 1957 misericors
701 1885 893 1975 Dominus,
909 1910 1021 1982 quum
1040 1885 1074 1957 ei
1092 1884 1262 1981 gemitum
1282 1885 1498 1983 poenitentiae
1516 1886 1683 1984 inspirat,
1704 1900 1740 1957 et
1756 1885 1891 1957 viribus
1912 1885 2060 1958 omnino

478 2007 686 2077 destitutum
700 2005 810 2101 erigat
822 2021 1006 2103 aegrotum.
1020 2006 1073 2076 td
1085 2029 1193 2102 quem
1209 2029 1298 2078 voce
1310 2029 1439 2102 magna
1452 2005 1627 2078 clamans:
1643 2036 1662 2074 u
1669 2011 1811 2098 lazare,
1827 2007 1911 2079 veni
1921 2007 2026 2100 foras,
2041 2037 2057 2074 n

373 2106 377 2114 ¹
479 2127 558 2226 ipso
576 2124 732 2196 clamore
749 2125 923 2215 insinuat,
947 2149 1056 2230 quam
1076 2125 1181 2221 longe
1195 2139 1354 2196 remotus
1374 2125 1435 2197 hic
1461 2123 1507 2196 ab
1531 2150 1575 2198 ec
1598 2125 1756 2198 absistat.
1776 2155 1794 2194 a
1814 2127 1903 2198 Veni
1914 2126 2024 2216 foras,
2041 2155 2057 2193 u

472 2247 615 2344 iuquit,
631 2246 703 2316 boc
715 2261 787 2334 est,
808 2270 873 2345 per
884 2246 1111 2342 temetipsum
1125 2243 1287 2342 culpam,
1307 2268 1386 2341 quae
1403 2261 1456 2317 est
1471 2245 1509 2317 in
1524 2261 1655 2336 mente,
1668 2245 1817 2345 propala
1826 2247 2057 2336 confessione,

477 2383 512 2439 et
530 2366 676 2467 spiritali
694 2366 835 2438 medico
849 2365 976 2438 vulnus
994 2366 1162 2456 ostende,
1183 2390 1289 2462 aquo
1304 2367 1474 2464 suscipias
1491 2366 1722 2465 cataplasma³
1735 2365 1931 2438 medicinae.
1955 2369 2060 2437 Vocat

478 2488 654 2559 Dominus
673 2490 863 2576 Lazarum,
876 2511 988 2583 quum
1000 2485 1180 2583 peccatori
1192 2484 1340 2556 salubris
1353 2486 1568 2582 poenitentiae
1579 2487 1725 2586 inspirat
1738 2487 1921 2583 gemitum.
1935 2491 1975 2556 ln
1989 2509 2060 2582 quo

393 2643 404 2664 ·
478 2605 624 2704 quidem
644 2605 776 2702 gemitu
796 2619 959 2676 mortuus
978 2604 1172 2694 reviviscit,
1194 2604 1278 2700 quia
1296 2629 1393 2676 mors
1415 2605 1561 2696 animae,
1579 2604 1679 2702 quod
1695 2620 1747 2676 cst
1769 2619 1973 2703 peccatum,
1999 2629 2061 2702 per

479 2749 562 2798 eum
580 2725 749 2798 abscedit
765 2725 906 2824 Quippe
918 2749 989 2820 qua
1006 2725 1096 2796 hora
1109 2739 1278 2850 peccator
1289 2725 1500 2821 ingemuerit
1513 2740 1699 2822 peccatum
1714 2749 1837 2816 suum,
1853 2724 1970 2796 salvus
1983 2726 2056 2797 erit.

479 2849 523 2918 Et
540 2848 623 2944 quia
646 2859 727 2944 post
744 2845 988 2943 poenitentiam
1015 2843 1191 2917 confessio
1210 2857 1318 2914 restat
1335 2845 1491 2939 peccati,
1515 2858 1663 2914 vocatus
1682 2847 1834 2916 Lazarus
1855 2844 1949 2916 foras
1966 2846 2056 2932 exit,

478 2968 564 3039 dum
584 2992 621 3038 se
634 2966 886 3066 poeuitensper
903 2963 1166 3036 confessionem
1178 2978 1409 3061 peccatorum
1427 2962 1569 3062 prodit,
1591 2980 1624 3036 et
1645 2963 1691 3036 de
1702 2964 1884 3063 profundo
1896 2966 2059 3037 vitiorum

457 3127 463 3140 ·
478 3103 648 3185 tauquam
661 3086 707 3158 de
721 3083 884 3184 sepulcro
897 3085 1017 3180 surgit

526 3207 597 3280 Sed
609 3208 693 3305 quia
712 3205 770 3277 liic
787 3204 866 3276 talis
885 3203 1187 3277 excommunicari
1205 3217 1401 3293 memorat,
1433 3217 1469 3276 et
1493 3202 1538 3275 ab
1558 3147 1714 3276 Ecclesia
1739 3203 1893 3303 expulsis
1914 3205 2058 3276 vinculis

477 3327 710 3403 anathematis
723 3325 843 3398 adhuc
860 3323 1025 3420 religatus
1044 3317 1119 3396 erat
1137 3349 1205 3424 pro
1223 3339 1298 3396 tam
1317 3325 1510 3397 manifestis
1530 3325 1739 3398 criminibus
1760 3326 1848 3415 suis,
1868 3325 2059 3426 procedere

479 3449 607 3523 dicitur
628 3449 754 3546 ligatus
775 3444 886 3543 pedes
908 3458 943 3516 et
960 3467 1105 3534 manus,
1127 3457 1163 3517 et
1184 3443 1328 3517 sudario
1352 3444 1476 3518 faciem
1504 3445 1696 3518 involutus.
1727 3445 1903 3535 Quislihet
1921 3471 2060 3520 excom·

479 3569 714 3640 municatusa
731 3563 902 3665 praelatis,
929 3565 993 3661 qui
1009 3565 1084 3663 jam
1107 3588 1172 3663 per
1190 3549 1435 3663 poenitentiam
1451 3581 1487 3638 et
1502 3565 1763 3640 confessionem
1781 3572 1858 3640 Deo
1877 3568 1922 3640 sit
1937 3591 2061 3640 recon-

478 3691 632 3779 ciliatus,
648 3703 767 3759 tamen
785 3685 831 3758 ab
849 3687 933 3783 ipsis
947 3685 1110 3758 Ecclesiae
1127 3685 1296 3758 ministris
1314 3685 1548 3760 anathematis
1567 3687 1716 3759 vinculis
1732 3703 1786 3760 est
1801 3685 2056 3778 absolvendum

479 3827 519 3883 ut
536 3809 771 3882 satisfactione
785 3820 945 3906 peracta,
961 3807 1182 3879 consortium
1201 3809 1233 3879 ei
1252 3807 1423 3880 reddatur
1437 3808 1597 3881 fidelium
1610 3809 1657 3882 ab
1669 3809 1754 3908 ipsis
1764 3834 1830 3908 per
1842 3834 1933 3908 quos
1950 3810 2060 3882 fuerat

479 3931 654 4004 exclusus.
677 3928 790 4001 Pedes
804 3942 839 3999 et
856 3950 984 3999 manus
997 3926 1122 4024 ligatos
1135 3926 1263 4018 habet,
1278 3928 1337 3999 cui
1347 3927 1466 4000 adhuc
1475 3929 1640 4001 introitus
1653 3929 1816 4002 Ecclesiae
1826 3953 1902 4002 non
1916 3945 1970 4002 est
1978 3953 2061 4002 con·

478 4075 613 4140 cessus,
640 4064 677 4122 ut
700 4045 944 4122 satisfactionis
969 4071 1079 4144 opera
1099 4047 1169 4118 sint
1194 4047 1375 4144 injuncta,
1398 4072 1477 4144 quae
1505 4073 1572 4147 pro
1598 4046 1767 4146 qualitate
1793 4048 1850 4121 vel
1867 4051 2062 4148 quantitate

478 4188 708 4274 peccatorum
726 4193 746 4240 a
765 4166 916 4268 praelatis
943 4181 1026 4238 sunt
1047 4165 1289 4264 imponenda:
1307 4181 1347 4240 ut
1364 4169 1455 4240 sicut
1477 4193 1552 4241 non
1571 4184 1625 4241 est
1648 4168 1738 4243 liber
1758 4169 1805 4242 ad
1821 4169 2060 4242 incedendum

478 4318 552 4391 quo
568 4290 740 4378 voluerit,
768 4289 816 4360 ita
839 4311 906 4359 nec
924 4284 970 4358 ad
994 4285 1219 4385 operandum
1240 4286 1340 4383 quod
1357 4288 1433 4386 ipse
1451 4287 1659 4362 decreverit.
1680 4289 1751 4378 Qui
1774 4289 1872 4362 enim
1888 4289 1951 4361 diu
1971 4288 2060 4362 male

476 4412 632 4486 vivendo
651 4411 782 4483 abusus
798 4420 1036 4507 estpotestate
1049 4433 1131 4498 sua,
1149 4407 1223 4503 jam
1235 4431 1311 4480 non
1324 4408 1485 4508 proprio,
1504 4408 1568 4481 sed
1582 4409 1699 4482 alieno
1709 4409 1811 4507 quod
1820 4409 1971 4507 deliquit
1983 4433 2058 4482 ccr-

422 4581 425 4586 ,
476 4539 591 4636 rigere
603 4533 710 4607 debet
726 4531 889 4619 arbitrio,
910 4555 978 4602 nec
987 4530 1062 4627 jam
1075 4531 1129 4603 sui
1142 4531 1231 4626 juris
1249 4545 1302 4603 est
1318 4532 1355 4602 in
1374 4530 1503 4602 talibus
1517 4531 1681 4628 agendis,
1702 4531 1767 4604 sed
1782 4531 1901 4604 aliem.
1925 4533 2061 4605 Faciem

477 4681 623 4757 quoque
636 4653 832 4728 involutam
842 4650 968 4743 habet,
979 4652 1062 4748 quia
1072 4665 1155 4722 ante
1167 4652 1414 4723 satisfactionis
1427 4651 1671 4750 impletionem
1683 4651 1829 4725 devotio
1841 4652 2057 4751 poenitentis,

478 4795 514 4853 et
533 4803 638 4852 verus
651 4774 867 4877 poenitentiae
885 4774 1035 4870 gemitus
1046 4797 1122 4844 non
1139 4787 1256 4870 potest
1275 4775 1455 4870 cognosci.
1478 4779 1546 4846 Per
1561 4773 1687 4846 faciem
1705 4775 1859 4874 quippe,
1884 4797 1956 4872 qna
1971 4773 2062 4871 quis·

480 4924 550 4997 que
563 4897 801 4996 cognoscitur,
816 4894 942 4966 notitia
954 4893 1169 4991 designatur.
1182 4895 1321 4966 Faciem
1333 4895 1451 4991 itaque
1460 4895 1664 4994 poenitentis
1676 4894 1875 4967 involutam
1885 4895 2059 4993 aperiunt,

479 5019 540 5116 qui
568 5018 643 5114 ejus
663 5015 821 5088 instituta
846 5013 1100 5106 satisfactione,
1130 5014 1258 5114 ipsius,
1299 5027 1337 5084 ut
1368 5012 1505 5086 dictum
1534 5029 1613 5107 est,
1643 5014 1876 5087 devotionem
1897 5013 2061 5112 cognosci

514 5296 520 5322 ¹
541 5289 636 5346 llatth..
652 5304 708 5354 cap.
722 5303 781 5348 xxv,
793 5303 816 5336 r.
830 5287 908 5336 tt.-
920 5282 930 5309 ¹
940 5283 1022 5346 Joan.,
1036 5298 1093 5352 cap.
1106 5301 1163 5348 vui,
1174 5289 1202 5335 'r.
1218 5289 1256 5336 rt.
1273 5311 1304 5323 -
1316 5286 1327 5312 ⁸
1338 5285 1409 5337 Arub.
1423 5287 1558 5350 caraptam.
