4522 6102
446 675 514 746 t30
877 677 1007 748 PE‘l'lll
1031 676 1262 750 ABAEttRut
1289 677 1344 748 ΕΤ
1368 673 1594 748 ttEtotssAE

441 813 624 888 ecclesiam
637 815 755 888 adbuc
769 815 1029 912 judaizantem,
1051 819 1086 890 in
1105 817 1250 890 taudem
1263 818 1376 914 gentis
1387 842 1458 890 snae
1469 817 1603 889 librum
1616 841 1723 915 super
1736 839 1860 888 eorum
1873 839 2020 888 conver·

439 936 540 1008 sione
559 937 712 1033 scripsit,
726 951 761 1006 et
772 938 958 1034 quomodo
972 943 1084 1012 Lucas
1096 943 1233 1012 narrat¹
1251 937 1504 1034 Hierosolymae
1516 935 1702 1010 credentes
1719 937 1841 1008 omnia
1854 935 2018 1008 babuisse

437 1057 663 1144 communia,
685 1057 735 1127 sic
753 1072 788 1128 et
806 1057 864 1128 ille
881 1057 981 1154 quod
1000 1056 1217 1130 Alexandriae
1229 1057 1296 1129 sub
1308 1061 1427 1129 ldarco
1441 1056 1589 1128 doctore
1604 1054 1681 1128 lieri
1698 1053 1867 1128 cernebat
1884 1079 2018 1127 memo·

439 1174 497 1246 rite
512 1174 666 1248 tradidit.
678 1203 693 1242 u
705 1181 795 1248 ltern
813 1201 890 1276 cap.
907 1202 966 1248 xi:
989 1207 1006 1246 u
1026 1177 1126 1250 Philo
1145 1176 1300 1266 tadeus,
1318 1177 1462 1248 natium
1474 1175 1749 1260 Alexandrinus,
1766 1174 1812 1247 de
1823 1197 1953 1270 genere
1963 1199 2018 1245 sa·

438 1293 625 1364 cerdotum
647 1295 780 1370 idcireo
795 1321 816 1368 a
829 1297 934 1370 nobis
952 1299 1045 1368 inter
1059 1299 1249 1395 scriptores
1267 1296 1523 1370 ecclesiasticos
1540 1295 1705 1393 ponitur,
1727 1295 1810 1392 quia
1827 1293 1960 1366 librum
1972 1292 2017 1366 de

436 1416 552 1508 primu
564 1416 670 1488 Marci
685 1415 908 1514 evangelistae
918 1417 1016 1515 apud
1030 1419 1277 1490 Alexandriam
1293 1416 1449 1489 scribens
1463 1415 1630 1506 ecelesia,
1646 1417 1683 1486 in
1695 1431 1902 1488 nostrornm
1913 1413 2017 1486 laude

436 1547 593 1604 versatus
611 1549 682 1622 est,
704 1561 778 1606 non
802 1536 920 1610 solum
937 1560 999 1608 eos
1018 1535 1087 1627 ibi,
1107 1536 1172 1608 sed
1192 1538 1228 1608 in
1247 1535 1368 1608 multis
1385 1557 1533 1633 quoque
1551 1535 1743 1633 provinciis
1762 1557 1838 1606 esse
1860 1557 2016 1606 comme·

437 1675 598 1744 morans,
612 1669 647 1726 et
657 1655 858 1728 habitaculo
869 1679 994 1728 eorum
1009 1657 1132 1728 dicens
1145 1657 1370 1728 monasteria.
1389 1683 1408 1724 u
1425 1660 1476 1726 Ex
1486 1681 1560 1752 quo
1572 1669 1720 1753 apparet
1730 1670 1848 1725 tamen
1862 1655 2016 1752 primum

432 1772 574 1846 Christo
588 1775 809 1848 credentium
827 1776 933 1850 luisse
947 1777 1152 1866 ecclesiam,
1169 1776 1292 1874 quales
1309 1801 1406 1850 nunc
1424 1775 1592 1848 monachi
1608 1799 1685 1847 esse
1698 1775 1882 1846 imitantur
1899 1788 1935 1846 et
1951 1797 2014 1845 cu-

435 1895 555 1990 piunt,
578 1911 615 1966 ut
630 1896 718 1966 nihil
731 1897 940 1995 cujusquam
954 1900 1142 1997 proprium
1159 1898 1223 1988 sit,
1248 1897 1366 1970 nullus
1388 1898 1557 1970 intereos
1579 1896 1694 1985 dives,
1718 1895 1837 1966 nullus
1854 1917 2012 1993 pauper,

434 2015 647 2110 patrimonia
660 2017 844 2113 egentibus
861 2018 1083 2110 dividantur,
1107 2020 1260 2090 orationi
1276 2031 1422 2091 vacetur
1440 2033 1476 2090 et
1493 2017 1657 2117 psalmis,
1680 2016 1851 2089 doctrinae
1871 2041 2016 2115 quoque

433 2147 467 2204 et
487 2137 733 2227 continentie,
757 2137 879 2235 quales
896 2154 933 2210 et
955 2143 1069 2212 Lucas
1089 2137 1195 2210 refert
1223 2139 1378 2236 primurn
1401 2137 1643 2210 Hierosolimae
1667 2137 1774 2208 luisse
1789 2135 2011 2210 credentes¹.

431 2255 538 2340 Quod
551 2257 580 2326 si
593 2272 729 2328 veteres
744 2258 968 2332 revolvamus
985 2257 1169 2349 historias,
1185 2261 1403 2356 reperiemus
1420 2259 1457 2329 in
1477 2259 1560 2357 ipsis
1579 2257 1728 2329 feminas
1746 2258 1781 2328 iu
1801 2256 1949 2354 hisquae
1966 2256 2013 2330 ad

433 2376 549 2446 Deum
566 2377 762 2472 pertinent,
784 2377 840 2449 vel
854 2377 900 2450 ad
917 2401 1170 2476 quamcunque
1188 2378 1366 2476 religionis
1379 2378 1674 2475 singularitatem,
1688 2399 1710 2448 e
1723 2378 1807 2450 viris
1817 2401 1892 2448 non
1910 2376 2015 2450 fuisse

433 2492 638 2587 disjunctas.
653 2500 750 2583 Quas
761 2498 869 2570 etiam
881 2499 1030 2598 pariter,
1047 2514 1085 2570 ut
1097 2500 1208 2587 viros,
1230 2498 1350 2570 divina
1372 2498 1727 2570 conticenonsolum
1740 2497 1930 2586 cecinisse,
1951 2521 2015 2568 ve·

434 2615 620 2688 rumeliam
641 2620 885 2716 composuisse
903 2643 1008 2690 sacrae
1023 2619 1168 2690 tradunt
1185 2619 1351 2691 historiae.
1368 2619 1528 2691 Primum
1540 2620 1673 2716 quippe
1686 2619 1865 2690 canticum
1881 2616 2014 2690 delibe-

432 2732 569 2806 ratione
588 2735 764 2809 israelitici
782 2737 907 2836 populi
924 2763 998 2810 non
1020 2738 1138 2810 solum
1153 2740 1236 2824 viri,
1258 2737 1444 2810 sedetiam
1457 2737 1786 2811 mulieresDomino
1801 2736 2011 2809 decantave·

431 2866 535 2922 runt:
557 2853 642 2926 lrinc
655 2857 772 2929 statim
791 2855 995 2933 divinorum
1013 2858 1215 2930 officiorum
1228 2859 1264 2930 in
1280 2857 1426 2930 eeclesia
1444 2856 1742 2929 celebrandorum
1765 2858 2009 2928 auctoritatem

431 2974 513 3070 ipsae
535 2973 682 3074 adeptae.
700 2978 757 3048 Sic
770 2978 903 3078 quippe
923 2981 1095 3077 scriptum
1114 2983 1213 3051 est³2
1236 3009 1255 3048 r
1270 2979 1429 3078 Surnpsit
1447 3003 1531 3075 ergo
1550 2979 1658 3050 Maria
1678 2978 1890 3076 prophetes,
1911 3000 2014 3050 soror

329 3096 332 3108 “
434 3096 567 3180 Aaron,
584 3110 796 3195 tympanum
810 3097 847 3168 in
860 3123 970 3172 manu
988 3123 1070 3188 sua,
1091 3121 1307 3196 egressaeque
1324 3112 1407 3170 suot
1418 3121 1545 3168 omnes
1562 3095 1728 3170 inuberes
1740 3111 1823 3195 post
1840 3121 2013 3170 eumcum

432 3215 608 3308 tympanis
626 3229 662 3286 et
685 3216 822 3306 choris,
851 3217 981 3314 quibus
1005 3217 1220 3314 praecinebat
1241 3217 1363 3290 dicens
1386 3245 1394 3288 ε
1414 3247 1432 3286 u
1454 3222 1645 3290 Cantemus
1664 3218 1840 3308 Domino,
1860 3217 2015 3314 gloriose

434 3357 449 3394 ε(
464 3330 561 3402 enirn
575 3333 819 3428 magnificatus
831 3350 896 3406 est.
905 3363 922 3402 u
937 3339 1009 3406 Nec
1020 3334 1070 3405 ibi
1084 3334 1231 3430 quidem
1245 3338 1383 3428 Moyses
1394 3351 1698 3407 commemoratur
1713 3336 1903 3434 propbeta,
1925 3344 2015 3410 nec‘

431 3451 628 3546 praecinisse
641 3452 786 3544 dicitur,
807 3455 897 3526 sicut
910 3456 1036 3542 Maria,
1056 3477 1123 3525 nec
1135 3469 1345 3554 tympanum
1358 3469 1419 3526 aut
1432 3454 1584 3527 chorum
1596 3455 1663 3528 viri
1675 3456 1842 3530 habuisse
1854 3455 2013 3530 reserun-

431 3583 488 3644 tur
498 3572 589 3644 siout
601 3571 779 3646 mulieres.
797 3578 917 3662 Quum
936 3576 1055 3671 itaque
1073 3575 1183 3646 Maria
1201 3575 1396 3673 praecinens
1413 3575 1606 3673 prophetes
1620 3591 1941 3666 commemoratur,
1961 3579 2013 3650 vi-

429 3688 535 3764 detur
546 3693 622 3790 ipsa
640 3716 713 3764 non
730 3708 803 3764 tam
822 3692 992 3766 dictando
1006 3694 1062 3766 vel
1080 3695 1281 3784 recitando,
1302 3699 1432 3792 quam⁸
1450 3695 1702 3793 prophetando
1722 3697 1898 3768 canticum
1918 3699 2014 3768 istud

429 3811 630 3908 protulisse.
653 3817 739 3899 Quae
758 3812 865 3886 etiarn
880 3839 995 3911 quum
1012 3817 1145 3887 caeteris
1166 3816 1356 3914 praecinere
1376 3814 1605 3903 describitur,
1626 3841 1736 3912 mam
1755 3816 1918 3888 ordinate
1936 3818 2015 3890 sive

429 3930 656 4004 concorditer
668 3933 858 4031 psallerent
871 3933 1146 4007 demonstratur.
1164 3935 1273 4023 Quod
1285 3951 1404 4009 autern
1419 3958 1494 4006 non
1508 3936 1624 4008 solum
1638 3959 1745 4026 voce,
1762 3961 1887 4008 verum
1904 3939 2014 4009 etiam

429 4052 605 4146 tympanis
619 4067 653 4123 et
665 4053 783 4124 choris
794 4054 1004 4144 cecinerint,
1021 4079 1095 4126 non
1108 4055 1224 4127 solum
1242 4077 1365 4127 earum
1380 4055 1572 4126 maximam
1586 4055 1815 4127 devotionem
1833 4058 2011 4146 insinuat,

428 4195 553 4242 verum
578 4172 684 4242 etiam
707 4173 854 4268 mystice
872 4174 1038 4271 spiritalis
1060 4174 1188 4245 cantici
1209 4175 1246 4244 in
1273 4173 1606 4270 congregationibus
1635 4177 1839 4247 monasticis
1860 4176 2013 4249 formum

427 4288 613 4388 diligenter
625 4294 801 4390 exprimit.
820 4293 873 4363 td
886 4293 986 4390 quod
997 4309 1033 4365 et
1045 4293 1227 4366 Psalmista
1239 4318 1307 4364 nos
1321 4293 1528 4365 exhortatur
1540 4295 1662 4365 dicens
1673 4298 1705 4364 ⁸:
1724 4323 1742 4363 u
1758 4296 1912 4368 laudate
1926 4321 2013 4368 eum

426 4415 462 4484 in
475 4430 648 4512 tympano
661 4428 697 4486 et
712 4412 848 4501 choro,
867 4443 883 4480 u
904 4413 975 4484 hoc
991 4415 1092 4485 estin
1106 4413 1380 4485 mortificatione
1391 4415 1523 4502 carnis,
1548 4429 1584 4484 et
1601 4415 1795 4486 concordia
1817 4414 1875 4486 illa
1895 4415 2013 4488 chari-

426 4535 522 4624 tatis,
542 4533 589 4606 de
609 4558 680 4630 qua
701 4534 870 4630 scriptum
893 4536 965 4603 est⁷
988 4561 994 4602 :
1020 4563 1038 4600 u
1055 4535 1147 4620 Quia
1165 4534 1401 4607 multitudinis
1418 4534 1641 4606 credentium
1661 4549 1736 4605 erat
1757 4557 1820 4605 cor
1842 4559 1952 4606 unum
1976 4555 2014 4610 et

427 4656 546 4726 anima
563 4677 646 4724 una.
665 4681 683 4718 u
700 4657 772 4723 Nec
786 4667 885 4723 vacat
898 4653 1006 4724 etiam
1021 4677 1045 4722 a
1062 4654 1246 4746 mysterio,
1269 4653 1368 4750 quod
1382 4653 1493 4750 egisse
1505 4653 1551 4724 ed
1563 4652 1780 4724 cantandum
1793 4655 2009 4747 referuntur,

424 4775 549 4869 inquo
566 4772 694 4842 anianae
705 4771 987 4869 contemplativae
997 4769 1100 4865 jubili
1115 4770 1329 4866 ligurantur,
1346 4772 1521 4869 quaedum
1535 4771 1581 4842 ad
1592 4771 1795 4844 coelestiase
1806 4774 2007 4871 suspendit,

427 4892 527 4989 quasi
542 4906 689 4964 terrenae
705 4889 933 4962 habitationis
950 4893 1127 4961 castrnm⁸
1143 4889 1295 4980 deserit,
1318 4890 1417 4963 etde
1440 4893 1515 4989 ipsa
1533 4891 1844 4988 contemplationis
1864 4917 1937 4967 suae
1956 4896 2014 4965 in-

462 5199 469 5224 ⁴
484 5202 539 5248 Act.
552 5199 647 5259 apost,
661 5212 716 5262 cap.
729 5213 759 5252 rr,
771 5213 795 5244 v.
808 5195 849 5245 tt.
858 5218 889 5232 ·-
899 5193 909 5220 ¹
921 5197 975 5246 det.
993 5198 1087 5257 ripeta,
1098 5209 1152 5260 cap.
1165 5211 1198 5256 tv,
1233 5222 1260 5232 —
1272 5195 1282 5222 ¹
1293 5198 1334 5245 Ex
1346 5211 1388 5246 ore
1397 5200 1507 5245 eteniam
1519 5199 1622 5245 nunbrte
1633 5200 1709 5258 pletis
1720 5195 1791 5248 lillS.
1808 5221 1830 5234 -·
1844 5197 1953 5248 ‘Pualm
1965 5215 2013 5263 cc,

426 5301 449 5332 r.
463 5283 503 5335 at.
514 5281 670 5340 ΔΕΜ,
684 5295 739 5347 cap.
751 5297 792 5340 xv,
803 5295 827 5328 v.
841 5281 872 5328 to
882 5290 907 5329 et
918 5277 1079 5330 ²t.-⁸Nec
1088 5279 1158 5330 deest
1169 5280 1197 5330 l).
1233 5296 1256 5328 v.
1271 5283 1293 5329 t.
1305 5303 1334 5314 -
1346 5278 1355 5305 ²
1368 5281 1422 5330 Act.
1433 5281 1528 5343 spuet..
1540 5296 1595 5346 cap.
1607 5297 1640 5338 rr,
1653 5297 1676 5331 v.
1688 5281 1729 5330 ³2.
1744 5307 1769 5320 κη
1782 5280 1793 5308 ⁸
1806 5283 1890 5332 Castro
1902 5283 1930 5333 l).
