4496 6102
567 637 610 710 rv
636 619 971 716 ruarrrclrroun
995 641 1178 728 siucrn
1202 641 1357 717 usam
1381 646 1543 718 snauo.
1774 648 1844 723 sss
1951 695 1955 703 ·
1999 625 2004 636 '

266 774 365 848 dicit¹
381 800 390 846 z
409 801 427 842 u
441 776 556 868 Servi,
575 779 718 854 obedite
731 782 887 856 dominis
900 783 1100 858 carnalibus
1112 807 1195 856 cum
1208 779 1336 859 timore
1352 801 1386 860 et
1399 773 1553 860 tremore
1569 789 1606 859 in
1624 785 1846 888 simplicitate

267 891 385 966 cordis
401 895 508 966 vestri
522 895 613 969 sicut
629 899 769 980 Cbristo
786 928 794 971 ε
815 925 890 973 non
908 902 955 974 ad
974 903 1119 976 oculum
1137 905 1345 1002 servientes,
1363 907 1464 1002 quasi
1480 903 1686 977 hominibus
1702 907 1846 1005 placen·

266 1031 338 1106 tes;
355 1013 419 1088 sed
432 1031 471 1088 ut
483 1019 574 1090 servi
587 1018 734 1112 Christi,
751 1021 917 1094 facientes
932 1023 1153 1097 voluntatem
1163 1026 1228 1098 Dei
1240 1049 1283 1097 ex
1295 1027 1433 1116 animo,
1448 1017 1531 1098 cum
1549 1024 1647 1099 bona
1665 1025 1847 1100 voluntate

267 1135 457 1226 servientes
475 1136 565 1208 sicut
576 1140 753 1231 Domino,
774 1155 810 1212 et
821 1165 895 1214 non
907 1141 1128 1215 hominibus.
1148 1171 1165 1211 a
1180 1141 1410 1232 Quum'enim
1423 1159 1569 1244 propter
1580 1148 1696 1217 Deum
1709 1143 1850 1217 bomini

265 1255 429 1344 servitur,
454 1261 531 1328 Deo
549 1259 658 1355 magis
676 1284 784 1357 quam
802 1261 940 1333 bomini
962 1263 1144 1335 servitium
1170 1264 1412 1364 impenditur:
1428 1264 1532 1337 Unde
1556 1265 1728 1364 scriptum
1747 1267 1818 1338 est’
1837 1294 1845 1334 t

270 1402 287 1440 κ
298 1375 492 1446 Dominum
502 1381 619 1448 Deum
627 1393 729 1451 tuum
739 1380 918 1472 adorabis,
935 1396 970 1454 et
979 1382 1029 1454 illi
1041 1383 1108 1455 soli
1117 1385 1261 1456 servies.
1278 1385 1416 1472 »Quod
1431 1398 1471 1456 ut
1488 1383 1762 1482 libernmpossit
1774 1407 1850 1486 esse

267 1493 469 1586 servitium,
492 1496 568 1594 ipse
586 1499 761 1571 Dominus
785 1501 852 1572 sub
872 1501 950 1599 lege
968 1503 1078 1579 iectus
1098 1527 1165 1575 nos
1180 1527 1201 1575 a
1218 1505 1384 1576 servitute
1404 1504 1491 1601 legis
1514 1503 1681 1595 redemit,
1704 1517 1744 1574 ut
1764 1504 1851 1575 ado·

207 1609 209 1614 ’
265 1614 429 1711 ptionem
444 1613 599 1689 liliorum
613 1619 865 1717 reciperemus.
876 1619 982 1693 Filius
1000 1623 1083 1714 Dei,
1098 1622 1240 1716 fratres,
1257 1622 1371 1696 facere
1389 1625 1506 1716 venit,
1523 1637 1559 1696 et
1575 1639 1613 1694 ut
1627 1647 1694 1695 nos
1707 1624 1743 1694 in
1760 1622 1852 1695 lilios

269 1731 475 1806 sublimaret
491 1734 537 1807 de
556 1738 679 1808 servis.
700 1739 804 1813 Unde
821 1755 857 1813 ct
874 1741 1087 1839 evangelista
1105 1744 1267 1815 meminit
1286 1744 1452 1816 dicens⁸:
1474 1771 1492 1812 ιι
1508 1748 1548 1814 In
1567 1745 1713 1843 propria
1732 1743 1849 1832 venit,

268 1867 306 1925 et
322 1853 376 1925 sui
400 1877 483 1926 eurn
502 1879 577 1928 non
591 1875 813 1956 receperunt.
835 1863 1022 1959 Quotquot
1040 1877 1160 1934 autem
1173 1877 1385 1962 receperunt
1401 1885 1504 1954 eum,
1523 1861 1622 1934 dedit
1635 1863 1685 1934 eis
1697 1875 1853 1961 potesta·

269 1986 341 2044 tem
361 1971 454 2047 filios
468 1977 534 2048 Dei
554 1975 643 2049 fieri.
661 2006 680 2046 a
692 1983 851 2079 ,Psopter
866 2005 976 2078 quam
995 2005 1154 2074 oausam,
1177 1997 1216 2054 ut
1232 1983 1291 2055 hio
1309 1983 1407 2055 idem
1429 1982 1613 2082 apostolus
1629 1980 1675 2053 ad
1688 1980 1855 2054 Hebraeos

268 2091 407 2184 scribit,
423 2118 499 2167 non
515 2095 746 2170 confunditur
766 2099 889 2172 fratres
902 2125 966 2173 eos
985 2125 1133 2192 vocare,
1154 2101 1277 2175 dicens
1288 2102 1334 2175 ad
1352 2105 1532 2174 Patrem⁸2
1559 2130 1578 2170 a
1592 2099 1771 2174 Nuntiabo
1790 2125 1856 2172 no·

271 2235 353 2283 men
380 2227 482 2286 tuum
506 2213 670 2288 fratribus
695 2218 794 2289 rneis.
821 2246 839 2285 u
863 2223 907 2290 Et
929 2221 966 2290 in
988 2219 1181 2317 Evangelio
1204 2220 1251 2291 ad
1272 2221 1419 2292 Mariam
1440 2220 1637 2318 loquitur¹:
1658 2247 1677 2288 a
1694 2218 1795 2291 Vade
1810 2219 1857 2290 ad

269 2330 392 2405 fratres
411 2358 531 2426 meos,
557 2351 592 2407 et
617 2335 675 2408 dic
699 2336 749 2407 eis
765 2365 774 2407 :
791 2335 953 2410 Ascendo
973 2338 1019 2411 ad
1041 2354 1179 2438 patrem
1198 2365 1320 2412 meum
1334 2355 1369 2413 et
1381 2355 1520 2439 patrem
1536 2354 1715 2431 vestrum,
1740 2344 1858 2411 Deum

272 2475 392 2524 meum
414 2469 449 2526 et
470 2458 586 2526 Deum
612 2471 782 2527 vestrum.
808 2485 826 2523 a
849 2459 920 2544 Qui
945 2473 980 2530 et
993 2460 1151 2531 omnino
1168 2485 1354 2532 servorum
1371 2485 1505 2533 nomen
1528 2485 1549 2532 s
1571 2459 1651 2532 liliis
1672 2483 1860 2544 removens
1903 2475 1905 2478 ·

270 2569 369 2665 juxta
385 2570 474 2642 illud
486 2573 621 2644 Isaiae‘:
645 2601 664 2642 u
680 2579 724 2646 Et
746 2597 867 2647 servos
884 2599 969 2648 suos
991 2576 1133 2649 vocabit
1151 2578 1221 2649 alio
1242 2579 1409 2670 nomine,
1431 2605 1450 2646 u
1471 2580 1518 2650 ait
1531 2578 1635 2652 ittis⁷=
1656 2605 1675 2645 ιι
1690 2581 1768 2650 lam
1784 2601 1858 2649 non

273 2687 389 2762 dica'rn
407 2715 473 2762 vos
490 2717 629 2782 servos,
651 2693 714 2766 sed
733 2695 880 2766 amicos.
898 2699 1008 2767 »Hoc
1028 2698 1162 2796 quippe
1184 2712 1268 2770 sunt
1287 2698 1392 2768 amici
1410 2697 1556 2788 Christi,
1578 2697 1678 2794 quod
1694 2696 1757 2769 lilii
1772 2699 1857 2787 Dei,

273 2807 395 2883 amore
404 2811 545 2907 justitiae
566 2815 677 2910 magis
693 2839 802 2911 quam
820 2815 946 2886 timore
963 2839 1078 2914 poenae
1097 2821 1175 2888 Deo
1193 2815 1353 2912 subjecti.
1371 2819 1453 2887 Haee
1468 2841 1551 2888 vera
1568 2815 1709 2889 libertas
1727 2816 1772 2889 de
1791 2841 1862 2914 qua

273 2932 422 3029 ipsemet
435 2930 559 3004 dicit⁸z
579 2935 649 3005 «Si
668 2959 732 3006 vos
750 2934 855 3006 Filius
873 2933 1091 3026 liberaverit,
1112 2960 1193 3008 vere
1216 2935 1318 3007 liberi
1336 2935 1444 3008 eritis.
1460 2963 1478 3003 u
1498 2939 1638 3032 Moyses
1656 2959 1863 3033 quanquam

276 3048 390 3124 fidelis
411 3053 447 3123 in
468 3052 578 3125 domo
599 3055 686 3141 Dei,
711 3054 892 3153 sicutipse
911 3054 1101 3153 Apostolus
1123 3055 1278 3128 Hebraeis
1300 3054 1440 3144 scribit,
1464 3069 1582 3127 tamen
1598 3054 1749 3126 famulus
1762 3056 1859 3150 ejus,

255 3181 257 3184 ’
277 3197 352 3245 non
369 3171 571 3265 filiuserat,
588 3199 656 3247 nec
668 3173 820 3248 liberare
832 3175 1022 3273 potuitqui
1041 3175 1246 3248 servitutem
1263 3175 1350 3271 legis
1364 3175 1491 3248 attulit.

325 3290 484 3364 Christus
497 3317 583 3364 vero
595 3293 708 3365 lactus
717 3318 785 3392 pro
799 3293 904 3366 nobis
916 3293 1139 3384 maledictus,
1157 3295 1248 3366 sicut
1261 3294 1374 3366 laetus
1384 3293 1452 3365 sub
1462 3293 1664 3390 lege-noso
1675 3292 1863 3366 maledicto

276 3409 385 3508 legis,
405 3427 440 3484 et
452 3413 527 3509 ejus
545 3412 760 3486 intolerabili
773 3399 861 3511 'jugo
879 3413 979 3511 quod
998 3415 1173 3513 suscepit,
1185 3413 1359 3487 absolvit.
1379 3417 1502 3486 Factus
1520 3428 1573 3485 est
1586 3437 1652 3513 pro
1671 3412 1775 3485 nobis
1791 3435 1865 3484 ma·

276 3529 448 3616 ledietum
460 3531 658 3605 seeundum
677 3531 812 3631 legem,
828 3532 922 3608 dum
930 3533 1211 3631 ignominiosum
1223 3534 1337 3606 crucis
1350 3533 1550 3632 patibulum
1565 3533 1746 3623 sustinuit,
1766 3531 1865 3629 quod

277 3652 316 3723 in
333 3651 641 3744 maledictionem,
655 3651 729 3726 boc
747 3667 800 3724 est
812 3677 957 3752 poenam
971 3677 1133 3744 reorum,
1153 3655 1378 3752 maximeque
1391 3652 1683 3752 blasphemorum
1697 3650 1753 3722 lex
1767 3651 1866 3722 insti-

279 3784 407 3842 tuerat.
423 3773 522 3842 Hanc
536 3795 620 3868 ergo
631 3771 717 3868 legis
729 3771 1036 3862 maledictionem,
1054 3771 1124 3842 hoc
1141 3787 1194 3843 est
1206 3795 1350 3869 poenam
1363 3770 1525 3860 subiens,
1542 3769 1588 3842 ab
1603 3771 1770 3843 universo
1782 3767 1867 3865 legis

279 3888 469 3963 maledieto
487 3915 554 3963 nos
572 3890 744 3982 absolvit,
764 3891 889 3988 utJam
906 3915 1015 3963 nemo
1033 3905 1197 3962 nostrum
1210 3889 1387 3988 quidquid
1399 3890 1600 3989 delinquat,
1615 3908 1762 3991 propter
1777 3915 1866 3990 prae·

279 4022 423 4106 ceptum
443 4006 530 4105 legis
546 4007 676 4081 debeat
695 4009 839 4108 puniri;
858 4009 1041 4106 magisque
1063 4008 1173 4081 seculi
1191 4008 1287 4106 leges
1306 4008 1353 4080 ad
1370 4008 1564 4080 vindictam
1588 4009 1763 4081 malorum
1784 4022 1868 4080 sunt

280 4141 482 4220 reservatae,
503 4153 612 4227 quam
634 4130 690 4202 lex
709 4129 848 4222 divina,
869 4144 905 4202 et
926 4130 1085 4202 instituta
1107 4129 1249 4203 Caesaris
1267 4131 1509 4229 potiusquam
1527 4130 1618 4202 Dei:
1641 4155 1686 4201 ne
1703 4129 1867 4202 videlicet

280 4249 455 4348 superbus
470 4249 528 4323 ille
546 4250 751 4324 ludaeorum
771 4251 927 4351 populus
947 4250 1077 4324 babeat
1093 4251 1228 4349 aliquid
1246 4251 1343 4323 unde
1360 4253 1471 4350 possit
1489 4251 1644 4350 gloriari.
1660 4255 1729 4322 Has
1748 4265 1866 4328 temen

280 4370 390 4444 seculi
415 4371 510 4470 leges
531 4397 760 4470 nequaquam
777 4373 911 4470 jussas,
932 4371 995 4445 sed
1012 4374 1202 4471 permissas
1227 4373 1431 4446 Christianis
1455 4373 1700 4471 intelligimus,
1737 4389 1776 4446 ut
1801 4380 1866 4449 mi-

281 4492 481 4567 sericordiae
500 4493 601 4566 locus
618 4509 830 4568 reservetur.
853 4493 961 4582 Quod
980 4517 1206 4592 nequaquam
1222 4496 1260 4568 in
1278 4496 1355 4594 lege
1372 4495 1518 4584 licebat,
1535 4519 1613 4593 quae
1632 4495 1679 4568 ad
1693 4495 1867 4572 vindictas

282 4639 408 4688 omues
426 4641 469 4688 ex
482 4631 660 4716 praeeepto
673 4615 844 4713 cogebat,
865 4641 978 4714 quum
992 4615 1131 4689 nullum
1150 4617 1313 4690 vindictae
1331 4631 1568 4717 praeceptum,
1585 4617 1648 4690 sed
1668 4607 1866 4693 inisericor-

283 4734 350 4806 diae
366 4749 507 4810 tantum
529 4759 666 4808 novum
682 4733 813 4806 habeat
832 4749 1101 4827 testamentum,
1122 4759 1190 4808 nec
1208 4735 1336 4808 timore
1354 4759 1487 4834 poenae,
1508 4735 1572 4808 sed
1589 4759 1712 4808 amore
1725 4738 1867 4834 justitiae

284 4851 454 4926 malitiam
476 4853 649 4954 reprimit.
671 4855 784 4924 Nemo
807 4855 940 4953 quippe
958 4870 1035 4926 tam
1058 4855 1231 4926 innocens
1249 4868 1302 4926 est
1316 4852 1506 4944 dicendus,
1535 4855 1597 4951 qui
1621 4855 1765 4947 timore,
1791 4879 1865 4928 non

320 5070 328 5098 ¹
346 5071 451 5134 epta„
462 5085 519 5139 esp.
530 5085 568 5133 ar,
580 5080 605 5122 v.
616 5072 681 5124 5.-
692 5069 702 5097 “
713 5071 822 5132 Ductor„
832 5084 888 5137 cap.
900 5087 939 5133 rr,
951 5087 974 5122 r.
989 5051 1056 5131 ¹3⁸3-
1097 5071 1107 5099 ⁸
1120 5071 1189 5122 isaiae
1202 5086 1257 5136 cap.
1277 5086 1333 5131 axv,
1354 5085 1378 5120 r.
1397 5071 1438 5122 15.
1448 5097 1480 5112 «-
1490 5069 1499 5098 ¹
1510 5070 1593 5136 luam,
1609 5084 1664 5138 cap.
1685 5087 1725 5130 xv.
1743 5087 1765 5122 r.
1784 5073 1823 5121 ¹5.
1836 5098 1865 5108 -

283 5153 448 5222 llattb.,cap.
460 5172 494 5218 rr,
504 5171 529 5206 r.
543 5157 584 5207 10.
597 5181 628 5193 —
640 5154 651 5183 ⁸
664 5149 747 5216 toan..
757 5169 811 5221 esp.
823 5170 844 5218 r,
857 5171 881 5206 r.
899 5157 923 5204 tt
939 5166 964 5206 et
978 5156 1057 5206 tz—
1098 5154 1202 5216 'toan.,
1215 5169 1271 5221 cap.
1286 5169 1341 5218 un,
1355 5169 1378 5207 r.
1393 5156 1433 5206 36.

286 5237 399 5301 ‘Hetr.,
414 5253 471 5306 cap.
491 5256 522 5304 u,
542 5255 566 5292 v.
582 5239 779 5306 tt.-⁸toan.,
800 5253 854 5306 cap.
870 5255 919 5303 xx,
933 5255 956 5290 r.
977 5242 1059 5290 u.-
