4496 6102
701 600 746 673 ΙΝ
771 599 904 674 ttlttts
929 599 1170 673 vacuatum
1195 601 1356 673 SEllMO.
1750 599 1815 670 tat

155 771 173 804 ι
244 739 379 812 habuit.
392 742 546 828 Somno,
557 739 621 835 qui
632 742 784 812 maxime
795 740 905 812 sessos
917 755 1069 830 recreat,
1084 763 1181 812 mors
1194 740 1352 813 fidelium
1366 752 1605 836 comparatur,
1617 740 1678 834 qui
1689 753 1824 836 quanto

104 878 125 906 ···
244 859 395 957 amplius
412 857 470 930 hic
486 884 554 957 pro
571 863 648 931 Deo
669 859 939 948 laboraverunt,
955 859 1001 930 ad
1019 860 1192 956 majorem
1209 861 1367 956 requiem
1383 857 1571 930 moriendo
1590 859 1738 930 transire
1756 883 1827 930 me-

233 992 402 1054 ruerunt.
420 982 473 1050 De
490 977 558 1050 hac
573 980 679 1074 igitur
697 978 914 1050 dormitione
933 993 968 1049 et
986 994 1123 1050 matura
1137 979 1214 1076 ejus
1227 979 1484 1052 resurrectione
1497 977 1678 1049 Psalmista
1695 978 1730 1048 in
1750 980 1825 1072 ejus

243 1119 395 1193 persona
414 1095 638 1192 praedixerat¹
654 1124 662 1165 ε
681 1100 786 1192 «Ego
800 1096 972 1184 dormivi,
994 1110 1029 1166 et
1046 1112 1235 1193 soporatus
1258 1121 1357 1184 sum,
1385 1111 1420 1168 et
1445 1097 1668 1180 exsurrexi»
1689 1097 1829 1166 Dormit

243 1210 356 1285 fidelis
376 1229 412 1286 et
428 1230 623 1313 separatur,
644 1216 726 1312 quia
747 1214 935 1287 moriendo
953 1213 1000 1286 ad
1018 1213 1114 1286 illam
1133 1216 1291 1310 requiem
1309 1217 1453 1303 transit,
1470 1238 1541 1310 qua
1559 1215 1711 1286 maxime
1729 1213 1826 1286 oble·

242 1345 370 1421 ctatur,
382 1348 417 1403 et
430 1357 473 1404 eo
481 1334 556 1428 jam
566 1333 632 1406 Dei
641 1333 777 1404 visione
786 1332 1125 1422 fruente‚summum
1136 1331 1351 1404 desiderium
1365 1333 1473 1431 ipsius
1488 1331 1666 1429 impletur.
1678 1330 1781 1404 Unde
1792 1346 1826 1404 et
1922 1351 1923 1354 ’

243 1451 479 1547 Hieronymus
487 1451 534 1523 de
543 1451 711 1550 praedicta
722 1451 852 1524 Christi
864 1450 1079 1522 dormitione
1089 1451 1137 1522 ait
1155 1479 1162 1521 :
1182 1481 1197 1520 ιι
1210 1453 1375 1523 Dormire
1384 1451 1451 1522 Dei
1463 1464 1527 1538 est,
1539 1475 1650 1547 quum
1665 1451 1825 1548 unigeni·
1905 1515 1910 1526 .

243 1585 298 1640 tus
310 1571 419 1641 Patris
433 1571 469 1641 in
483 1586 663 1671 assumpta
674 1596 781 1644 carne
795 1573 887 1642 mori
900 1595 967 1668 pro
982 1569 1086 1641 nobis
1098 1569 1262 1666 dignatus
1273 1585 1337 1642 cst.
1348 1569 1486 1657 Quibus
1499 1595 1596 1640 mors
1606 1585 1700 1642 recte
1712 1569 1826 1642 dulcis

242 1712 389 1760 somnus
400 1687 588 1788 praedictus
596 1705 661 1781 est,
671 1692 749 1790 ipso
759 1691 899 1762 dicente
910 1715 975 1788 per
987 1692 1192 1762 leremiam¹
1206 1719 1214 1760 ε
1230 1720 1247 1759 ιι
1259 1690 1344 1762 ldeo
1353 1691 1454 1786 quasi
1464 1715 1505 1761 ex
1515 1714 1643 1762 somno
1653 1693 1823 1762 excitatus

244 1835 260 1872 ιι
277 1830 378 1898 sum,
400 1821 435 1878 et
448 1808 539 1896 vidi,
555 1823 591 1878 et
603 1833 751 1880 somnus
765 1833 865 1880 meus
884 1807 997 1879 dulcis
1010 1823 1064 1880 est
1080 1808 1179 1879 mihi.
1198 1837 1215 1876 u
1238 1814 1392 1880 Aureum
1407 1809 1535 1879 dicitur
1552 1808 1822 1880 declinatorium

241 1923 460 2014 Salomonis,
482 1927 565 2021 quia
582 1951 693 2022 quum
714 1928 757 1997 sit
777 1927 932 2024 pretiosa
956 1950 1053 1997 mors
1070 1941 1275 1998 sanctorum
1297 1927 1334 1996 in
1351 1941 1543 2024 conspectu
1562 1927 1725 2016 Domini,
1741 1952 1823 2024 pve-

241 2043 426 2114 tiosissima
447 2042 598 2116 dicenda
621 2060 674 2117 est
689 2044 840 2133 Christi,
867 2069 974 2142 quem
1002 2069 1074 2116 non
1103 2044 1332 2117 solummodo
1358 2060 1540 2135 sanctum,
1569 2070 1692 2118 verum
1718 2029 1824 2118 etiam

241 2175 380 2234 constat
390 2187 466 2234 csse
480 2167 650 2238 Sanctum
664 2179 881 2238 sanctorum.
898 2165 1030 2250 Quanti
1046 2165 1179 2262 quippe
1193 2165 1297 2257 pretii
1312 2187 1409 2235 mors
1421 2163 1481 2235 illa
1496 2179 1548 2236 est
1558 2163 1730 2252 dicenda,
1745 2155 1832 2261 quae

241 2283 275 2350 in
295 2297 423 2352 nostrae
441 2282 696 2382 redemptionis
712 2285 865 2381 pretium
888 2283 983 2372 data,
1006 2283 1113 2353 vitam
1133 2284 1300 2356 omnibus
1322 2284 1425 2372 emit,
1449 2296 1485 2354 et
1510 2283 1662 2380 paradisi
1675 2284 1823 2378 januam

239 2400 399 2496 aperuit?
416 2399 518 2472 Unde
532 2400 625 2474 bene
643 2401 714 2474 hoc
727 2401 903 2497 singulare
915 2401 1069 2499 pretium
1084 2401 1324 2474 excellentiori
1338 2399 1482 2480 metallo
1497 2418 1549 2474 est
1561 2418 1820 2500 comparatum,

241 2519 301 2588 uhi
319 2519 583 2592 reclinatorium
603 2534 656 2592 est
673 2520 889 2617 descriptum
908 2543 1069 2592 aureum.

287 2637 339 2708 Ad
352 2639 452 2734 quod
463 2641 618 2736 denique
629 2640 893 2713 reclinatorium
906 2641 1029 2738 ipsius,
1042 2639 1211 2713 Salomon
1221 2666 1441 2740 purpureum
1455 2656 1592 2741 aptasse
1605 2658 1822 2715 memoratur

238 2779 423 2828 ascensum
439 2785 446 2826 ι
464 2772 499 2830 et
516 2757 647 2830 horum
665 2758 798 2848 media,
819 2774 892 2830 tam
906 2759 1171 2830 reclinatorium
1185 2759 1319 2832 scilicet
1332 2785 1441 2857 quam
1458 2785 1623 2832 ascensus
1636 2763 1819 2858 purpurei,

237 2875 443 2974 interposita
465 2879 608 2950 caritate
628 2879 880 2966 constravisse,
903 2893 937 2950 et
956 2893 1125 2973 tanquam
1146 2878 1220 2950 haec
1238 2877 1306 2950 sibi
1320 2880 1545 2975 conjunxerit
1562 2879 1653 2950 illius
1666 2881 1822 2976 interpo-

237 2995 375 3066 sitione.
393 3000 565 3068 Ascensus
578 2998 642 3068 iste
656 3020 857 3094 purpureus
870 2995 914 3068 ad
928 2996 1016 3066 illud
1026 2997 1290 3068 reclinatorium
1296 2999 1370 3092 jam
1382 2998 1418 3068 in
1433 2998 1573 3071 Christo
1587 2998 1818 3095 completum,

236 3110 340 3184 nobis
360 3113 466 3184 etiam
486 3113 531 3185 ab
549 3116 627 3212 ipso
644 3131 697 3188 est
713 3113 845 3204 lactus3
863 3138 975 3211 quum
988 3137 1054 3211 per
1071 3114 1147 3208 ejus
1160 3114 1362 3212 exemplum
1376 3128 1411 3185 et
1423 3114 1706 3186 exhortationem
1720 3115 1820 3186 malis

236 3233 429 3304 resistimus
447 3259 559 3330 usque
578 3234 624 3305 ad
642 3235 821 3330 sanguinis
836 3232 1069 3323 effusionem,
1085 3251 1122 3306 et
1138 3236 1189 3306 sic
1209 3251 1380 3331 tanquam
1398 3260 1618 3333 purpureum
1634 3260 1820 3307 ascensum

236 3350 283 3422 ad
304 3377 463 3450 superna
483 3355 628 3451 quietis,
644 3379 717 3450 quo
727 3355 801 3450 jam
816 3353 874 3426 ille
893 3355 1090 3452 praecessit,
1114 3355 1340 3451 pervenimus
1359 3355 1635 3427 reclinatorium.
1650 3355 1720 3426 Sed
1737 3357 1821 3451 quia

153 3543 157 3550 ,
235 3469 400 3542 humanae
418 3473 629 3544 infirmitatis
654 3497 727 3544 non
746 3488 818 3562 est,
835 3488 987 3544 mortem
1013 3474 1197 3572 excipere,
1214 3471 1276 3544 sed
1293 3473 1499 3546 naturaliter
1520 3475 1660 3569 lugere,
1677 3476 1820 3545 caritate

234 3589 353 3660 media
369 3591 428 3662 hic
446 3614 612 3662 ascensus
630 3607 665 3662 et
681 3591 768 3662 illud
786 3590 1051 3664 reclinatorium
1075 3591 1142 3662 sibi
1158 3593 1437 3689 conjunguntur,
1464 3594 1549 3690 quia
1568 3591 1686 3664 nullus
1705 3593 1835 3664 homi?

236 3731 321 3778 num
330 3710 366 3779 in
375 3723 473 3780 muto
484 3733 597 3805 agone
604 3711 816 3808 persisteret,
831 3724 869 3781 ut
883 3709 965 3782 illuc
979 3712 1193 3807 perveniret,
1206 3712 1274 3782 nisi
1285 3712 1424 3798 caritas,
1434 3735 1513 3808 quae
1526 3742 1542 3780 ιι
1553 3715 1674 3783 omnia
1681 3713 1816 3800 auffert,

235 3828 355 3897 omnia
374 3830 556 3918 sustinet⁸,
573 3857 590 3895 ιι
605 3829 844 3901 interveniret.
865 3830 1027 3924 Denique
1048 3852 1159 3924 quum
1181 3828 1341 3925 adjungit
1358 3845 1505 3928 propter
1521 3829 1612 3901 filias
1626 3833 1817 3904 Jerusalem

231 3943 329 4021 hunc
342 3970 526 4019 ascensum
544 3946 590 4018 ad
609 3946 872 4018 reclinatorium
892 3944 987 4036 fieri,
1009 3946 1064 4052 qel
1092 3945 1209 4017 media
1228 3971 1353 4019 eorum
1377 3948 1521 4019 caritate
1535 3951 1737 4037 consterni,
1759 3975 1819 4048 pa*

233 4077 347 4134 tenter
364 4065 480 4137 innuit
502 4091 567 4165 per
591 4066 684 4138 hanc
710 4067 862 4140 caritatis
889 4066 1213 4165 interpositionem,
1239 4066 1310 4138 hoc
1334 4081 1407 4138 tam
1432 4068 1546 4139 arduo
1564 4092 1710 4140 ascensu
1735 4070 1817 4140 illuc

233 4183 473 4256 conscendere
491 4200 649 4256 nostram
665 4184 919 4256 infirmitatem.
942 4185 1049 4272 Quod
1064 4187 1159 4258 enim
1174 4184 1263 4256 filias
1281 4184 1366 4256 dicit
1378 4187 1496 4282 potius
1513 4210 1622 4282 quam
1641 4187 1753 4273 lilios,
1774 4213 1816 4258 ex

233 4298 419 4372 infirmiori
432 4327 516 4374 sexu
533 4301 727 4374 humanam
742 4304 906 4400 exprimit
920 4302 1208 4375 imbecillitatem.
1224 4304 1321 4375 Sicut
1333 4300 1413 4374 filiae
1427 4302 1615 4398 Babylonis
1627 4305 1751 4375 animae
1767 4306 1818 4373 in-

232 4417 435 4514 telliguntur
461 4419 638 4517 reprobae,
660 4420 709 4491 sic
726 4420 804 4492 liliae
826 4421 1019 4492 Jerusalem
1040 4421 1170 4492 electae.
1195 4426 1280 4492 Duae
1305 4423 1437 4520 quippe
1457 4436 1539 4492 sunt
1565 4423 1637 4494 istae
1657 4423 1814 4493 civitates

231 4539 298 4608 Dei
308 4552 344 4608 et
356 4535 505 4628 diaboli,
520 4563 673 4636 quarum
684 4540 760 4610 lucc
771 4541 808 4611 in
822 4539 934 4630 malo,
951 4540 1040 4610 sicut
1054 4538 1111 4610 illa
1126 4555 1270 4636 generat
1283 4541 1317 4610 in
1335 4539 1447 4611 hono.
1465 4542 1583 4612 Potest
1597 4542 1702 4612 etiam
1714 4543 1812 4637 quod

232 4652 372 4744 dicitur,
387 4684 404 4722 ιι
414 4655 532 4728 media
539 4657 719 4745 caritate»
732 4657 842 4754 accipi
850 4657 1068 4729 intransitive
1079 4656 1142 4728 :ad
1151 4659 1318 4730 eumdem
1327 4657 1812 4750 casum,scilicetablativum,

231 4771 299 4842 sibi
321 4773 507 4863 ,sociantur
533 4772 791 4846 substantivum
817 4792 852 4845 et
874 4773 1101 4870 adjectivum.
1122 4781 1164 4846 Et
1183 4791 1269 4847 tunc
1285 4775 1430 4873 quidem
1455 4776 1503 4850 ita
1527 4793 1577 4848 est
1598 4776 1811 4874 legendum,

229 4889 330 4986 quod
350 4890 450 4962 illum
465 4917 648 4964 ascensum
669 4917 887 4990 purpureum
908 4894 1024 4965 media
1047 4896 1191 4967 caritate
1208 4897 1420 4986 constravit,
1440 4896 1528 4968 dum
1551 4897 1626 4992 ejus
1653 4896 1814 4969 videlicet

265 5159 272 5182 ’
293 5158 379 5209 l’salm.
393 5177 435 5222 ιιι,
449 5177 472 5210 v.
485 5160 567 5210 d.-¹
580 5181 591 5206 ι
602 5161 673 5223 Quasi
687 5162 718 5212 de.
728 5177 813 5212 somno
827 5161 954 5213 suscitatus
965 5179 1027 5212 ιιιιιι.
1037 5180 1049 5206 n
1061 5162 1175 5226 (lema,
1184 5177 1240 5229 cap.
1251 5180 1309 5226 ιιι,
1324 5181 1350 5214 v.
1362 5163 1459 5228 26.)-⁸
1470 5166 1484 5214 l
1494 5165 1612 5224 anath„
1621 5182 1677 5233 cap.
1688 5183 1744 5228 nu,
1754 5185 1775 5218 v.
1787 5171 1811 5216 t.
