4486 6100
491 594 563 668 286
1009 590 1234 664 HELOlSSAE
1258 589 1552 662 PROBLEMATA

491 736 593 806 tertio
613 755 763 829 negare,
787 744 978 827 antequam
1003 733 1154 803 omnino
1178 730 1288 828 gallus
1312 745 1481 802 cantaret.
1503 730 1611 819 Quod
1634 734 1664 803 si
1686 733 1765 828 quis
1780 733 1871 804 forte
1893 735 2055 830 reqtrimt,

490 879 554 924 cur
568 853 694 924 dixerit
711 851 905 940 Dominus,
928 864 993 940 ter,
1019 867 1053 922 ct
1071 874 1143 922 non
1158 865 1297 948 quater,
1313 849 1369 922 vel
1388 851 1558 949 amplius,
1581 850 1681 949 quod
1696 851 1856 924 similiter
1873 876 1917 924 cx
1937 856 2059 950 magni-

489 971 613 1042 tudine
627 969 826 1041 formidinis
846 970 959 1042 facere
971 985 1115 1070 paratus
1126 985 1218 1041 esset
1239 999 1245 1040 :
1264 970 1403 1042 videtur
1422 971 1509 1042 mihi
1527 970 1699 1043 nonnulla
1713 971 1820 1044 etiam
1838 973 1930 1044 ratio
1949 974 1986 1044 in
2000 973 2059 1046 hoc

489 1093 686 1188 negationis
701 1089 823 1162 haberi
845 1091 1018 1181 ternario,
1034 1115 1108 1186 quo
1126 1090 1386 1188 comprehenso
1407 1090 1619 1187 intelligatur
1638 1092 1756 1172 omnis
1774 1093 1927 1188 negatio.
1946 1096 2059 1164 Omnis

488 1213 622 1308 quippe
636 1211 814 1281 Christum
831 1233 982 1306 negans,
1001 1210 1057 1280 vel
1075 1235 1140 1306 per
1158 1235 1317 1282 errorem
1338 1210 1376 1280 id
1394 1210 1491 1299 lacit,
1508 1209 1563 1282 vel
1579 1212 1708 1283 timore
1726 1213 1845 1308 aliquo
1855 1265 1865 1300 ,
1888 1213 1962 1282 sive
1974 1213 2060 1308 cupi·

488 1332 596 1403 ditate
609 1329 816 1426 compulsus
830 1329 866 1400 id
881 1330 1072 1428 praesumit.
1094 1333 1160 1401 Ter
1178 1329 1282 1426 igitur
1296 1345 1486 1426 negaturus
1504 1334 1626 1402 Petrus
1644 1355 1756 1426 quum
1773 1332 1964 1402 aDomino
1982 1355 2059 1428 pra·

490 1452 631 1541 dicitur,
658 1449 705 1521 ad
724 1475 871 1520 ornnem
894 1463 1037 1546 paratus
1056 1474 1131 1521 esse
1151 1450 1378 1545 negationem
1403 1452 1614 1522 insinuatur.
1640 1454 1763 1547 Neque
1786 1453 1883 1522 enim
1907 1431 2061 1522 dubitan-

489 1571 577 1640 dum
608 1583 722 1640 estex
750 1567 823 1658 his,
851 1568 1023 1664 quaejam
1047 1570 1084 1638 in
1107 1570 1265 1640 Domino
1287 1584 1383 1665 gesta
1411 1585 1662 1667 conspexerat,
1695 1584 1886 1666 antequam
1913 1571 2059 1668 primum

489 1703 653 1785 negaret,
677 1689 714 1758 in
732 1687 987 1784 desperationis
1011 1686 1216 1760 scandalum
1235 1712 1307 1760 una
1329 1713 1413 1761 cum
1431 1691 1565 1761 caeteris
1584 1689 1702 1788 ipsum
1722 1691 1898 1762 corruisse
1925 1719 1931 1759 :
1956 1715 1977 1761 a
1998 1715 2060 1786 quo

491 1807 724 1906 postmodum
737 1807 917 1898 liberatus,
933 1809 1089 1879 Domino
1109 1833 1192 1879 eum
1206 1810 1428 1907 respiciente,
1445 1833 1567 1882 amaro
1582 1811 1798 1907 poenitentiae
1816 1809 1900 1880 fletu
1920 1808 2058 1897 delevit,

489 1929 589 2023 quod
612 1927 800 1997 commisit.
828 1931 899 1998 Nec
918 1925 1008 1997 illud
1032 1927 1187 1999 fortassis
1212 1925 1366 1998 absurde
1388 1927 1458 1999 dici
1479 1943 1598 2025 potest
1621 1928 1722 2024 quod
1747 1927 1806 2001 ille
1830 1929 1929 2025 prior
1948 1943 2062 1999 cantus

368 2041 376 2054 '
490 2048 584 2143 galli,
602 2061 684 2144 post
699 2048 851 2145 primam
865 2047 1091 2142 negationem
1107 2049 1211 2136 Petri,
1233 2047 1402 2121 naturalis
1415 2072 1489 2118 non
1509 2048 1573 2118 lirit
1596 2076 1604 2118 ι
1626 2047 1690 2119 sed
1709 2072 1751 2119 ex
1769 2047 1890 2144 aliquo
1908 2049 2059 2145 strepitu,

492 2167 547 2238 vel
572 2167 664 2237 Petri
693 2164 739 2237 de
774 2167 864 2237 atrio
897 2166 989 2237 foras
1021 2168 1198 2255 exeuntis,
1228 2166 1284 2238 vel
1316 2190 1613 2264 quorumcunque
1643 2166 1714 2238 illic
1743 2164 2059 2252 deambulantium,

491 2286 602 2382 gallus
616 2284 741 2382 aliquis
754 2309 868 2383 prope
889 2286 1074 2374 assistens,
1096 2287 1265 2358 excitatus
1287 2301 1369 2356 ante
1386 2285 1533 2390 horam,
1554 2287 1672 2384 primo
1696 2286 1912 2357 cantaverit:
1937 2299 1976 2355 ut
1998 2307 2062 2354 non

490 2421 581 2478 esset
594 2405 653 2478 ille
667 2407 766 2504 prior
778 2420 904 2511 cantus
922 2404 1127 2476 naturaliter
1138 2405 1270 2495 factus,
1291 2404 1355 2476 sed
1367 2407 1403 2476 vi
1416 2405 1571 2501 quadam
1584 2420 1755 2476 extortus.
1772 2408 1844 2475 Nec
1860 2419 1980 2474 tamen
1998 2403 2063 2472 sine
2098 2443 2105 2460 ·

491 2528 628 2597 ratione
653 2525 690 2596 id
714 2525 889 2596 Dominus
908 2523 1104 2615 ordinavit,
1124 2539 1164 2595 ut
1185 2524 1231 2596 ad
1255 2526 1409 2623 primam
1427 2525 1544 2596 statim
1569 2525 1794 2620 negationem
1817 2523 1932 2609 Petri,
1956 2521 2063 2598 surim

488 2644 617 2739 gallus,
637 2645 737 2740 quasi
757 2649 899 2714 Petrum
918 2643 1119 2739 arguendo,
1140 2657 1312 2731 cantaret,
1333 2668 1400 2714 nec
1418 2645 1469 2714 sic
1489 2648 1612 2714 Petrus
1633 2641 1799 2738 negando
1818 2641 2016 2727 desisteret,
2031 2654 2065 2708 ut

492 2764 619 2834 veritas
638 2765 713 2860 ipsa
730 2778 927 2860 appareret.
945 2765 1065 2848 Quum
1079 2763 1198 2857 itaque
1211 2764 1387 2832 Dominus
1400 2761 1600 2857 praedixerit
1616 2767 1759 2834 Petrum
1776 2776 1828 2832 ter
1841 2775 2062 2856 negaturum,

491 2897 682 2978 antequam
709 2881 820 2978 gallus
849 2895 1029 2967 cantaret,
1062 2878 1192 2951 horam
1219 2881 1388 2952 naturalis
1414 2896 1541 2951 cantus
1567 2881 1649 2976 galli
1679 2878 1890 2952 intellexisse
1916 2879 2061 2950 videtur.

489 3005 627 3072 Marcus
641 3026 728 3073 vero
745 3003 807 3098 qui
819 3000 921 3097 [solus
939 3001 1104 3098 apposuit
1123 2999 1199 3089 bis,
1221 3003 1293 3070 tam
1311 2999 1509 3072 naturalem
1534 3024 1644 3097 quam
1657 2999 1911 3072 accidentalem
1927 3015 2064 3071 cantum

494 3120 576 3214 galli
591 3103 835 3192 indifferenter
848 3121 994 3217 accepit.

1058 3321 1239 3367 PROBLEMA
1263 3322 1428 3368 HELOISSAE
1454 3324 1510 3367 xt.

541 3470 636 3555 Quid
662 3484 715 3541 est
740 3470 838 3566 quod
856 3469 938 3540 solae
955 3469 1095 3558 bestiae,
1117 3469 1173 3540 vel
1191 3493 1272 3541 aves
1289 3485 1617 3543 commemorantur
1638 3469 1799 3541 adductae
1821 3495 1897 3541 esse
1917 3471 1954 3540 in
1974 3492 2069 3567 para·

492 3586 609 3657 disum
624 3587 670 3657 ad
689 3586 801 3657 Adam
813 3592 834 3675 ¹,
863 3602 901 3658 ut
926 3587 1081 3678 uideret,
1102 3586 1190 3684 quid
1208 3604 1350 3660 vocaret
1368 3613 1408 3660 ea
1426 3617 1433 3659 ε
1462 3605 1497 3661 et
1514 3613 1588 3660 non
1614 3587 1719 3660 etiam
1735 3587 1873 3686 reptilia
1889 3602 2014 3677 terrae,
2035 3601 2068 3656 ut

492 3722 692 3803 serpentes,
709 3706 764 3777 vel
784 3706 920 3814 reptilia
939 3731 1058 3804 aquae,
1078 3720 1117 3779 ut
1134 3707 1275 3805 pisces?

1104 3900 1238 3971 Solutio
1262 3899 1455 3971 Abaetardi.
1497 3871 1511 3892 Δ

541 4079 634 4144 Bene
658 4072 825 4169 quidem,
851 4089 1026 4170 quantum
1054 4073 1099 4144 ad
1128 4075 1357 4169 mysterium,
1388 4073 1459 4145 hoc
1483 4074 1660 4145 credimus
1687 4087 1818 4145 actum.
1846 4078 1886 4142 ln
1917 4071 2071 4144 Ecclesia
2156 4049 2160 4060 ¹

401 4243 406 4252 ·
493 4217 647 4289 namque
661 4195 845 4291 praesenti,
868 4195 1090 4268 continentes
1110 4194 1171 4290 qui
1191 4217 1228 4264 se
1241 4195 1392 4264 maxime
1413 4218 1476 4292 per
1490 4193 1706 4265 desiderium
1725 4191 1771 4264 ad
1790 4191 1944 4264 coelestia
1958 4191 2072 4262 suble·

492 4328 597 4402 vant,
616 4328 651 4383 et
663 4313 764 4409 quasi
782 4311 942 4384 volucres
962 4314 999 4383 in
1021 4311 1131 4383 altum
1144 4311 1286 4400 volant,
1308 4312 1430 4383 avibus
1448 4327 1725 4410 comparantur;
1746 4311 1833 4382 boni
1850 4334 1936 4382 vero
1950 4311 2073 4404 conju·

492 4433 563 4526 gati
582 4431 723 4520 hestiis,
745 4441 824 4527 quae
843 4447 971 4502 terram
990 4446 1149 4530 exparte
1174 4433 1408 4528 contingunt,
1429 4430 1581 4528 pedibus
1598 4430 1778 4519 videlicet,
1795 4445 1831 4502 et
1848 4455 1891 4500 ex
1908 4445 2011 4527 parte
2030 4428 2073 4499 ab

493 4573 536 4648 ea
561 4567 788 4648 separantur,
817 4575 899 4620 cum
917 4574 1069 4647 corpore
1083 4552 1118 4620 in
1139 4575 1178 4622 ea
1198 4575 1272 4622 non
1296 4551 1511 4622 volutentur.
1529 4551 1600 4636 Qui
1620 4551 1715 4624 enim
1737 4551 1965 4621 matrimonio
1985 4571 2072 4620 con·

491 4667 634 4758 junctus
659 4683 724 4756 est,
745 4666 879 4739 divisus
896 4682 972 4756 est;
994 4668 1123 4766 partim
1135 4672 1211 4738 Deo
1229 4669 1405 4758 serviens,
1427 4669 1554 4766 partim
1579 4667 1707 4739 soeculo
1729 4669 1906 4756 intentus,
1926 4682 2076 4766 propter

488 4787 663 4857 instantes
679 4787 833 4883 conjugii
854 4788 1088 4860 necessitates.
1106 4788 1215 4873 Quasi
1233 4811 1316 4883 ergo
1334 4787 1506 4886 pedibus,
1527 4786 1598 4858 hoc
1625 4803 1698 4874 cst,
1720 4787 1877 4858 inferiori
1894 4802 1996 4886 parte
2022 4785 2076 4856 sni

495 4917 624 4974 terram
642 4906 835 5002 contingit;
856 4906 939 5002 quia
957 4907 1102 4978 terrenis
1116 4907 1228 4996 curis,
1253 4921 1400 5004 propter
1419 4907 1690 5004 occupationem
1710 4907 1949 4990 matrimonii,
1973 4903 2076 5002 quod

529 5177 536 5202 ¹
558 5177 652 5239 Genea,
666 5191 722 5242 cap.
734 5192 764 5236 u,
778 5192 801 5226 r.
814 5178 856 5226 2⁰.
