4520 6104
884 641 1122 717 EPlSTOLAE.
1735 635 1805 711 trs

220 789 318 860 ribus
338 801 464 886 praeest
482 786 685 883 frequenter
701 785 822 882 loqui,
844 800 879 856 ct
903 785 1056 856 maxime
1076 785 1106 856 si
1126 783 1235 881 aliqui
1256 782 1302 856 de
1323 781 1490 854 fratribus
1507 806 1572 882 per
1589 780 1661 852 hoc
1676 781 1808 854 laedun·

220 924 290 982 tur.
314 947 366 966 -·
388 909 608 1006 Responsio:
631 906 801 1004 Apostolo
821 905 1010 978 dicente¹:
1042 937 1060 974 u
1083 909 1129 976 Ut
1154 903 1241 1002 quid
1260 905 1357 975 enim
1384 903 1528 974 libertas
1551 902 1732 999 judicatur
1756 901 1807 980 ab

223 1058 241 1096 u
261 1028 377 1101 aliena
391 1027 631 1100 conscientia?
649 1056 667 1094 u
688 1033 828 1099 Bonum
840 1040 893 1098 est
911 1025 1040 1098 imitari
1058 1050 1141 1096 cum
1155 1024 1379 1096 dicentem¹:
1399 1025 1518 1111 «Quin
1532 1047 1605 1094 non
1620 1048 1700 1094 sum
1714 1023 1809 1096 visus

223 1179 240 1218 a
263 1163 435 1249 potestate
461 1173 542 1220 mea
560 1149 634 1239 uti,
655 1173 702 1219 ne
720 1147 976 1218 offendiculum
994 1146 1141 1243 aliquod
1159 1170 1333 1244 ponerem
1352 1145 1544 1244 Evangelio
1561 1143 1702 1216 Christi.
1721 1171 1739 1210 u
1765 1148 1810 1215 Et

221 1283 395 1366 quantum
405 1267 482 1340 fieri
494 1281 622 1366 potest,
640 1267 799 1338 etrarius
812 1266 1079 1355 videndarum,
1095 1263 1280 1337 ctbrevius
1290 1279 1343 1336 est
1351 1264 1602 1337 sermocinatio
1613 1262 1808 1334 finienda.»

222 1391 312 1460 Hinc
339 1405 374 1460 et
403 1388 492 1460 illud
516 1402 570 1458 cst
592 1386 801 1485 hispalensis
830 1386 971 1457 concilii
999 1413 1006 1455 :
1038 1415 1057 1454 ι(
1072 1391 1256 1458 Consensu
1286 1385 1470 1458 communi
1496 1384 1738 1474 decrevimus,
1769 1401 1810 1457 ut

222 1509 435 1580 monasteria
454 1508 630 1606 virginum
648 1509 685 1578 in
706 1507 887 1604 provincia
906 1506 1022 1577 betica
1036 1505 1298 1578 monachorum
1317 1506 1575 1609 ministratione
1589 1531 1631 1577 ac
1643 1505 1809 1604 praesidio

220 1627 474 1725 gubernentur.
491 1632 590 1699 Tunc
610 1627 707 1699 enim
722 1626 875 1698 salubria
892 1625 1034 1697 Christo
1048 1625 1172 1696 dicatis
1187 1627 1382 1723 virginibus
1397 1626 1645 1725 providemus,
1663 1626 1809 1722 quando

221 1749 271 1820 eis
289 1747 460 1846 spiritales
478 1747 640 1844 eligimus
656 1763 796 1845 patres,
817 1770 973 1843 quorum
994 1769 1068 1816 non
1087 1745 1204 1816 solum
1223 1744 1471 1842 gubernaculis
1490 1747 1603 1836 tueri,
1626 1747 1811 1818 sedetiam

221 1869 393 1940 doctrinis
420 1867 586 1940 aedificari
609 1868 749 1966 possint
772 1894 779 1936 :
804 1866 872 1937 hac
891 1880 1010 1937 tamen
1030 1867 1123 1937 circa
1144 1865 1343 1937 monachos
1363 1866 1500 1938 cautela
1518 1882 1677 1956 servata,
1701 1881 1741 1939 ut
1757 1891 1811 1938 re-

221 1988 311 2060 moti
328 1986 375 2058 ab
393 2011 516 2060 earum
538 1986 803 2086 peculiaritate,
828 2009 895 2056 nec
913 2009 1026 2082 usque
1044 1984 1090 2056 ad
1108 1984 1323 2056 vestibulum
1342 1984 1498 2056 habeant
1515 1985 1709 2058 accedendi
1734 2012 1811 2086 per·

223 2108 370 2178 missum
393 2106 584 2196 familiare3
608 2120 643 2177 ct
667 2129 784 2202 neque
808 2101 974 2176 abbatem
1001 2104 1059 2174 vel
1087 2129 1172 2175 eum
1196 2105 1258 2202 qui
1287 2104 1497 2203 praeficitur,
1518 2120 1616 2178 extra
1634 2127 1714 2178 cam
1732 2131 1814 2203 quae

223 2242 367 2324 praest,
382 2227 481 2324 loqui
501 2226 696 2323 virginibus
709 2225 838 2296 Christi
857 2223 1009 2321 aliquid,
1029 2224 1129 2321 quod
1147 2224 1194 2296 ad
1207 2225 1465 2297 institutionem
1484 2251 1627 2298 morum
1643 2227 1809 2325 pertinet,

221 2346 352 2420 licebit.
375 2352 447 2419 Nec
464 2371 548 2418 cum
566 2345 641 2417 sola
658 2370 737 2442 quae
755 2360 879 2444 praeest
898 2344 1101 2441 frequenter
1119 2369 1202 2417 curn
1221 2344 1379 2442 colloqui
1396 2361 1562 2444 oportet,
1588 2347 1652 2418 sed
1670 2345 1737 2418 sub
1759 2361 1813 2419 te-

221 2467 391 2540 stimonio
412 2466 564 2540 duarum
589 2479 651 2537 ant
670 2466 777 2536 trium
795 2489 981 2554 sororum,
1005 2465 1053 2536 ita
1076 2479 1117 2536 ut
1133 2489 1213 2536 rara
1231 2467 1276 2536 sit
1291 2466 1469 2557 accessi0,
1489 2465 1607 2538 brevis
1628 2466 1774 2540 locutio.
1792 2497 1813 2535 u
1868 2523 1873 2534 .

223 2585 321 2658 hbsit
338 2587 434 2658 enim
455 2600 558 2657 utne
577 2583 799 2674 monachos,
819 2583 920 2682 quod
941 2583 1047 2654 etiam
1071 2583 1167 2654 dictu
1188 2584 1287 2656 nefas
1307 2600 1382 2675 cst,
1402 2585 1531 2657 Christi
1550 2587 1745 2683 virginibus
1764 2589 1813 2659 fa·

223 2707 376 2778 miliares
393 2730 470 2778 esse
487 2704 657 2793 velimus,
679 2703 742 2774 sed
758 2703 859 2798 juxta
876 2703 976 2800 quod
991 2703 1088 2798 jussa
1111 2703 1285 2800 regularia
1303 2704 1361 2777 vel
1386 2729 1569 2777 canonum
1589 2707 1807 2798 admonent,

138 2891 142 2898 .
221 2827 328 2924 longe
346 2825 517 2896 discretos
535 2838 641 2920 atquc
655 2823 847 2919 sejunctos.
863 2825 998 2892 Eorum
1013 2835 1153 2893 tantum
1163 2823 1410 2919 gubernaculis
1424 2825 1567 2898 casdem
1582 2826 1809 2925 deputamus,

220 2945 503 3034 constituentes,
522 2958 561 3014 ut
580 2968 672 3014 unus
691 2942 953 3050 monachorum
966 2941 1237 3041 probatissimus
1254 2944 1423 3041 eligatur,
1440 2947 1541 3042 cujus
1560 2972 1653 3018 curae
1670 2948 1715 3019 sit
1727 2973 1813 3048 pras·¹

221 3067 283 3138 dia
300 3091 424 3138 earum
441 3064 618 3136 rusticana
631 3063 688 3166 vel
708 3062 844 3134 urbana
858 3062 1062 3154 intendere,
1077 3062 1226 3136 fabricas
1242 3079 1395 3157 struere,
1417 3067 1474 3138 vel
1487 3067 1615 3165 siquid
1629 3068 1744 3159 aliud,
1766 3070 1814 3142 ad

221 3187 469 3260 necessitatem
489 3184 695 3256 monasterii
716 3182 931 3282 providere,
957 3198 997 3254 ut
1026 3167 1157 3255 Christi
1183 3184 1322 3258 lamulae
1340 3211 1408 3285 pro
1430 3188 1557 3260 animae
1574 3214 1645 3261 suae
1673 3205 1814 3262 tantum

222 3306 373 3379 utilitate
391 3304 570 3396 sollicitae,
593 3302 678 3376 solis
699 3302 828 3374 divinis
844 3302 998 3374 cultibus
1015 3305 1157 3392 vivant,
1177 3305 1345 3404 operibus
1365 3308 1438 3378 suis
1457 3309 1662 3381 inserviant.
1679 3310 1815 3382 Saneis
1907 3299 1916 3306 ’

220 3427 284 3524 qui
306 3425 353 3497 ab
372 3425 499 3498 abbate
519 3448 586 3496 suo
604 3424 847 3524 praeponitur,
862 3423 1000 3520 judicio
1019 3425 1075 3495 sui
1089 3425 1247 3525 episcopi
1264 3427 1531 3526 comprobetur.
1553 3433 1677 3502 Vestes
1694 3443 1814 3502 autem

221 3547 288 3619 illae
305 3545 430 3618 iisdem
449 3543 622 3616 cticnobiis
641 3544 790 3634 saciant,
812 3543 981 3641 aquibus
1002 3545 1190 3624 tuitionem
1210 3561 1419 3644 expectant,
1450 3548 1496 3620 ab
1522 3549 1648 3623 iisdem
1667 3549 1811 3640 denuo,

221 3683 262 3742 ut
273 3666 486 3766 praedictum
501 3679 573 3756 est,
588 3663 755 3736 laborum
766 3665 900 3737 fructus
909 3718 919 3755 ,
936 3679 972 3736 et
984 3667 1246 3764 procurationis
1269 3669 1475 3766 suffragium
1488 3687 1693 3770 receptura.
1715 3676 1815 3744 Hanc

223 3813 290 3860 nos
304 3789 423 3884 itaque
436 3785 698 3886 providentiam
717 3799 928 3882 sequentes,
950 3787 1166 3857 monasteria
1183 3785 1396 3860 seminarum
1415 3793 1638 3863 monasteriis
1655 3794 1814 3864 virorum

219 3909 270 3980 ita
287 3930 430 4003 semper
453 3929 530 3978 esse
556 3903 715 4000 subjecta
740 3902 925 3995 volumus,
952 3917 992 3974 ut
1022 3927 1188 4010 sororum
1213 3931 1337 3978 curam
1355 3909 1478 3982 fratres
1503 3927 1632 4008 agant,
1661 3926 1697 3984 et
1725 3938 1818 3985 unus

219 4026 383 4124 utrisque
397 4039 568 4123 tanquam
589 4039 689 4124 pater
706 4022 913 4121 presideat,
934 4022 981 4094 ad
998 4023 1100 4118 cujus
1117 4024 1382 4123 providentiam
1398 4045 1548 4128 unaque
1566 4046 1726 4131 spectent
1739 4057 1816 4104 mo·

215 4146 399 4237 nasteria,
423 4161 459 4217 et
487 4159 720 4240 utrorumque
737 4144 774 4213 in
791 4143 949 4214 Domino
970 4143 1072 4239 quasi
1093 4168 1206 4214 unum
1226 4145 1271 4216 sit
1288 4147 1381 4219 ovile
1399 4163 1434 4220 et
1455 4174 1547 4221 unus
1570 4167 1702 4250 pastor.
1727 4156 1814 4238 Quae

211 4265 373 4364 quidem
393 4263 558 4363 spiritalis
576 4262 801 4334 fraternitatis
830 4262 981 4334 societas
1007 4277 1106 4334 tanto
1131 4265 1263 4360 gratior
1281 4279 1354 4338 tarn
1372 4271 1450 4340 Deo
1473 4294 1582 4367 quam
1608 4270 1815 4344 hominibus

210 4384 350 4473 fuerit,
377 4397 513 4480 quanto
533 4382 610 4479 ipsa
637 4379 828 4479 perfectior
854 4381 957 4453 omni
984 4382 1082 4452 sexui
1108 4381 1155 4453 ad
1175 4385 1447 4458 conversionem
1472 4389 1629 4461 venienti
1653 4389 1815 4463 sufficere

207 4505 358 4603 possit;
396 4517 435 4574 ut
469 4500 634 4574 videlicet
673 4501 842 4572 monachi
871 4503 990 4593 viros,
1022 4503 1195 4575 moniales
1222 4503 1370 4598 seminas
1396 4509 1609 4607 suscipiant,
1648 4525 1684 4582 et
1714 4512 1814 4581 omni

202 4627 351 4697 animae
374 4622 420 4697 de
443 4621 555 4694 salute
574 4645 637 4694 sua
659 4622 829 4718 cogitanti
850 4622 963 4719 possit
987 4622 1063 4722 ipsa
1091 4624 1297 4716 consulere;
1331 4630 1593 4726 etquicunque
1620 4653 1733 4727 quum
1758 4630 1818 4701 vel

202 4759 358 4834 matre,
374 4758 435 4814 aut
453 4767 601 4832 sorore,
621 4741 677 4812 vel
700 4740 789 4831 filia,
818 4765 879 4813 seu
901 4741 1041 4840 aliqua,
1062 4744 1162 4840 cujus
1178 4769 1301 4818 curam
1320 4749 1428 4844 gerit,
1454 4751 1615 4822 converti
1635 4751 1814 4840 volucrits

195 4867 373 4968 plenum
396 4863 447 4936 ibi
466 4863 631 4936 solatium
662 4863 817 4963 reperire
845 4865 978 4962 possit;
1011 4880 1047 4937 ct
1074 4880 1175 4938 tanto
1204 4869 1347 4964 majoris
1369 4871 1550 4944 charitatis
1580 4872 1719 4945 affectui
1744 4874 1814 4946 sibi

195 5005 375 5084 utraque
394 4985 609 5057 monasteria
628 4985 699 5056 sint
716 5007 898 5075 connexa,
923 4999 958 5058 ct
982 5011 1050 5086 pro
1077 5011 1115 5059 sc
1140 4988 1293 5072 invicem
1314 4991 1481 5083 sollicita,
1509 5009 1645 5090 quanto
1664 5019 1743 5091 quae
1760 4994 1814 5066 ibi

234 5275 252 5302 ³
277 5271 396 5322 amu.
412 5271 439 5332 1,
452 5285 507 5337 cap.
524 5287 557 5326 ι.
573 5285 596 5320 r.
610 5268 717 5318 29.-·
734 5269 841 5322 mauu.
854 5269 882 5329 1,
894 5285 950 5338 cap.
962 5287 1036 5334 ιω.
1049 5273 1089 5323 η’.
