4606 6106
466 605 538 674 220
898 601 1023 670 PETlll
1054 599 1284 670 tumulant
1313 599 1367 668 ET
1392 599 1617 672 HntotssAE

466 744 600 816 tissime
628 753 672 812 ac
688 741 908 810 sanctissimo
934 741 1101 812 confratri
1120 756 1243 811 nostro
1266 740 1465 812 adaberino
1494 757 1624 814 sanctae
1650 739 1861 811 vivacensis*
1887 741 2047 814 Ecclesiae

465 859 872 958 archiepiscopoomd
892 861 1116 956 interrogasti
1134 856 1180 930 de
1199 859 1348 951 semina,
1369 885 1448 958 quae
1465 864 1551 959 poet¹
1564 855 1702 931 obitum
1721 859 1784 930 viri
1808 860 1863 931 sui
1887 859 2046 932 velamen

465 1007 603 1054 sacrum
624 996 731 1080 snper
750 997 857 1080 eaput
876 1004 979 1054 suum
998 984 1191 1081 imposuit,
1213 998 1247 1053 et
1261 981 1360 1054 finxit
1378 1009 1416 1055 se
1432 982 1499 1053 sub
1520 982 1649 1053 eodem
1667 981 1840 1053 velamine
1853 980 2049 1054 sanctimo-

465 1102 593 1173 nialem
613 1126 715 1192 essen
733 1101 857 1200 postea
879 1127 963 1174 vero
985 1101 1030 1174 ad
1048 1105 1190 1200 nuptias
1208 1103 1331 1193 rediit,
1361 1103 1499 1174 bonum
1524 1102 1610 1172 mihi
1628 1100 1784 1190 videtur,
1802 1103 1885 1199 quia
1904 1126 1968 1200 per
1983 1101 2048 1198 hy-

464 1221 634 1318 pocrisim
651 1219 921 1292 ecclesiasticam
940 1221 1095 1318 regulam
1115 1220 1332 1294 conturbare
1351 1221 1481 1310 voluit,
1505 1237 1540 1292 et
1558 1243 1631 1302 non
1652 1219 1806 1317 legitime
1823 1221 1860 1291 in
1881 1239 1966 1293 roto
1985 1249 2048 1295 sun

465 1342 680 1438 permansit,
703 1357 743 1414 ut
760 1341 1006 1438 paenitentiam
1026 1356 1106 1438 agat
1123 1340 1171 1411 de
1189 1341 1353 1412 illusione
1371 1340 1540 1430 nefanda,
1564 1355 1599 1411 et
1619 1355 1815 1412 revertatur
1833 1340 1878 1411 ad
1899 1340 1936 1411 id
1952 1341 2048 1438 quod

465 1460 679 1558 spopondit,
701 1476 736 1532 et
754 1461 790 1530 in
811 1485 912 1531 sacro
933 1461 1128 1531 ministerio
1141 1460 1333 1531 inchoavit.
1350 1465 1438 1531 Nam
1453 1461 1481 1530 si
1496 1461 1801 1548 consenserimus,
1816 1460 1915 1558 quod
1931 1465 2050 1534 omnia

466 1578 697 1652 ecclesiastica
722 1595 943 1652 sacramenta
965 1581 1116 1678 quisque
1140 1597 1246 1678 prout
1271 1579 1347 1652 vult
1368 1578 1499 1677 fingat,
1524 1593 1558 1654 et
1588 1605 1661 1652 non
1683 1573 1768 1652 iere
1787 1580 1909 1670 saciat,
1935 1586 2050 1654 omnis

466 1701 556 1772 ordo
577 1701 830 1774 ecclesiasticus
850 1701 1069 1791 turbabitur,
1092 1725 1160 1772 neo
1177 1700 1358 1774 catholicae
1375 1700 1457 1773 fidei
1472 1702 1552 1796 jura
1568 1703 1783 1790 consistunt,
1805 1725 1872 1772 nec
1898 1727 2051 1774 canones

466 1823 554 1896 sacri
574 1822 648 1893 rite.
666 1821 928 1894 observantur„
943 1822 1038 1910 Quid
1068 1824 1164 1895 enim
1183 1822 1316 1920 profuit
1331 1823 1469 1893 Simoni
1487 1825 1590 1918 lllago
1610 1823 1783 1920 baptisma
1807 1847 1947 1894 sacram
1972 1821 2050 1893 ficte

467 1943 663 2040 suscipere,
689 1957 723 2014 et
748 1945 784 2012 in
807 1943 1061 2015 christianitate
1088 1969 1126 2014 sc
1147 1964 1419 2042 permansurum
1439 1942 1597 2032 finxisse,
1623 1966 1735 2039 quum
1760 1967 1826 2040 per
1844 1943 2050 2041 Apostolum

469 2059 591 2134 fraude
608 2063 684 2158 ojus
701 2063 839 2136 detecta
858 2063 958 2160 quod
977 2063 1044 2135 sibi
1058 2064 1215 2136 futurum
1230 2079 1320 2135 esset
1333 2065 1602 2162 pronuntiatum
1617 2063 1705 2135 fuit?
1721 2065 1775 2134 ait
1792 2043 1913 2135 enim:
1942 2095 1959 2130 a
1977 2069 2051 2134 Poe-

469 2181 615 2255 nitentia
631 2198 690 2254 tua
709 2195 826 2254 tecum
845 2183 890 2254 sit
906 2184 945 2254 in
961 2167 1172 2282 perditione.
1195 2187 1265 2254 Cor
1283 2185 1378 2254 enim
1399 2198 1501 2255 tuum
1520 2207 1594 2255 non
1608 2199 1661 2255 est
1673 2199 1810 2255 rectum
1824 2208 1946 2254 coram
1960 2187 2035 2255 Deo

473 2305 716 2376 Poenitentiana
730 2305 856 2402 'itaque
872 2329 937 2402 age
951 2303 1001 2377 'de
1020 2305 1087 2376 hac
1106 2305 1263 2401 nequitia
1282 2320 1363 2396 tua,
1388 2320 1421 2376 et
1452 2329 1537 2402 roga
1555 2309 1670 2376 Deum
1690 2319 1728 2375 nt
1746 2304 1836 2375 forte
1857 2306 2052 2376 remittatur

471 2423 535 2496 tibi
551 2425 717 2521 cogitatio
736 2426 856 2497 cordis
871 2425 933 2497 tui.
951 2425 1085 2497 Inlelle
1099 2426 1195 2496 enim
1209 2424 1453 2495 amaritudinis
1467 2441 1501 2496 ct
1515 2425 1731 2522 obligatione
1743 2425 1936 2522 iniqnitatis
1951 2425 2052 2496 video

472 2558 505 2613 te
523 2568 610 2616 esse.
630 2573 647 2612 u
668 2544 754 2616 ldeo
772 2545 879 2633 tales,
900 2545 967 2616 nisi
987 2545 1208 2642 resipiscant,
1229 2538 1401 2640 spirituaii
1425 2542 1542 2639 gladio
1561 2559 1746 2641 percutere
1759 2567 1957 2616 censemus.
1976 2547 2051 2614 Non

471 2666 567 2736 enim
597 2665 647 2770 fas
667 2681 719 2736 est
737 2667 881 2763 Spiritui
897 2681 1021 2736 sancto
1038 2665 1200 2753 mentiri,
1228 2664 1329 2735 sicuti
1349 2666 1500 2739 Ananias
1517 2681 1552 2740 et
1567 2664 1719 2762 'Saphira
1742 2667 1877 2738 mentiti
1895 2668 1998 2752 sunt,¹
2022 2681 2064 2763 et

471 2786 588 2856 statim
607 2787 813 2884 perierunt.'
1305 2799 1308 2808 “
1734 2794 1737 2802 ’
1872 2795 1875 2802 “

520 2905 744 2976 Excanmlie
762 2903 973 2996 arelatensi,
996 2931 1074 3002 cap.
1097 2931 1158 2976 vn.
1173 2947 1220 2960 -
1234 2896 1426 2979 Sciendum
1442 2917 1498 2976 'est
1525 2905 1712 2994 omnibus,
1733 2905 1833 3002 quod
1849 2911 1924 2978 lleo
1944 2927 2055 2978 sacra-

470 3041 586 3098 tarum
611 3026 822 3098 seminarum
851 3049 1003 3124 corpora
1021 3023 1100 3124 ³per
1127 3010 1250 3096 totuin
1279 3026 1432 3123 propriae
1452 3026 1654 3123 sponsionis
1676 3041 1711 3096 et
1738 3025 1846 3097 verba
1866 3025 2055 3098 sacerdotis

473 3152 549 3219 Deo
561 3164 766 3219 consecrata
780 3144 912 3246 templa
926 3171 1004 3218 esse
1013 3148 1275 3245 scripturarum
1286 3149 1500 3218 testimoniis
1514 3145 1815 3246 comprobantur-3
1837 3163 1869 3218 et
1885 3147 1967 3220 ideo
1982 3151 2053 3220 vio·

472 3265 602 3339 latores
620 3282 741 3338 earum
759 3266 938 3362 sacrilegi,
960 3291 1001 3336 ac
1017 3266 1344 3364 juxta-Apostolum
1365 3264 1425 3337 filii
1445 3267 1655 3364 perditionis
1675 3290 1752 3338 esse
1772 3284 1980 3339 noscuntur.

523 3389 664 3456 [tntum
684 3389 855 3481 Apostoli.
866 3388 947 3452 -·'«
965 3386 1135 3483 praecipe,
1154 3413 1170 3452 u
1192 3388 1324 3482 inquit,
1343 3415 1361 3453 a
1378 3402 1416 3458 ut
1434 3387 1549 3458 viduae
1562 3387 1887 3485 irreprehensibiles
1901 3391 1981 3460 sint.
2000 3391 2056 3458 ti-

473 3503 545 3574 dua
558 3503 706 3599 eligatur
720 3527 795 3576 non
815 3505 932 3576 minus
950 3504 1181 3600 qnadraginta
1193 3528 1371 3576 annorum
1386 3508 1420 3578 in
1435 3505 1602 3603 operibus
1618 3506 1723 3578 bonis
1740 3508 1982 3580 testimoninm
1999 3509 2055 3579 ha·
2095 3534 2100 3544 ·

474 3622 575 3712 bens,
584 3624 612 3696 si
623 3622 898 3696 stliuseduoavit.
908 3651 924 3690 n
936 3628 980 3694 ttt
992 3651 1006 3693 :.
1016 3653 1034 3691 n
1044 3623 1349 3698 adolescentiores
1359 3626 1484 3697 viduas
1494 3627 1623 3697 devita.
1637 3631 1758 3713 Quum
1772 3629 1867 3698 cuim
1879 3627 2056 3700 luxuriata

476 3745 621 3834 luerint,
642 3747 678 3816 in
700 3743 841 3816 Cluisto
859 3743 1159 3833 adherendum,
1180 3741 1352 3818 habentes
1371 3739 1659 3837 damnationem,
1680 3749 1764 3844 qtria
1777 3750 1932 3844 primam
1952 3747 2056 3820 fidem

476 3865 803 3954 irritamlecerunt,
827 3865 933 3936 simul
952 3881 986 3936 et
1004 3867 1117 3937 otiose
1131 3866 1321 3964 *loquentes
1339 3864 1439 3964 quod
1457 3883 1707 3966 nonroportct.
1734 3867 1824 3940 Volo
1843 3849 1929 3964 ergo
1942 3872 2057 3966 junio·

476 4013 531 4058 res
566 3985 722 4076 narbore,
758 3985 849 4057 filios
875 3987 1064 4084 procreare
1078 3988 1093 4074 t,
1124 3981 1406 4059 matresfamilias·
1429 4002 1523 4075 esse,
1560 3987 1693 4058 nullam
1723 3991 1948 4060 occasionem
1976 3991 2058 4061 dare

475 4108 676 4181 adversario
694 4105 875 4178 maledicti
897 4109 1018 4204 gratia.
1046 4112 1122 4178 Jam
1142 4109 1237 4178 enim
1252 4108 1416 4204 quaedam
1436 4128 1615 4182 conversae
1633 4123 1714 4182 sunt
1735 4115 1830 4180 retro
1848 4105 2026 4181 Sata'nam.
2041 4139 2055 4176 n

525 4227 763 4300 Keraunilia:
779 4230 1055 4325 maguntinensi,
1076 4251 1154 4324 cap.
1181 4244 1325 4298 anm·-
1341 4225 1538 4298 Abbatiseas
1563 4243 1787 4298 autemeam
1809 4207 2058 4301 sanctimonia·

476 4349 570 4420 libus
589 4347 739 4420 omnino
763 4361 857 4418 recte
878 4361 913 4417 et
927 4346 1022 4441 juste
1040 4348 1159 4417 vivere
1174 4367 1369 4419 oerasemns.
1391 4349 1478 4432 Qun
1492 4371 1578 4417 vern
1593 4333 1848 4445 professionem
1862 4351 2057 4421 secundum

476 4469 633 4567 regulam
650 4467 763 4542 senen
785 4467 965 4540 Beneditti
981 4466 1163 4555 lecerunt,
1193 4467 1565 4563 singulariterrivant.
1594 4468 1656 4537 Sin
1674 4450 1796 4538 anteiri
1819 4472 1991 4541 cataonice
2014 4471 2061 4540 ri·

478 4601 580 4680 rant,
600 4588 757 4688 pleniter
772 4589 896 4660 et¹st1b
912 4587 1070 4684 diligenti
1091 4611 1175 4660 cura
1200 4587 1399 4659 custodiam
1413 4587 1596 4677 habeant,
1613 4603 1648 4659 et
1667 4589 1703 4658 in
1722 4588 1882 4662 claustris
1895 4591 1965 4660 suis
1984 4615 2061 4687 per-

480 4727 670 4800 maneant,
687 4715 773 4784 :nen¹
799 4707 1237 4783 forasuataomhabenm.
1258 4707 1328 4780 sed
1349 4701 1383 4786 'et
1405 4709 1489 4807 ipsae
1507 4697 1690 4779 alrbatisdle
1709 4709 1745 4778 in
1766 4710 1987 4782 monasteriis
2013 4737 2063 4780 se·

480 4835 612 4921 deant,
625 4835 700 4904 neo
720 4830 967 4903 Masrnadant
983 4831 1061 4902 sine
1084 4831 1279 4902 lieentia'et
1300 4825 1450 4900 consilio
1468 4831 1627 4928 episcopi
1645 4831 1710 4900 sui.
1778 4842 1793 4880 ²¹

586 4959 589 4966 '
670 4967 676 4999 ¹
781 4982 784 4991 ⁴
835 4965 935 5018 Ι·;ι’ν«

515 5067 522 5093 ⁴
538 5066 609 5116 Forte
618 5065 702 5115 alvino
716 5075 808 5116 sanctae
817 5067 951 5128 jartuenats.
964 5062 1000 5113 td
1009 5079 1081 5131 quem
1093 5063 1149 5115 diat.
1167 5079 1251 5122 xxxta,
1285 5061 1394 5128 reperire
1408 5061 1484 5127 potui.
1500 5061 1570 5125 [Nat.
1592 5062 1660 5112 Mai.
1670 5083 1679 5120 ,ο
1689 5083 1707 5096 -
1723 5059 1862 5124 mentun
1883 5059 1966 5124 potius
1976 5061 2062 5110 tuno

495 5170 536 5219 ap.
554 5168 570 5201 r.
590 5177 606 5188 -
621 5149 749 5202 aldaberioi
767 5148 830 5200 enim
853 5150 876 5198 in
899 5149 1010 5199 omnibus
1028 5149 1119 5199 Nicolai
1143 5148 1253 5214 epistolip
1286 5157 1378 5195 sancte
1388 5149 1519 5196 viennensis
1529 5146 1656 5204 Eccletioe,
1668 5143 1716 5196 rid.
1728 5145 1833 5204 aroer„
1843 5161 1868 5212 p.
1880 5144 1904 5204 l,
1917 5143 1974 5196 dist.
1985 5160 2062 5204 xxrn,

481 5237 547 5287 nulla
558 5235 583 5284 lit
592 5221 697 5295 mentld'²
710 5218 790 5298 iteqnlt
799 5219 936 5284 tituenus
949 5218 1050 5284 ccclrela
1060 5223 1115 5297 'que
1127 5218 1157 5281 'stt
1171 5231 1250 5282 adhuc
1283 5247 1339 5295 cap.
1350 5247 1381 5280 rr.
1395 5230 1465 5295 (Not.
1477 5245 1530 5280 noo.
1546 5228 1627 5292 Edit.)
