4496 6102
434 559 522 647 Ι448
1049 581 1177 653 PETRI
1205 582 1440 654 ABAEttttnt

448 733 645 790 retrorsum
658 693 806 811 cadunt,
818 722 902 819 quia
917 721 981 819 qui
993 737 1073 820 post
1087 747 1124 794 se
1139 722 1247 815 cadit,
1263 723 1312 794 ibi
1330 722 1436 813 cadit,
1454 720 1515 793 ubi
1529 743 1602 792 non
1619 718 1728 791 videt.
1745 719 1861 816 Iniqui
1878 741 1963 790 vero
1976 719 2038 816 qui

447 839 484 906 in
508 837 704 911 visibilibus
727 841 882 932 cadunt,
903 856 985 940 post
1002 866 1040 913 se
1062 841 1189 914 cadere
1208 843 1388 934 dicuntur,
1409 843 1493 941 quia
1511 840 1560 912 ibi
1578 853 1768 928 corruunt,
1789 836 1852 910 ubi
1867 837 1956 935 quid
1977 862 2037 910 eos

448 973 534 1031 tunc
547 978 717 1059 sequatur
735 963 846 1034 modo
865 962 985 1035 videre
1004 988 1079 1036 non
1097 980 1259 1062 possunt.
1282 965 1371 1037 lusti
1388 988 1492 1053 vero,
1513 964 1596 1060 quia
1619 962 1655 1032 in
1676 959 1750 1031 istis
1769 957 1965 1030 visibilibus
1982 982 2035 1029 se·

446 1081 615 1178 metipsos
642 1099 771 1180 sponte
799 1083 986 1179 dejiciunt,
1009 1098 1047 1155 ut
1073 1083 1306 1156 invisibilibus
1328 1085 1521 1182 erigantur,
1542 1083 1643 1181 quasi
1668 1081 1705 1151 in
1730 1080 1856 1152 faciem
1880 1077 2032 1167 cadunt,

446 1203 530 1299 quia
548 1201 677 1274 timore
691 1206 921 1302 compuncti,
946 1203 1107 1277 videntes
1127 1204 1408 1278 humiliantur.»
1432 1209 1564 1277 lterum
1589 1223 1674 1300 ergo
1700 1225 1761 1272 eos
1784 1199 2030 1294 interrogavit:

446 1351 463 1390 u
480 1327 598 1411 Quem
617 1325 794 1421 quaeritis?
806 1353 824 1391 a
840 1325 892 1396 llli
906 1340 1026 1398 autem
1040 1326 1206 1398 dixerunt
1223 1355 1231 1397 ε
1251 1356 1268 1394 u
1285 1331 1405 1399 lesum
1419 1330 1652 1398 Nazarenum.
1667 1352 1685 1392 u
1704 1321 1899 1420 Respondit
1910 1325 2007 1390 lesus
2022 1347 2030 1388 ε

445 1472 464 1512 n
477 1445 559 1516 Dixi
576 1444 679 1516 vobis
698 1447 783 1544 quia
802 1472 868 1544 ego
890 1471 982 1518 sum.
1003 1476 1020 1514 u
1046 1448 1116 1535 Qui
1133 1431 1536 1536 abieruntretrorsum,
1562 1471 1637 1517 nou
1655 1443 1772 1516 solum
1788 1465 1939 1540 corpore
1953 1466 2032 1513 cor-

442 1579 606 1654 ruentes,
628 1590 754 1636 verum
773 1567 879 1638 etiam
894 1567 930 1637 in
946 1581 1080 1638 tantam
1096 1568 1241 1639 extasim
1256 1568 1399 1666 pavoris
1410 1582 1447 1638 et
1458 1563 1736 1666 perturbationis
1750 1563 1846 1652 facti,
1863 1577 1902 1632 ut
1914 1561 2034 1632 Domi·

440 1708 529 1754 num
559 1710 626 1757 nec
649 1686 694 1757 ad
720 1685 893 1758 indicium
918 1713 1045 1779 suum,
1075 1713 1143 1760 nec
1171 1688 1218 1760 ad
1243 1687 1437 1786 proditoris
1465 1686 1628 1758 osculum
1654 1708 1846 1782 agnoscere
1873 1696 2030 1780 possent.

438 1803 605 1877 Secundo
626 1804 819 1902 interrogat
839 1830 900 1878 eos
921 1832 1030 1904 quem
1052 1821 1229 1905 quaerant,
1248 1821 1283 1879 et
1304 1831 1341 1878 se
1358 1807 1487 1878 iterum
1506 1802 1606 1876 illum
1625 1828 1701 1876 esse
1720 1802 1847 1892 docet,
1863 1826 1973 1900 quem
1996 1827 2032 1873 se

442 1923 492 1994 illi
505 1949 664 2022 quarere
677 1926 909 2022 respondent.
927 1931 967 1997 ln
982 1950 1055 2022 quo
1068 1940 1232 2025 patenter
1243 1927 1444 1998 ostenditur
1457 1940 1493 2026 et
1505 1925 1616 2024 ipsius
1628 1923 1890 2022 perseverantia
1902 1921 1940 1992 in
1953 1945 2031 2020 pas—

443 2046 560 2134 sione,
582 2061 617 2117 et
634 2045 778 2116 illorum
798 2045 834 2116 in
853 2045 1091 2118 obstinatione
1106 2071 1177 2119 suae
1196 2045 1348 2118 malitia.

489 2194 506 2232 u
522 2164 558 2234 Si
577 2188 662 2262 ergo
679 2190 736 2237 me
754 2167 928 2262 (pxaeritiS,
949 2167 1053 2238 sinite
1072 2166 1139 2238 bos
1157 2166 1266 2240 abire.
1287 2172 1335 2239 Ut
1351 2167 1559 2265 impleretur
1579 2190 1719 2254 sermo,
1743 2180 1810 2236 etc.
1823 2169 1844 2235 ¹.
1865 2192 1883 2232 u
1905 2164 1942 2234 si
1962 2186 2029 2252 me,

439 2285 571 2380 inquit,
597 2309 671 2356 non
695 2284 805 2356 alium
832 2286 1003 2384 quaeritis,
1032 2289 1123 2358 sicut
1140 2312 1183 2359 ex
1203 2286 1342 2360 duabus
1356 2289 1432 2383 jam
1456 2302 1553 2386 patet
1575 2283 1866 2385 responsionibus
1888 2284 2028 2372 vestris,

439 2404 601 2477 sufficere
622 2405 724 2478 vobis
744 2405 851 2478 debet
871 2383 1024 2479 vestram
1043 2409 1080 2480 in
1104 2433 1162 2480 me
1181 2409 1364 2508 complere
1386 2407 1571 2479 malitiam.
1588 2411 1665 2478 Hoc
1684 2407 1817 2503 inquit,
1841 2403 2031 2502 discipulos

438 2526 501 2620 qui
514 2525 663 2597 aderant
679 2522 896 2623 intelligens,
916 2543 956 2599 ut
969 2527 1065 2600 solus
1082 2528 1159 2626 ipse
1173 2528 1330 2600 torcular
1344 2527 1518 2628 passionis
1532 2527 1698 2617 intraret,
1719 2527 1808 2597 sicut
1824 2551 1866 2598 ex
1880 2547 2031 2624 persona

439 2645 515 2741 ejus
539 2647 645 2718 lsaias
663 2646 890 2744 praedixerat¹
907 2675 915 2718 :
935 2676 954 2716 a
968 2648 1137 2720 Torcular
1158 2649 1290 2721 calcavi
1311 2648 1428 2738 solus,
1452 2662 1520 2719 etc.
1539 2675 1556 2713 a
1577 2649 1725 2736 Sermo,
1746 2647 1862 2743 inquit
1882 2667 2029 2740 evange-

437 2764 539 2855 lista,
561 2791 669 2864 quem
691 2767 767 2865 ipse
788 2768 965 2840 Dominus
984 2785 1086 2840 antea
1110 2768 1269 2858 dixerat,
1293 2767 1339 2840 ad
1365 2772 1506 2840 Patrem
1528 2767 1700 2864 loquens³
1717 2794 1724 2836 :
1744 2771 1877 2853 «Quos
1905 2763 2030 2835 dedisti

440 2884 528 2956 mibi
546 2886 741 2977 custodivi,
759 2902 795 2958 et
808 2911 917 2958 nemo
931 2912 973 2959 ex
986 2888 1027 2959 iis
1042 2889 1146 2988 periit
1159 2889 1228 2960 nisi
1241 2887 1334 2959 filius
1344 2887 1566 2987 perditionis.
1581 2915 1599 2954 u
1617 2888 1830 2984 Augustinus
1844 2886 1880 2955 in
1895 2890 2031 2956 loanne

437 3029 546 3105 super
562 3005 660 3076 hunc
673 3004 817 3077 locum*
834 3035 842 3076 ε
865 3036 883 3076 u
899 3010 971 3078 Cur
984 3009 1014 3078 si
1028 3021 1113 3079 tunc
1126 3022 1366 3098 morerentur,
1387 3007 1554 3106 perderet
1575 3032 1655 3097 eos,
1675 3006 1744 3077 nisi
1759 3007 1842 3103 quia
1867 3004 2029 3076 nondum

435 3129 485 3198 sic
501 3129 539 3199 in
556 3152 640 3198 eum
655 3126 850 3200 credebant
862 3128 1049 3226 quomodo
1066 3128 1217 3202 credunt
1235 3129 1441 3227 quicunque
1459 3142 1533 3201 uon
1552 3127 1722 3227 perituri?
1740 3155 1758 3192 a
1781 3129 1914 3197 ltem⁸2
1934 3154 1951 3192 tt
1968 3128 2029 3195 Pe·

435 3261 532 3338 trus,
555 3249 583 3320 si
601 3262 731 3345 negato
755 3248 896 3321 Christo
915 3249 1002 3320 hinc
1025 3249 1110 3340 iret,
1134 3249 1222 3346 quid
1243 3248 1339 3321 aliud
1366 3273 1474 3347 quam
1497 3248 1651 3347 periret?
1673 3247 1834 3336 «Sinite,
1855 3275 1872 3311 a
1892 3245 2027 3342 inquit,

438 3398 456 3436 u
470 3367 539 3439 bos
553 3367 672 3459 abire,
692 3397 709 3434 a
730 3368 793 3439 sed
812 3393 886 3440 non
907 3368 1056 3465 adjecit,
1077 3384 1112 3441 et
1134 3371 1250 3469 eapite
1268 3395 1327 3442 me
1345 3397 1353 3440 ε
1371 3395 1417 3442 ne
1432 3369 1598 3442 videlicet
1613 3371 1781 3469 pietatem
1799 3369 2027 3467 praecipiens,

435 3490 655 3586 impietatem
677 3513 824 3588 quoque
846 3514 954 3587 quam
976 3489 1054 3561 lieri
1078 3491 1317 3588 permittebat,
1342 3490 1468 3588 jubere
1493 3491 1685 3563 videretur.
1715 3490 1894 3563 decedens
1913 3505 2030 3563 autem

436 3607 600 3706 proditor
618 3607 665 3679 ad
683 3609 880 3680 Dominum
894 3609 1005 3681 dixit:
1028 3639 1045 3678 u
1065 3614 1150 3701 Ave,
1172 3610 1295 3683 Rabhi.
1309 3640 1327 3678 n
1344 3615 1387 3682 Et
1406 3610 1585 3683 osculatus
1606 3627 1659 3684 est
1677 3635 1773 3682 eum.
1794 3615 1894 3682 lesus
1911 3626 2031 3684 autem

437 3729 525 3801 dixit
543 3730 601 3800 ei:
624 3759 642 3797 u
663 3731 800 3814 Amice,
830 3729 877 3801 ad
900 3731 987 3828 quid
1005 3732 1153 3804 venisti?
1173 3760 1191 3800 a
1211 3734 1291 3804 Sive
1310 3733 1361 3804 uti
1384 3737 1495 3803 Lucas
1513 3733 1586 3804 ait:
1612 3761 1630 3800 u
1646 3731 1759 3820 Juda,
1780 3731 1903 3804 osculo
1918 3730 2030 3804 filium

435 3851 593 3923 hominis
616 3850 749 3922 tradis?
767 3879 785 3918 u
810 3856 887 3923 Hoc
903 3852 1065 3923 osculum
1084 3877 1158 3924 non
1175 3854 1293 3950 pacis,
1315 3853 1379 3925 sed
1399 3853 1612 3952 proditionis
1634 3854 1774 3950 siguum
1790 3867 1845 3926 est
1862 3852 1968 3943 illud,
1984 3853 2031 3925 de

436 3995 510 4069 quo
531 3969 715 4043 Matthaeus
732 3986 992 4044 commemorat
1011 3999 1019 4041 :
1038 4000 1056 4039 u
1070 3971 1227 4066 Dederat
1241 3987 1361 4044 autem
1375 3972 1524 4043 traditor
1538 3971 1614 4068 ejus
1631 3972 1771 4069 signum
1791 3972 1862 4062 eis,
1884 3970 2026 4044 dicens:

437 4096 730 4190 «Quemcunque
748 4091 928 4164 osculatus
945 4091 1045 4162 fuero
1062 4093 1139 4189 ipse
1154 4106 1223 4182 est,
1240 4107 1358 4164 tenete
1376 4116 1472 4181 eum,
1491 4108 1524 4164 et
1538 4091 1658 4165 ducite
1675 4107 1790 4164 caute.
1810 4121 1828 4159 u
1847 4095 1939 4164 Ecce
1955 4092 2032 4165 dux

435 4237 610 4285 caecorum
628 4228 664 4284 et
686 4213 882 4285 miserrime
904 4211 1133 4303 miserorum,
1151 4236 1229 4309 quae
1251 4227 1305 4284 est
1326 4213 1392 4284 ista
1413 4207 1565 4301 cautela,
1586 4212 1633 4283 ad
1654 4237 1763 4310 quam
1784 4231 1846 4283 eos
1866 4212 2031 4285 hortatur

434 4336 571 4406 insania
593 4333 675 4406 tua?
693 4348 863 4432 tanquam
883 4333 1065 4432 sapientiae
1084 4333 1149 4404 Dei
1174 4332 1364 4431 praevalere
1386 4331 1577 4404 hominum
1597 4332 1736 4404 cautela
1757 4333 1880 4431 possit.
1907 4337 2032 4432 lmpu·

435 4454 642 4526 dentissime
670 4453 845 4552 proditor,
873 4454 1037 4525 omnium
1063 4452 1237 4526 scelerum
1267 4452 1552 4525 abominationes
1575 4455 1644 4525 tuis
1664 4451 1862 4550 justificans
1891 4454 2032 4526 sceleri·

434 4571 513 4644 bus.
541 4572 802 4671 Dispensatoris
825 4597 948 4645 curam
968 4573 1062 4644 iuter
1080 4587 1225 4645 caeteros
1244 4598 1265 4645 a
1287 4573 1445 4645 Domino
1464 4597 1688 4671 susceperas,
1709 4572 1847 4644 loculos
1867 4571 2028 4664 habens,

436 4703 471 4764 et
492 4715 533 4762 ea
553 4717 632 4788 quae
654 4687 801 4790 poteras
812 4690 907 4762 furto
930 4691 1146 4790 surripiens,
1173 4692 1395 4790 marsupium
1413 4707 1535 4781 tuum,
1558 4716 1632 4794 nou
1658 4691 1880 4764 dominicum
1903 4692 2034 4765 volens

435 4835 580 4906 augere,
615 4814 734 4909 ipsum
763 4811 1018 4910 praesumpsisti
1047 4813 1243 4884 Dominum
1274 4811 1448 4906 vendere,
1470 4827 1505 4884 et
1528 4813 1564 4884 in
1586 4813 1701 4912 pretio
1725 4813 1886 4911 pecuniae
1908 4813 2034 4913 ipsum

467 5115 476 5142 ¹
492 5114 575 5176 leam,
591 5127 651 5194 cap.
671 5129 744 5176 xvm,
756 5129 781 5164 r.
795 5115 819 5164 8.
833 5112 884 5150 -'
897 5113 965 5164 lsaiae
977 5129 1034 5182 cap.
1052 5129 1125 5177 uxux,
1142 5129 1166 5165 r.
1177 5115 1202 5186 3,.
1217 5143 1244 5151 -
1255 5112 1266 5141 ¹
1276 5114 1359 5178 locu„
1373 5129 1430 5196 cap.
1442 5129 1507 5175 xm,
1518 5130 1542 5165 v.
1557 5113 1596 5172 ‚1²-
1607 5138 1636 5149 -
1648 5111 1660 5139 ⁸
1670 5111 1750 5176 Tract.
1769 5129 1834 5177 exn,
1853 5115 1911 5178 opp.
1932 5123 1950 5163 t.
1973 5113 2033 5178 lll,

373 5237 375 5240 ν
434 5213 497 5270 part.
512 5201 550 5264 11,
562 5200 610 5252 ool.
624 5203 681 5252 185.
690 5227 722 5240 -
734 5200 745 5228 ⁸
757 5199 831 5264 lbid.,
844 5211 920 5255 tract.
930 5217 1004 5263 cxxxi,
1015 5201 1063 5252 col.
1079 5203 1136 5252 tes.
