<?xml version="1.0" encoding="UTF-8"?>
<!DOCTYPE html PUBLIC "-//W3C//DTD XHTML 1.0 Transitional//EN"
    "http://www.w3.org/TR/xhtml1/DTD/xhtml1-transitional.dtd">
<html xmlns="http://www.w3.org/1999/xhtml" xml:lang="en" lang="en">
 <head>
  <title>
</title>
<meta http-equiv="Content-Type" content="text/html;charset=utf-8" />
  <meta name='ocr-system' content='tesseract 3.04.00' />
  <meta name='ocr-capabilities' content='ocr_page ocr_carea ocr_par ocr_line ocrx_word'/>
</head>
<body>
  <div class='ocr_page' id='page_1' title='image "./petriablardiope01despgoog_0627.png"; bbox 0 0 4536 6102; ppageno 0'>
   <div class='ocr_carea' id='block_1_1' title="bbox 415 559 1398 636">
    <p class='ocr_par' dir='ltr' id='par_1_1' title="bbox 415 559 1398 636">
     <span class='ocr_line' id='line_1_1' title="bbox 415 559 1398 636; baseline -0.004 0"><span class='ocrx_word' id='word_1_1' title='bbox 415 565 488 636; x_wconf 80' lang='lat' dir='ltr'>ota</span> <span class='ocrx_word' id='word_1_2' title='bbox 1010 559 1138 632; x_wconf 86' lang='lat' dir='ltr'>PETRI</span> <span class='ocrx_word' id='word_1_3' title='bbox 1165 559 1398 633; x_wconf 82' lang='lat' dir='ltr'><strong>ABAELARDI</strong></span> 
     </span>
    </p>
   </div>
   <div class='ocr_carea' id='block_1_2' title="bbox 368 699 2101 4892">
    <p class='ocr_par' dir='ltr' id='par_1_2' title="bbox 413 699 2064 1284">
     <span class='ocr_line' id='line_1_2' title="bbox 466 699 1994 804; baseline 0.002 -32"><span class='ocrx_word' id='word_1_4' title='bbox 466 733 483 772; x_wconf 75' lang='lat' dir='ltr'>r&lt;</span> <span class='ocrx_word' id='word_1_5' title='bbox 498 701 705 804; x_wconf 80' lang='lat' dir='ltr'>Crucifixus.</span> <span class='ocrx_word' id='word_1_6' title='bbox 724 729 740 768; x_wconf 80' lang='lat' dir='ltr'>n</span> <span class='ocrx_word' id='word_1_7' title='bbox 759 705 880 772; x_wconf 88' lang='lat' dir='ltr'>Genus</span> <span class='ocrx_word' id='word_1_8' title='bbox 897 725 1042 800; x_wconf 92' lang='lat' dir='ltr'>quoque</span> <span class='ocrx_word' id='word_1_9' title='bbox 1059 701 1209 800; x_wconf 85' lang='lat' dir='ltr'>patibuli</span> <span class='ocrx_word' id='word_1_10' title='bbox 1230 703 1467 791; x_wconf 81' lang='lat' dir='ltr'>determinat,</span> <span class='ocrx_word' id='word_1_11' title='bbox 1487 699 1587 797; x_wconf 93' lang='lat' dir='ltr'>quod</span> <span class='ocrx_word' id='word_1_12' title='bbox 1608 702 1882 798; x_wconf 86' lang='lat' dir='ltr'>ignominiosius</span> <span class='ocrx_word' id='word_1_13' title='bbox 1899 717 1994 792; x_wconf 80' lang='lat' dir='ltr'>erat‘,</span> 
     </span>
     <span class='ocr_line' id='line_1_3' title="bbox 413 822 2000 922; baseline -0.001 -25"><span class='ocrx_word' id='word_1_14' title='bbox 413 827 504 897; x_wconf 89' lang='lat' dir='ltr'>sicut</span> <span class='ocrx_word' id='word_1_15' title='bbox 525 841 560 896; x_wconf 89' lang='lat' dir='ltr'>et</span> <span class='ocrx_word' id='word_1_16' title='bbox 585 822 794 921; x_wconf 78' lang='lat' dir='ltr'>praedictum</span> <span class='ocrx_word' id='word_1_17' title='bbox 812 824 957 896; x_wconf 87' lang='lat' dir='ltr'>fuerat:</span> <span class='ocrx_word' id='word_1_18' title='bbox 992 854 1009 892; x_wconf 91' lang='lat'>«</span> <span class='ocrx_word' id='word_1_19' title='bbox 1034 828 1148 896; x_wconf 91' lang='lat' dir='ltr'>Morte</span> <span class='ocrx_word' id='word_1_20' title='bbox 1174 825 1378 922; x_wconf 89' lang='lat' dir='ltr'>turpissima</span> <span class='ocrx_word' id='word_1_21' title='bbox 1399 823 1684 894; x_wconf 85' lang='lat' dir='ltr'><strong>condemnemus</strong></span> <span class='ocrx_word' id='word_1_22' title='bbox 1710 826 1825 894; x_wconf 89' lang='lat' dir='ltr'>eum¹.</span> <span class='ocrx_word' id='word_1_23' title='bbox 1845 851 1862 889; x_wconf 80' lang='lat' dir='ltr'>n</span> <span class='ocrx_word' id='word_1_24' title='bbox 1892 826 1936 894; x_wconf 87' lang='lat' dir='ltr'>Et</span> <span class='ocrx_word' id='word_1_25' title='bbox 1952 823 2000 895; x_wconf 88' lang='lat' dir='ltr'>ita</span> 
     </span>
     <span class='ocr_line' id='line_1_4' title="bbox 416 931 2064 1042; baseline 0.001 -28"><span class='ocrx_word' id='word_1_26' title='bbox 416 976 433 1015; x_wconf 77' lang='lat' dir='ltr'>u</span> <span class='ocrx_word' id='word_1_27' title='bbox 450 961 612 1017; x_wconf 89' lang='lat' dir='ltr'>mortuus</span> <span class='ocrx_word' id='word_1_28' title='bbox 629 961 665 1016; x_wconf 92' lang='lat' dir='ltr'>et</span> <span class='ocrx_word' id='word_1_29' title='bbox 685 973 703 1011; x_wconf 82' lang='lat' dir='ltr'>n</span> <span class='ocrx_word' id='word_1_30' title='bbox 721 945 868 1042; x_wconf 90' lang='lat' dir='ltr'>insuper</span> <span class='ocrx_word' id='word_1_31' title='bbox 887 973 905 1012; x_wconf 81' lang='lat' dir='ltr'>u</span> <span class='ocrx_word' id='word_1_32' title='bbox 925 944 1101 1042; x_wconf 76' lang='lat' dir='ltr'>sepultuS,</span> <span class='ocrx_word' id='word_1_33' title='bbox 1125 947 1252 1017; x_wconf 80' lang='lat' dir='ltr'>»utin</span> <span class='ocrx_word' id='word_1_34' title='bbox 1265 946 1433 1016; x_wconf 90' lang='lat' dir='ltr'>omnibus</span> <span class='ocrx_word' id='word_1_35' title='bbox 1444 943 1677 1017; x_wconf 87' lang='lat' dir='ltr'>humanitatis</span> <span class='ocrx_word' id='word_1_36' title='bbox 1693 945 1823 1014; x_wconf 85' lang='lat' dir='ltr'>veritas</span> <span class='ocrx_word' id='word_1_37' title='bbox 1834 968 2001 1042; x_wconf 90' lang='lat' dir='ltr'>compro·</span> <span class='ocrx_word' id='word_1_38' title='bbox 2060 931 2064 938; x_wconf 39' lang='lat'>⁵</span> 
     </span>
     <span class='ocr_line' id='line_1_5' title="bbox 414 1064 1999 1164; baseline 0 -27"><span class='ocrx_word' id='word_1_39' title='bbox 414 1067 531 1155; x_wconf 88' lang='lat' dir='ltr'>betur,</span> <span class='ocrx_word' id='word_1_40' title='bbox 552 1081 587 1137; x_wconf 94' lang='lat' dir='ltr'>et</span> <span class='ocrx_word' id='word_1_41' title='bbox 603 1081 704 1137; x_wconf 90' lang='lat' dir='ltr'>tanto</span> <span class='ocrx_word' id='word_1_42' title='bbox 722 1065 875 1162; x_wconf 91' lang='lat' dir='ltr'>amplius</span> <span class='ocrx_word' id='word_1_43' title='bbox 892 1065 1060 1161; x_wconf 83' lang='lat' dir='ltr'>diligatur</span> <span class='ocrx_word' id='word_1_44' title='bbox 1076 1090 1097 1136; x_wconf 90' lang='lat' dir='ltr'>a</span> <span class='ocrx_word' id='word_1_45' title='bbox 1113 1065 1239 1156; x_wconf 93' lang='lat' dir='ltr'>nobis,</span> <span class='ocrx_word' id='word_1_46' title='bbox 1258 1081 1404 1164; x_wconf 80' lang='lat' dir='ltr'>quanto·</span> <span class='ocrx_word' id='word_1_47' title='bbox 1414 1066 1579 1161; x_wconf 87' lang='lat' dir='ltr'>graviora</span> <span class='ocrx_word' id='word_1_48' title='bbox 1600 1064 1657 1136; x_wconf 90' lang='lat' dir='ltr'>vel</span> <span class='ocrx_word' id='word_1_49' title='bbox 1674 1064 1879 1160; x_wconf 83' lang='lat' dir='ltr'>indigniora</span> <span class='ocrx_word' id='word_1_50' title='bbox 1895 1065 1999 1137; x_wconf 88' lang='lat' dir='ltr'>susti·</span> 
     </span>
     <span class='ocr_line' id='line_1_6' title="bbox 413 1186 714 1284; baseline -0.003 -28"><span class='ocrx_word' id='word_1_51' title='bbox 413 1187 493 1257; x_wconf 91' lang='lat' dir='ltr'>nuit</span> <span class='ocrx_word' id='word_1_52' title='bbox 509 1211 577 1284; x_wconf 88' lang='lat' dir='ltr'>pro</span> <span class='ocrx_word' id='word_1_53' title='bbox 596 1186 714 1256; x_wconf 93' lang='lat' dir='ltr'>nobis.</span> 
     </span>
    </p>

    <p class='ocr_par' dir='ltr' id='par_1_3' title="bbox 368 1305 2002 3092">
     <span class='ocr_line' id='line_1_7' title="bbox 464 1305 1997 1408; baseline 0.002 -35"><span class='ocrx_word' id='word_1_54' title='bbox 464 1337 481 1374; x_wconf 79' lang='lat' dir='ltr'>u</span> <span class='ocrx_word' id='word_1_55' title='bbox 501 1306 695 1377; x_wconf 89' lang='lat' dir='ltr'>Descendit</span> <span class='ocrx_word' id='word_1_56' title='bbox 716 1305 762 1376; x_wconf 94' lang='lat' dir='ltr'>ad</span> <span class='ocrx_word' id='word_1_57' title='bbox 785 1306 931 1377; x_wconf 76' lang='lat' dir='ltr'>inferos.</span> <span class='ocrx_word' id='word_1_58' title='bbox 954 1334 972 1374; x_wconf 80' lang='lat' dir='ltr'>n</span> <span class='ocrx_word' id='word_1_59' title='bbox 992 1309 1062 1394; x_wconf 89' lang='lat' dir='ltr'>Qui</span> <span class='ocrx_word' id='word_1_60' title='bbox 1078 1324 1242 1380; x_wconf 88' lang='lat' dir='ltr'>mortuus</span> <span class='ocrx_word' id='word_1_61' title='bbox 1259 1307 1390 1380; x_wconf 90' lang='lat' dir='ltr'>dicitur</span> <span class='ocrx_word' id='word_1_62' title='bbox 1409 1325 1445 1379; x_wconf 91' lang='lat' dir='ltr'>et</span> <span class='ocrx_word' id='word_1_63' title='bbox 1460 1307 1641 1408; x_wconf 90' lang='lat' dir='ltr'>sepultus,</span> <span class='ocrx_word' id='word_1_64' title='bbox 1661 1308 1737 1404; x_wconf 93' lang='lat' dir='ltr'>ipse</span> <span class='ocrx_word' id='word_1_65' title='bbox 1754 1307 1863 1379; x_wconf 88' lang='lat' dir='ltr'>etiarn</span> <span class='ocrx_word' id='word_1_66' title='bbox 1880 1306 1927 1377; x_wconf 92' lang='lat' dir='ltr'>ad</span> <span class='ocrx_word' id='word_1_67' title='bbox 1944 1307 1997 1376; x_wconf 93' lang='lat' dir='ltr'>in-</span> 
     </span>
     <span class='ocr_line' id='line_1_8' title="bbox 414 1425 1999 1526; baseline 0.001 -31"><span class='ocrx_word' id='word_1_68' title='bbox 414 1425 507 1498; x_wconf 89' lang='lat' dir='ltr'>seros</span> <span class='ocrx_word' id='word_1_69' title='bbox 535 1426 761 1498; x_wconf 85' lang='lat' dir='ltr'>descendisse</span> <span class='ocrx_word' id='word_1_70' title='bbox 788 1429 955 1500; x_wconf 88' lang='lat' dir='ltr'>asseritur</span> <span class='ocrx_word' id='word_1_71' title='bbox 976 1456 983 1497; x_wconf 76' lang='grc' dir='ltr'><strong><em>ε</em></strong></span> <span class='ocrx_word' id='word_1_72' title='bbox 1008 1453 1121 1526; x_wconf 92' lang='lat' dir='ltr'>quum</span> <span class='ocrx_word' id='word_1_73' title='bbox 1138 1428 1227 1500; x_wconf 92' lang='lat' dir='ltr'>illud</span> <span class='ocrx_word' id='word_1_74' title='bbox 1243 1444 1385 1502; x_wconf 89' lang='lat' dir='ltr'>tantum</span> <span class='ocrx_word' id='word_1_75' title='bbox 1402 1430 1600 1502; x_wconf 91' lang='lat' dir='ltr'>secundum</span> <span class='ocrx_word' id='word_1_76' title='bbox 1617 1453 1771 1526; x_wconf 92' lang='lat' dir='ltr'>corpus,</span> <span class='ocrx_word' id='word_1_77' title='bbox 1791 1426 1862 1498; x_wconf 90' lang='lat' dir='ltr'>hoc</span> <span class='ocrx_word' id='word_1_78' title='bbox 1873 1451 1999 1499; x_wconf 91' lang='lat' dir='ltr'>secun·</span> 
     </span>
     <span class='ocr_line' id='line_1_9' title="bbox 412 1544 1997 1647; baseline 0 -31"><span class='ocrx_word' id='word_1_79' title='bbox 412 1546 500 1618; x_wconf 92' lang='lat' dir='ltr'>dum</span> <span class='ocrx_word' id='word_1_80' title='bbox 523 1550 681 1619; x_wconf 90' lang='lat' dir='ltr'>animam</span> <span class='ocrx_word' id='word_1_81' title='bbox 709 1547 934 1644; x_wconf 88' lang='lat' dir='ltr'>intelligatur.</span> <span class='ocrx_word' id='word_1_82' title='bbox 961 1553 1041 1646; x_wconf 90' lang='lat' dir='ltr'>Ipsa</span> <span class='ocrx_word' id='word_1_83' title='bbox 1064 1574 1209 1647; x_wconf 91' lang='lat' dir='ltr'>quoque</span> <span class='ocrx_word' id='word_1_84' title='bbox 1233 1551 1370 1637; x_wconf 89' lang='lat' dir='ltr'>anima,</span> <span class='ocrx_word' id='word_1_85' title='bbox 1396 1575 1476 1646; x_wconf 89' lang='lat' dir='ltr'>quae</span> <span class='ocrx_word' id='word_1_86' title='bbox 1500 1552 1660 1621; x_wconf 88' lang='lat' dir='ltr'>incarne</span> <span class='ocrx_word' id='word_1_87' title='bbox 1679 1572 1783 1645; x_wconf 89' lang='lat' dir='ltr'>passa</span> <span class='ocrx_word' id='word_1_88' title='bbox 1801 1548 1932 1636; x_wconf 83' lang='lat' dir='ltr'>firerat,</span> <span class='ocrx_word' id='word_1_89' title='bbox 1952 1544 1997 1618; x_wconf 92' lang='lat' dir='ltr'>ad</span> 
     </span>
     <span class='ocr_line' id='line_1_10' title="bbox 413 1665 1998 1764; baseline 0.001 -30"><span class='ocrx_word' id='word_1_90' title='bbox 413 1665 545 1737; x_wconf 79' lang='lat' dir='ltr'>inferos</span> <span class='ocrx_word' id='word_1_91' title='bbox 561 1667 691 1739; x_wconf 89' lang='lat' dir='ltr'>dicitur</span> <span class='ocrx_word' id='word_1_92' title='bbox 708 1667 953 1756; x_wconf 90' lang='lat' dir='ltr'>descendisse;</span> <span class='ocrx_word' id='word_1_93' title='bbox 973 1667 1057 1764; x_wconf 89' lang='lat' dir='ltr'>quia</span> <span class='ocrx_word' id='word_1_94' title='bbox 1074 1668 1250 1764; x_wconf 88' lang='lat' dir='ltr'>passionis</span> <span class='ocrx_word' id='word_1_95' title='bbox 1266 1667 1360 1738; x_wconf 92' lang='lat' dir='ltr'>illius</span> <span class='ocrx_word' id='word_1_96' title='bbox 1378 1667 1575 1738; x_wconf 85' lang='lat' dir='ltr'>efficaciam</span> <span class='ocrx_word' id='word_1_97' title='bbox 1592 1667 1678 1762; x_wconf 90' lang='lat' dir='ltr'>justi</span> <span class='ocrx_word' id='word_1_98' title='bbox 1699 1679 1889 1736; x_wconf 91' lang='lat' dir='ltr'>senserunt</span> <span class='ocrx_word' id='word_1_99' title='bbox 1906 1667 1998 1736; x_wconf 92' lang='lat' dir='ltr'>anti-</span> 
     </span>
     <span class='ocr_line' id='line_1_11' title="bbox 413 1782 2000 1883; baseline -0.001 -28"><span class='ocrx_word' id='word_1_100' title='bbox 413 1787 495 1880; x_wconf 91' lang='lat' dir='ltr'>qui,</span> <span class='ocrx_word' id='word_1_101' title='bbox 518 1809 583 1883; x_wconf 90' lang='lat' dir='ltr'>per</span> <span class='ocrx_word' id='word_1_102' title='bbox 599 1809 679 1857; x_wconf 91' lang='lat' dir='ltr'>eam</span> <span class='ocrx_word' id='word_1_103' title='bbox 696 1810 717 1857; x_wconf 88' lang='lat' dir='ltr'>a</span> <span class='ocrx_word' id='word_1_104' title='bbox 734 1787 849 1882; x_wconf 89' lang='lat' dir='ltr'>poenis</span> <span class='ocrx_word' id='word_1_105' title='bbox 865 1784 1018 1856; x_wconf 90' lang='lat' dir='ltr'>liberati.</span> <span class='ocrx_word' id='word_1_106' title='bbox 1041 1790 1121 1856; x_wconf 91' lang='lat' dir='ltr'>Non</span> <span class='ocrx_word' id='word_1_107' title='bbox 1140 1785 1237 1856; x_wconf 91' lang='lat' dir='ltr'>enim</span> <span class='ocrx_word' id='word_1_108' title='bbox 1256 1786 1394 1874; x_wconf 89' lang='lat' dir='ltr'>anima,</span> <span class='ocrx_word' id='word_1_109' title='bbox 1413 1784 1470 1857; x_wconf 89' lang='lat' dir='ltr'>vel</span> <span class='ocrx_word' id='word_1_110' title='bbox 1492 1783 1800 1882; x_wconf 91' lang='lat' dir='ltr'>spiritusaliquis,</span> <span class='ocrx_word' id='word_1_111' title='bbox 1820 1798 1860 1853; x_wconf 94' lang='lat' dir='ltr'>ut</span> <span class='ocrx_word' id='word_1_112' title='bbox 1876 1782 2000 1854; x_wconf 89' lang='lat' dir='ltr'>beatus</span> 
     </span>
     <span class='ocr_line' id='line_1_12' title="bbox 413 1904 1999 2003; baseline -0.001 -27"><span class='ocrx_word' id='word_1_113' title='bbox 413 1907 578 1977; x_wconf 86' lang='lat' dir='ltr'>meminit</span> <span class='ocrx_word' id='word_1_114' title='bbox 600 1908 833 2002; x_wconf 76' lang='lat' dir='ltr'>Augustinus,</span> <span class='ocrx_word' id='word_1_115' title='bbox 859 1905 940 1977; x_wconf 91' lang='lat' dir='ltr'>loco</span> <span class='ocrx_word' id='word_1_116' title='bbox 959 1920 1137 1994; x_wconf 86' lang='lat' dir='ltr'>movetur,</span> <span class='ocrx_word' id='word_1_117' title='bbox 1160 1906 1224 1977; x_wconf 89' lang='lat' dir='ltr'>sed</span> <span class='ocrx_word' id='word_1_118' title='bbox 1248 1904 1478 1977; x_wconf 83' lang='lat' dir='ltr'>solummodo</span> <span class='ocrx_word' id='word_1_119' title='bbox 1495 1929 1640 2003; x_wconf 90' lang='lat' dir='ltr'>corpus.</span> <span class='ocrx_word' id='word_1_120' title='bbox 1661 1904 1759 1974; x_wconf 92' lang='lat' dir='ltr'>Sicut</span> <span class='ocrx_word' id='word_1_121' title='bbox 1776 1928 1861 1998; x_wconf 91' lang='lat' dir='ltr'>ergo</span> <span class='ocrx_word' id='word_1_122' title='bbox 1885 1907 1999 1992; x_wconf 91' lang='lat' dir='ltr'>Deus,</span> 
     </span>
     <span class='ocr_line' id='line_1_13' title="bbox 412 2023 2002 2123; baseline 0 -27"><span class='ocrx_word' id='word_1_123' title='bbox 412 2027 474 2121; x_wconf 89' lang='lat' dir='ltr'>qui</span> <span class='ocrx_word' id='word_1_124' title='bbox 500 2024 633 2123; x_wconf 89' lang='lat' dir='ltr'>ubique</span> <span class='ocrx_word' id='word_1_125' title='bbox 655 2039 725 2115; x_wconf 85' lang='lat' dir='ltr'>est,</span> <span class='ocrx_word' id='word_1_126' title='bbox 749 2025 968 2096; x_wconf 84' lang='lat' dir='ltr'>descendere</span> <span class='ocrx_word' id='word_1_127' title='bbox 988 2049 1134 2122; x_wconf 89' lang='lat' dir='ltr'>quoque</span> <span class='ocrx_word' id='word_1_128' title='bbox 1151 2024 1281 2095; x_wconf 88' lang='lat' dir='ltr'>dieitur</span> <span class='ocrx_word' id='word_1_129' title='bbox 1303 2024 1502 2096; x_wconf 88' lang='lat' dir='ltr'>secundum</span> <span class='ocrx_word' id='word_1_130' title='bbox 1520 2023 1676 2120; x_wconf 80' lang='lat' dir='ltr'>aliquem</span> <span class='ocrx_word' id='word_1_131' title='bbox 1692 2047 1764 2094; x_wconf 87' lang='lat' dir='ltr'>suae</span> <span class='ocrx_word' id='word_1_132' title='bbox 1782 2023 2002 2119; x_wconf 83' lang='lat' dir='ltr'>operationis</span> 
     </span>
     <span class='ocr_line' id='line_1_14' title="bbox 412 2142 2001 2243; baseline -0.001 -27"><span class='ocrx_word' id='word_1_133' title='bbox 412 2144 596 2233; x_wconf 79' lang='lat' dir='ltr'>ellectum,</span> <span class='ocrx_word' id='word_1_134' title='bbox 616 2147 712 2218; x_wconf 87' lang='lat' dir='ltr'>itaet</span> <span class='ocrx_word' id='word_1_135' title='bbox 727 2146 846 2216; x_wconf 89' lang='lat' dir='ltr'>anima</span> <span class='ocrx_word' id='word_1_136' title='bbox 864 2144 923 2216; x_wconf 91' lang='lat' dir='ltr'>illa</span> <span class='ocrx_word' id='word_1_137' title='bbox 939 2144 1138 2216; x_wconf 91' lang='lat' dir='ltr'>secundum</span> <span class='ocrx_word' id='word_1_138' title='bbox 1156 2144 1352 2218; x_wconf 88' lang='lat' dir='ltr'>efficaciam</span> <span class='ocrx_word' id='word_1_139' title='bbox 1368 2145 1522 2242; x_wconf 85' lang='lat' dir='ltr'>propriae</span> <span class='ocrx_word' id='word_1_140' title='bbox 1539 2142 1732 2243; x_wconf 85' lang='lat' dir='ltr'>passionis,</span> <span class='ocrx_word' id='word_1_141' title='bbox 1754 2166 1865 2241; x_wconf 90' lang='lat' dir='ltr'>quam</span> <span class='ocrx_word' id='word_1_142' title='bbox 1877 2142 2001 2215; x_wconf 89' lang='lat' dir='ltr'>habuit</span> 
     </span>
     <span class='ocr_line' id='line_1_15' title="bbox 412 2263 2000 2368; baseline -0.003 -32"><span class='ocrx_word' id='word_1_143' title='bbox 412 2267 448 2336; x_wconf 92' lang='lat' dir='ltr'>in</span> <span class='ocrx_word' id='word_1_144' title='bbox 471 2266 610 2356; x_wconf 78' lang='lat' dir='ltr'>electiS,</span> <span class='ocrx_word' id='word_1_145' title='bbox 637 2266 862 2338; x_wconf 88' lang='lat' dir='ltr'>descendisse</span> <span class='ocrx_word' id='word_1_146' title='bbox 888 2265 1077 2337; x_wconf 90' lang='lat' dir='ltr'>liberando</span> <span class='ocrx_word' id='word_1_147' title='bbox 1103 2265 1245 2336; x_wconf 90' lang='lat' dir='ltr'>dieitur.</span> <span class='ocrx_word' id='word_1_148' title='bbox 1271 2265 1386 2337; x_wconf 91' lang='lat' dir='ltr'>Solius</span> <span class='ocrx_word' id='word_1_149' title='bbox 1407 2267 1542 2363; x_wconf 88' lang='lat' dir='ltr'>quippe</span> <span class='ocrx_word' id='word_1_150' title='bbox 1566 2265 1693 2368; x_wconf 86' lang='lat' dir='ltr'>animae</span> <span class='ocrx_word' id='word_1_151' title='bbox 1718 2263 1773 2334; x_wconf 88' lang='lat' dir='ltr'>vel</span> <span class='ocrx_word' id='word_1_152' title='bbox 1796 2265 1928 2335; x_wconf 88' lang='lat' dir='ltr'>sentire</span> <span class='ocrx_word' id='word_1_153' title='bbox 1945 2263 2000 2335; x_wconf 82' lang='lat' dir='ltr'>vel</span> 
     </span>
     <span class='ocr_line' id='line_1_16' title="bbox 412 2385 1999 2483; baseline -0.002 -26"><span class='ocrx_word' id='word_1_154' title='bbox 412 2387 488 2483; x_wconf 90' lang='lat' dir='ltr'>pati</span> <span class='ocrx_word' id='word_1_155' title='bbox 504 2401 577 2475; x_wconf 92' lang='lat' dir='ltr'>est,</span> <span class='ocrx_word' id='word_1_156' title='bbox 597 2388 661 2457; x_wconf 89' lang='lat' dir='ltr'>etsi</span> <span class='ocrx_word' id='word_1_157' title='bbox 679 2387 712 2457; x_wconf 89' lang='lat' dir='ltr'>ei</span> <span class='ocrx_word' id='word_1_158' title='bbox 729 2386 800 2457; x_wconf 88' lang='lat' dir='ltr'>boc</span> <span class='ocrx_word' id='word_1_159' title='bbox 817 2410 860 2456; x_wconf 85' lang='lat' dir='ltr'>ex</span> <span class='ocrx_word' id='word_1_160' title='bbox 875 2411 983 2457; x_wconf 88' lang='lat' dir='ltr'>carne</span> <span class='ocrx_word' id='word_1_161' title='bbox 996 2385 1152 2470; x_wconf 91' lang='lat' dir='ltr'>accidat,</span> <span class='ocrx_word' id='word_1_162' title='bbox 1172 2401 1345 2483; x_wconf 90' lang='lat' dir='ltr'>tanquam</span> <span class='ocrx_word' id='word_1_163' title='bbox 1357 2385 1518 2483; x_wconf 93' lang='lat' dir='ltr'>quodam</span> <span class='ocrx_word' id='word_1_164' title='bbox 1535 2385 1659 2456; x_wconf 91' lang='lat' dir='ltr'>talium</span> <span class='ocrx_word' id='word_1_165' title='bbox 1671 2385 1924 2456; x_wconf 88' lang='lat' dir='ltr'>instrumento.</span> <span class='ocrx_word' id='word_1_166' title='bbox 1943 2389 1999 2454; x_wconf 89' lang='lat' dir='ltr'>ln·</span> 
     </span>
     <span class='ocr_line' id='line_1_17' title="bbox 368 2501 1999 2610; baseline 0 -38"><span class='ocrx_word' id='word_1_167' title='bbox 368 2589 379 2610; x_wconf 36' lang='grc' dir='ltr'><strong><em>Ι</em></strong></span> <span class='ocrx_word' id='word_1_168' title='bbox 413 2503 507 2575; x_wconf 82' lang='lat' dir='ltr'>leros</span> <span class='ocrx_word' id='word_1_169' title='bbox 532 2505 652 2602; x_wconf 87' lang='lat' dir='ltr'>itaque</span> <span class='ocrx_word' id='word_1_170' title='bbox 674 2503 766 2592; x_wconf 64' lang='lat' dir='ltr'>dicitv</span> <span class='ocrx_word' id='word_1_171' title='bbox 780 2503 938 2603; x_wconf 89' lang='lat' dir='ltr'>poenales</span> <span class='ocrx_word' id='word_1_172' title='bbox 959 2503 1035 2576; x_wconf 93' lang='lat' dir='ltr'>illas</span> <span class='ocrx_word' id='word_1_173' title='bbox 1061 2503 1244 2593; x_wconf 87' lang='lat' dir='ltr'>tenebras,</span> <span class='ocrx_word' id='word_1_174' title='bbox 1269 2528 1357 2600; x_wconf 93' lang='lat' dir='ltr'>quas</span> <span class='ocrx_word' id='word_1_175' title='bbox 1375 2504 1462 2600; x_wconf 90' lang='lat' dir='ltr'>justi</span> <span class='ocrx_word' id='word_1_176' title='bbox 1483 2504 1592 2575; x_wconf 91' lang='lat' dir='ltr'>etiam</span> <span class='ocrx_word' id='word_1_177' title='bbox 1617 2501 1859 2590; x_wconf 89' lang='lat' dir='ltr'>sustinebant,</span> <span class='ocrx_word' id='word_1_178' title='bbox 1884 2501 1999 2572; x_wconf 87' lang='lat' dir='ltr'>adhuc</span> 
     </span>
     <span class='ocr_line' id='line_1_18' title="bbox 412 2620 1996 2724; baseline -0.004 -27"><span class='ocrx_word' id='word_1_179' title='bbox 412 2641 511 2698; x_wconf 84' lang='lat' dir='ltr'>extra</span> <span class='ocrx_word' id='word_1_180' title='bbox 531 2626 659 2697; x_wconf 70' lang='lat' dir='ltr'>divinae</span> <span class='ocrx_word' id='word_1_181' title='bbox 677 2625 796 2720; x_wconf 84' lang='lat' dir='ltr'>gloriae</span> <span class='ocrx_word' id='word_1_182' title='bbox 813 2640 1048 2724; x_wconf 91' lang='lat' dir='ltr'>conspectum</span> <span class='ocrx_word' id='word_1_183' title='bbox 1060 2625 1263 2713; x_wconf 90' lang='lat' dir='ltr'>constituti,</span> <span class='ocrx_word' id='word_1_184' title='bbox 1283 2625 1329 2696; x_wconf 86' lang='lat' dir='ltr'>ad</span> <span class='ocrx_word' id='word_1_185' title='bbox 1347 2649 1458 2721; x_wconf 89' lang='lat' dir='ltr'>quarn</span> <span class='ocrx_word' id='word_1_186' title='bbox 1473 2625 1558 2696; x_wconf 90' lang='lat' dir='ltr'>totis</span> <span class='ocrx_word' id='word_1_187' title='bbox 1570 2623 1755 2695; x_wconf 89' lang='lat' dir='ltr'>desideriis</span> <span class='ocrx_word' id='word_1_188' title='bbox 1769 2620 1996 2693; x_wconf 85' lang='lat' dir='ltr'>anhelabant.</span> 
     </span>
     <span class='ocr_line' id='line_1_19' title="bbox 412 2745 1997 2845; baseline -0.004 -26"><span class='ocrx_word' id='word_1_189' title='bbox 412 2748 521 2843; x_wconf 89' lang='lat' dir='ltr'>Cujus</span> <span class='ocrx_word' id='word_1_190' title='bbox 539 2748 687 2845; x_wconf 92' lang='lat' dir='ltr'>quidem</span> <span class='ocrx_word' id='word_1_191' title='bbox 705 2747 824 2844; x_wconf 83' lang='lat' dir='ltr'>gloriae</span> <span class='ocrx_word' id='word_1_192' title='bbox 840 2749 932 2819; x_wconf 91' lang='lat' dir='ltr'>visio</span> <span class='ocrx_word' id='word_1_193' title='bbox 951 2772 1091 2819; x_wconf 90' lang='lat' dir='ltr'>summa</span> <span class='ocrx_word' id='word_1_194' title='bbox 1108 2763 1161 2819; x_wconf 88' lang='lat' dir='ltr'>est</span> <span class='ocrx_word' id='word_1_195' title='bbox 1177 2747 1235 2818; x_wconf 86' lang='lat' dir='ltr'>illa</span> <span class='ocrx_word' id='word_1_196' title='bbox 1249 2745 1397 2819; x_wconf 73' lang='lat' dir='ltr'>felicitas</span> <span class='ocrx_word' id='word_1_197' title='bbox 1413 2747 1460 2819; x_wconf 87' lang='lat' dir='ltr'>ab</span> <span class='ocrx_word' id='word_1_198' title='bbox 1477 2747 1577 2818; x_wconf 92' lang='lat' dir='ltr'>omni</span> <span class='ocrx_word' id='word_1_199' title='bbox 1594 2770 1701 2844; x_wconf 89' lang='lat' dir='ltr'>poena</span> <span class='ocrx_word' id='word_1_200' title='bbox 1716 2745 1861 2843; x_wconf 89' lang='lat' dir='ltr'>penitus</span> <span class='ocrx_word' id='word_1_201' title='bbox 1872 2745 1997 2816; x_wconf 90' lang='lat' dir='ltr'>immu-</span> 
     </span>
     <span class='ocr_line' id='line_1_20' title="bbox 411 2862 1997 2965; baseline -0.003 -28"><span class='ocrx_word' id='word_1_202' title='bbox 411 2868 484 2956; x_wconf 92' lang='lat' dir='ltr'>nis,</span> <span class='ocrx_word' id='word_1_203' title='bbox 505 2893 615 2965; x_wconf 92' lang='lat' dir='ltr'>quam</span> <span class='ocrx_word' id='word_1_204' title='bbox 634 2867 767 2940; x_wconf 89' lang='lat' dir='ltr'>latroni</span> <span class='ocrx_word' id='word_1_205' title='bbox 783 2868 961 2938; x_wconf 91' lang='lat' dir='ltr'>Dominus</span> <span class='ocrx_word' id='word_1_206' title='bbox 982 2867 1057 2964; x_wconf 92' lang='lat' dir='ltr'>ipse</span> <span class='ocrx_word' id='word_1_207' title='bbox 1074 2867 1251 2964; x_wconf 87' lang='lat' dir='ltr'>promittit</span> <span class='ocrx_word' id='word_1_208' title='bbox 1268 2865 1411 2938; x_wconf 81' lang='lat' dir='ltr'>dicens&#39;</span> <span class='ocrx_word' id='word_1_209' title='bbox 1430 2895 1438 2935; x_wconf 91' lang='lat'><strong>:</strong></span> <span class='ocrx_word' id='word_1_210' title='bbox 1469 2894 1486 2934; x_wconf 79' lang='lat' dir='ltr'>u</span> <span class='ocrx_word' id='word_1_211' title='bbox 1506 2863 1622 2936; x_wconf 90' lang='lat' dir='ltr'>Hodie</span> <span class='ocrx_word' id='word_1_212' title='bbox 1640 2888 1782 2935; x_wconf 89' lang='lat' dir='ltr'>meeum</span> <span class='ocrx_word' id='word_1_213' title='bbox 1800 2862 1870 2933; x_wconf 91' lang='lat' dir='ltr'>eris</span> <span class='ocrx_word' id='word_1_214' title='bbox 1884 2863 1921 2933; x_wconf 94' lang='lat' dir='ltr'>in</span> <span class='ocrx_word' id='word_1_215' title='bbox 1937 2886 1997 2960; x_wconf 83' lang='lat' dir='ltr'>pa·</span> 
     </span>
     <span class='ocr_line' id='line_1_21' title="bbox 412 2988 582 3092; baseline -0.012 -32"><span class='ocrx_word' id='word_1_216' title='bbox 412 2988 544 3092; x_wconf 88' lang='lat' dir='ltr'>radiso.</span> <span class='ocrx_word' id='word_1_217' title='bbox 565 3020 582 3058; x_wconf 82' lang='lat' dir='ltr'>n</span> 
     </span>
    </p>

    <p class='ocr_par' dir='ltr' id='par_1_4' title="bbox 412 3111 2101 4645">
     <span class='ocr_line' id='line_1_22' title="bbox 463 3111 1996 3205; baseline -0.005 -23"><span class='ocrx_word' id='word_1_218' title='bbox 463 3139 480 3178; x_wconf 83' lang='lat' dir='ltr'>u</span> <span class='ocrx_word' id='word_1_219' title='bbox 500 3112 618 3182; x_wconf 88' lang='lat' dir='ltr'>Tertia</span> <span class='ocrx_word' id='word_1_220' title='bbox 634 3111 693 3183; x_wconf 92' lang='lat' dir='ltr'>die</span> <span class='ocrx_word' id='word_1_221' title='bbox 712 3113 904 3183; x_wconf 88' lang='lat' dir='ltr'>resurrexit</span> <span class='ocrx_word' id='word_1_222' title='bbox 921 3137 942 3184; x_wconf 88' lang='lat' dir='ltr'>a</span> <span class='ocrx_word' id='word_1_223' title='bbox 960 3113 1122 3185; x_wconf 86' lang='lat' dir='ltr'>mortuis.</span> <span class='ocrx_word' id='word_1_224' title='bbox 1147 3137 1165 3176; x_wconf 80' lang='lat' dir='ltr'>n</span> <span class='ocrx_word' id='word_1_225' title='bbox 1186 3117 1262 3184; x_wconf 90' lang='lat' dir='ltr'>Hoc</span> <span class='ocrx_word' id='word_1_226' title='bbox 1280 3126 1352 3202; x_wconf 92' lang='lat' dir='ltr'>est,</span> <span class='ocrx_word' id='word_1_227' title='bbox 1372 3111 1417 3183; x_wconf 91' lang='lat' dir='ltr'>de</span> <span class='ocrx_word' id='word_1_228' title='bbox 1435 3112 1727 3196; x_wconf 87' lang='lat' dir='ltr'>intermortuos,</span> <span class='ocrx_word' id='word_1_229' title='bbox 1747 3123 1921 3205; x_wconf 87' lang='lat' dir='ltr'>tanquam</span> <span class='ocrx_word' id='word_1_230' title='bbox 1938 3130 1996 3175; x_wconf 88' lang='lat' dir='ltr'>ve-</span> 
     </span>
     <span class='ocr_line' id='line_1_23' title="bbox 412 3227 1999 3330; baseline -0.002 -32"><span class='ocrx_word' id='word_1_231' title='bbox 412 3231 539 3301; x_wconf 88' lang='lat' dir='ltr'>raciter</span> <span class='ocrx_word' id='word_1_232' title='bbox 556 3256 709 3329; x_wconf 88' lang='lat' dir='ltr'>corpore</span> <span class='ocrx_word' id='word_1_233' title='bbox 725 3231 915 3304; x_wconf 81' lang='lat' dir='ltr'>defunctus</span> <span class='ocrx_word' id='word_1_234' title='bbox 932 3234 1079 3330; x_wconf 88' lang='lat' dir='ltr'>propria</span> <span class='ocrx_word' id='word_1_235' title='bbox 1095 3232 1297 3322; x_wconf 88' lang='lat' dir='ltr'>voluntate,</span> <span class='ocrx_word' id='word_1_236' title='bbox 1314 3257 1390 3302; x_wconf 93' lang='lat' dir='ltr'>non</span> <span class='ocrx_word' id='word_1_237' title='bbox 1408 3231 1541 3321; x_wconf 89' lang='lat' dir='ltr'>aliena,</span> <span class='ocrx_word' id='word_1_238' title='bbox 1562 3244 1616 3302; x_wconf 90' lang='lat' dir='ltr'>est</span> <span class='ocrx_word' id='word_1_239' title='bbox 1632 3229 1833 3300; x_wconf 88' lang='lat' dir='ltr'>suscitatus.</span> <span class='ocrx_word' id='word_1_240' title='bbox 1854 3227 1950 3297; x_wconf 88' lang='lat' dir='ltr'>Sicut</span> <span class='ocrx_word' id='word_1_241' title='bbox 1966 3239 1999 3296; x_wconf 91' lang='lat' dir='ltr'>et</span> 
     </span>
     <span class='ocr_line' id='line_1_24' title="bbox 412 3344 1998 3450; baseline -0.001 -34"><span class='ocrx_word' id='word_1_242' title='bbox 412 3349 562 3445; x_wconf 91' lang='lat' dir='ltr'>ipsemet</span> <span class='ocrx_word' id='word_1_243' title='bbox 589 3352 678 3422; x_wconf 79' lang='lat' dir='ltr'>ait⁸:</span> <span class='ocrx_word' id='word_1_244' title='bbox 702 3380 719 3419; x_wconf 78' lang='lat' dir='ltr'>u</span> <span class='ocrx_word' id='word_1_245' title='bbox 739 3356 956 3423; x_wconf 88' lang='lat' dir='ltr'>Potestatem</span> <span class='ocrx_word' id='word_1_246' title='bbox 971 3351 1091 3423; x_wconf 90' lang='lat' dir='ltr'>habeo</span> <span class='ocrx_word' id='word_1_247' title='bbox 1107 3352 1269 3450; x_wconf 92' lang='lat' dir='ltr'>ponendi</span> <span class='ocrx_word' id='word_1_248' title='bbox 1294 3354 1451 3424; x_wconf 89' lang='lat' dir='ltr'>animam</span> <span class='ocrx_word' id='word_1_249' title='bbox 1475 3373 1611 3438; x_wconf 91' lang='lat' dir='ltr'>meam,</span> <span class='ocrx_word' id='word_1_250' title='bbox 1638 3365 1673 3420; x_wconf 89' lang='lat' dir='ltr'>et</span> <span class='ocrx_word' id='word_1_251' title='bbox 1690 3351 1821 3420; x_wconf 91' lang='lat' dir='ltr'>iterum</span> <span class='ocrx_word' id='word_1_252' title='bbox 1837 3344 1998 3419; x_wconf 91' lang='lat' dir='ltr'>sumendi</span> 
     </span>
     <span class='ocr_line' id='line_1_25' title="bbox 413 3465 1998 3569; baseline -0.001 -32"><span class='ocrx_word' id='word_1_253' title='bbox 413 3491 504 3538; x_wconf 89' lang='lat' dir='ltr'>eam.</span> <span class='ocrx_word' id='word_1_254' title='bbox 524 3495 541 3532; x_wconf 82' lang='lat' dir='ltr'>n</span> <span class='ocrx_word' id='word_1_255' title='bbox 561 3471 653 3540; x_wconf 92' lang='lat' dir='ltr'>Nota</span> <span class='ocrx_word' id='word_1_256' title='bbox 669 3470 853 3560; x_wconf 91' lang='lat' dir='ltr'>ordinem,</span> <span class='ocrx_word' id='word_1_257' title='bbox 873 3471 973 3568; x_wconf 92' lang='lat' dir='ltr'>quod</span> <span class='ocrx_word' id='word_1_258' title='bbox 991 3473 1200 3569; x_wconf 90' lang='lat' dir='ltr'>priusquam</span> <span class='ocrx_word' id='word_1_259' title='bbox 1218 3473 1387 3560; x_wconf 84' lang='lat' dir='ltr'>surrexit,</span> <span class='ocrx_word' id='word_1_260' title='bbox 1415 3471 1461 3542; x_wconf 90' lang='lat' dir='ltr'>ad</span> <span class='ocrx_word' id='word_1_261' title='bbox 1487 3471 1621 3543; x_wconf 87' lang='lat' dir='ltr'>inferos</span> <span class='ocrx_word' id='word_1_262' title='bbox 1638 3467 1883 3554; x_wconf 89' lang='lat' dir='ltr'>descendens,</span> <span class='ocrx_word' id='word_1_263' title='bbox 1909 3465 1998 3537; x_wconf 90' lang='lat' dir='ltr'>salu-</span> 
     </span>
     <span class='ocr_line' id='line_1_26' title="bbox 413 3585 2000 3687; baseline -0.001 -31"><span class='ocrx_word' id='word_1_264' title='bbox 413 3601 486 3657; x_wconf 91' lang='lat' dir='ltr'>tem</span> <span class='ocrx_word' id='word_1_265' title='bbox 497 3587 873 3678; x_wconf 80' lang='lat' dir='ltr'>nostraeliberationis,</span> <span class='ocrx_word' id='word_1_266' title='bbox 894 3606 1087 3687; x_wconf 89' lang='lat' dir='ltr'>antequam</span> <span class='ocrx_word' id='word_1_267' title='bbox 1101 3590 1249 3686; x_wconf 89' lang='lat' dir='ltr'>gloriam</span> <span class='ocrx_word' id='word_1_268' title='bbox 1267 3616 1337 3662; x_wconf 84' lang='lat' dir='ltr'>suae</span> <span class='ocrx_word' id='word_1_269' title='bbox 1350 3590 1620 3664; x_wconf 89' lang='lat' dir='ltr'>resurrectionis</span> <span class='ocrx_word' id='word_1_270' title='bbox 1637 3604 1691 3662; x_wconf 90' lang='lat' dir='ltr'>est</span> <span class='ocrx_word' id='word_1_271' title='bbox 1707 3603 1876 3686; x_wconf 90' lang='lat' dir='ltr'>operatus</span> <span class='ocrx_word' id='word_1_272' title='bbox 1893 3614 1901 3656; x_wconf 76' lang='grc' dir='ltr'><strong><em>ε</em></strong></span> <span class='ocrx_word' id='word_1_273' title='bbox 1921 3585 2000 3683; x_wconf 90' lang='lat' dir='ltr'>quia</span> 
     </span>
     <span class='ocr_line' id='line_1_27' title="bbox 413 3707 2000 3810; baseline 0 -34"><span class='ocrx_word' id='word_1_274' title='bbox 413 3731 488 3776; x_wconf 91' lang='lat' dir='ltr'>non</span> <span class='ocrx_word' id='word_1_275' title='bbox 506 3720 580 3777; x_wconf 90' lang='lat' dir='ltr'>tam</span> <span class='ocrx_word' id='word_1_276' title='bbox 596 3731 660 3779; x_wconf 89' lang='lat' dir='ltr'>sua</span> <span class='ocrx_word' id='word_1_277' title='bbox 676 3731 786 3805; x_wconf 89' lang='lat' dir='ltr'>quam</span> <span class='ocrx_word' id='word_1_278' title='bbox 807 3724 929 3781; x_wconf 90' lang='lat' dir='ltr'>nostra</span> <span class='ocrx_word' id='word_1_279' title='bbox 945 3711 982 3780; x_wconf 91' lang='lat' dir='ltr'>in</span> <span class='ocrx_word' id='word_1_280' title='bbox 1005 3709 1061 3781; x_wconf 90' lang='lat' dir='ltr'>his</span> <span class='ocrx_word' id='word_1_281' title='bbox 1078 3710 1247 3783; x_wconf 89' lang='lat' dir='ltr'>omnibus</span> <span class='ocrx_word' id='word_1_282' title='bbox 1262 3711 1479 3809; x_wconf 89' lang='lat' dir='ltr'>requirebat.</span> <span class='ocrx_word' id='word_1_283' title='bbox 1501 3715 1581 3810; x_wconf 92' lang='lat' dir='ltr'>Ipso</span> <span class='ocrx_word' id='word_1_284' title='bbox 1606 3713 1726 3806; x_wconf 87' lang='lat' dir='ltr'>itaque</span> <span class='ocrx_word' id='word_1_285' title='bbox 1744 3708 1802 3778; x_wconf 91' lang='lat' dir='ltr'>die</span> <span class='ocrx_word' id='word_1_286' title='bbox 1826 3707 2000 3805; x_wconf 88' lang='lat' dir='ltr'>passionis</span> 
     </span>
     <span class='ocr_line' id='line_1_28' title="bbox 413 3827 2000 3929; baseline 0 -33"><span class='ocrx_word' id='word_1_287' title='bbox 413 3851 497 3913; x_wconf 87' lang='lat' dir='ltr'>suae,</span> <span class='ocrx_word' id='word_1_288' title='bbox 518 3841 710 3924; x_wconf 88' lang='lat' dir='ltr'>antequam</span> <span class='ocrx_word' id='word_1_289' title='bbox 726 3844 941 3925; x_wconf 88' lang='lat' dir='ltr'>resurgeret,</span> <span class='ocrx_word' id='word_1_290' title='bbox 961 3829 1018 3900; x_wconf 82' lang='lat' dir='ltr'>vel</span> <span class='ocrx_word' id='word_1_291' title='bbox 1035 3829 1144 3900; x_wconf 91' lang='lat' dir='ltr'>coelos</span> <span class='ocrx_word' id='word_1_292' title='bbox 1156 3831 1377 3920; x_wconf 86' lang='lat' dir='ltr'>ascenderet,</span> <span class='ocrx_word' id='word_1_293' title='bbox 1391 3845 1466 3903; x_wconf 91' lang='lat' dir='ltr'>tam</span> <span class='ocrx_word' id='word_1_294' title='bbox 1480 3829 1692 3929; x_wconf 82' lang='lat' dir='ltr'>praedictum</span> <span class='ocrx_word' id='word_1_295' title='bbox 1704 3827 1883 3900; x_wconf 87' lang='lat' dir='ltr'>latronem</span> <span class='ocrx_word' id='word_1_296' title='bbox 1896 3849 2000 3924; x_wconf 90' lang='lat' dir='ltr'>quam</span> 
     </span>
     <span class='ocr_line' id='line_1_29' title="bbox 415 3945 2002 4050; baseline -0.001 -32"><span class='ocrx_word' id='word_1_297' title='bbox 415 3948 581 4044; x_wconf 86' lang='lat' dir='ltr'>antiquos</span> <span class='ocrx_word' id='word_1_298' title='bbox 597 3948 693 4020; x_wconf 88' lang='lat' dir='ltr'>viros</span> <span class='ocrx_word' id='word_1_299' title='bbox 710 3950 746 4019; x_wconf 93' lang='lat' dir='ltr'>in</span> <span class='ocrx_word' id='word_1_300' title='bbox 764 3947 970 4046; x_wconf 87' lang='lat' dir='ltr'>paradisum</span> <span class='ocrx_word' id='word_1_301' title='bbox 987 3951 1185 4022; x_wconf 85' lang='lat' dir='ltr'>introduxit</span> <span class='ocrx_word' id='word_1_302' title='bbox 1206 3980 1213 4022; x_wconf 75' lang='grc' dir='ltr'><strong>ε</strong></span> <span class='ocrx_word' id='word_1_303' title='bbox 1235 3954 1320 4050; x_wconf 91' lang='lat' dir='ltr'>quia</span> <span class='ocrx_word' id='word_1_304' title='bbox 1336 3953 1386 4024; x_wconf 91' lang='lat' dir='ltr'>eis</span> <span class='ocrx_word' id='word_1_305' title='bbox 1404 3977 1475 4023; x_wconf 88' lang='lat' dir='ltr'>suae</span> <span class='ocrx_word' id='word_1_306' title='bbox 1496 3951 1692 4022; x_wconf 91' lang='lat' dir='ltr'>divinitatis</span> <span class='ocrx_word' id='word_1_307' title='bbox 1711 3949 1889 4019; x_wconf 87' lang='lat' dir='ltr'>visionem</span> <span class='ocrx_word' id='word_1_308' title='bbox 1909 3945 2002 4018; x_wconf 81' lang='lat' dir='ltr'>exbi-</span> 
     </span>
     <span class='ocr_line' id='line_1_30' title="bbox 415 4068 1997 4172; baseline -0.001 -34"><span class='ocrx_word' id='word_1_309' title='bbox 415 4068 522 4158; x_wconf 91' lang='lat' dir='ltr'>bens,</span> <span class='ocrx_word' id='word_1_310' title='bbox 538 4093 619 4140; x_wconf 90' lang='lat' dir='ltr'>vera</span> <span class='ocrx_word' id='word_1_311' title='bbox 634 4069 965 4165; x_wconf 72' lang='lat' dir='ltr'>jam‘beatitudine,</span> <span class='ocrx_word' id='word_1_312' title='bbox 985 4096 1094 4168; x_wconf 89' lang='lat' dir='ltr'>quam</span> <span class='ocrx_word' id='word_1_313' title='bbox 1110 4071 1318 4170; x_wconf 87' lang='lat' dir='ltr'>paradisum</span> <span class='ocrx_word' id='word_1_314' title='bbox 1328 4075 1537 4163; x_wconf 92' lang='lat' dir='ltr'>nominant,</span> <span class='ocrx_word' id='word_1_315' title='bbox 1552 4072 1690 4144; x_wconf 89' lang='lat' dir='ltr'>animas</span> <span class='ocrx_word' id='word_1_316' title='bbox 1704 4095 1832 4172; x_wconf 87' lang='lat' dir='ltr'>eorum</span> <span class='ocrx_word' id='word_1_317' title='bbox 1850 4069 1997 4140; x_wconf 88' lang='lat' dir='ltr'>satiavit.</span> 
     </span>
     <span class='ocr_line' id='line_1_31' title="bbox 415 4187 2002 4290; baseline -0.001 -31"><span class='ocrx_word' id='word_1_318' title='bbox 415 4193 469 4259; x_wconf 90' lang='lat' dir='ltr'>De</span> <span class='ocrx_word' id='word_1_319' title='bbox 486 4213 556 4286; x_wconf 90' lang='lat' dir='ltr'>qua</span> <span class='ocrx_word' id='word_1_320' title='bbox 573 4189 720 4287; x_wconf 92' lang='lat' dir='ltr'>quidem</span> <span class='ocrx_word' id='word_1_321' title='bbox 737 4191 899 4262; x_wconf 88' lang='lat' dir='ltr'>satietate</span> <span class='ocrx_word' id='word_1_322' title='bbox 919 4191 1097 4289; x_wconf 90' lang='lat' dir='ltr'>propbeta</span> <span class='ocrx_word' id='word_1_323' title='bbox 1114 4191 1288 4265; x_wconf 78' lang='lat' dir='ltr'>dixerat⁸z</span> <span class='ocrx_word' id='word_1_324' title='bbox 1311 4223 1329 4262; x_wconf 81' lang='lat' dir='ltr'>u</span> <span class='ocrx_word' id='word_1_325' title='bbox 1350 4193 1513 4265; x_wconf 90' lang='lat' dir='ltr'>Satiabor</span> <span class='ocrx_word' id='word_1_326' title='bbox 1530 4216 1643 4290; x_wconf 92' lang='lat' dir='ltr'>quum</span> <span class='ocrx_word' id='word_1_327' title='bbox 1665 4190 1871 4289; x_wconf 90' lang='lat' dir='ltr'>apparuerit</span> <span class='ocrx_word' id='word_1_328' title='bbox 1894 4187 2002 4285; x_wconf 87' lang='lat' dir='ltr'>gloria</span> 
     </span>
     <span class='ocr_line' id='line_1_32' title="bbox 416 4290 2001 4412; baseline -0.001 -30"><span class='ocrx_word' id='word_1_329' title='bbox 416 4326 489 4382; x_wconf 90' lang='lat' dir='ltr'>tua.</span> <span class='ocrx_word' id='word_1_330' title='bbox 518 4340 535 4378; x_wconf 81' lang='lat' dir='ltr'>n</span> <span class='ocrx_word' id='word_1_331' title='bbox 558 4290 673 4383; x_wconf 79' lang='lat' dir='ltr'>Extra&#39;</span> <span class='ocrx_word' id='word_1_332' title='bbox 690 4337 800 4409; x_wconf 91' lang='lat' dir='ltr'>quam</span> <span class='ocrx_word' id='word_1_333' title='bbox 826 4311 973 4408; x_wconf 92' lang='lat' dir='ltr'>quidem</span> <span class='ocrx_word' id='word_1_334' title='bbox 999 4313 1176 4385; x_wconf 90' lang='lat' dir='ltr'>visionem</span> <span class='ocrx_word' id='word_1_335' title='bbox 1200 4313 1318 4410; x_wconf 72' lang='lat' dir='ltr'>gloriae</span> <span class='ocrx_word' id='word_1_336' title='bbox 1344 4313 1521 4412; x_wconf 92' lang='lat' dir='ltr'>quidquid</span> <span class='ocrx_word' id='word_1_337' title='bbox 1546 4328 1617 4402; x_wconf 91' lang='lat' dir='ltr'>est,</span> <span class='ocrx_word' id='word_1_338' title='bbox 1637 4312 1712 4408; x_wconf 89' lang='lat' dir='ltr'>ejus</span> <span class='ocrx_word' id='word_1_339' title='bbox 1733 4310 2001 4408; x_wconf 88' lang='lat' dir='ltr'>comparatione</span> 
     </span>
     <span class='ocr_line' id='line_1_33' title="bbox 417 4427 2101 4530; baseline -0.001 -32"><span class='ocrx_word' id='word_1_340' title='bbox 417 4427 612 4500; x_wconf 91' lang='lat' dir='ltr'>dicendum</span> <span class='ocrx_word' id='word_1_341' title='bbox 634 4443 686 4500; x_wconf 88' lang='lat' dir='ltr'>est</span> <span class='ocrx_word' id='word_1_342' title='bbox 703 4429 883 4502; x_wconf 72' lang='lat' dir='ltr'>tenebrae:</span> <span class='ocrx_word' id='word_1_343' title='bbox 904 4455 971 4502; x_wconf 90' lang='lat' dir='ltr'>nec</span> <span class='ocrx_word' id='word_1_344' title='bbox 993 4445 1045 4503; x_wconf 90' lang='lat' dir='ltr'>est</span> <span class='ocrx_word' id='word_1_345' title='bbox 1072 4457 1219 4528; x_wconf 90' lang='lat' dir='ltr'>prorsus</span> <span class='ocrx_word' id='word_1_346' title='bbox 1236 4431 1391 4505; x_wconf 89' lang='lat' dir='ltr'>alienum</span> <span class='ocrx_word' id='word_1_347' title='bbox 1417 4457 1438 4504; x_wconf 88' lang='lat' dir='ltr'>a</span> <span class='ocrx_word' id='word_1_348' title='bbox 1463 4456 1587 4530; x_wconf 90' lang='lat' dir='ltr'>poena,</span> <span class='ocrx_word' id='word_1_349' title='bbox 1615 4431 1917 4528; x_wconf 88' lang='lat' dir='ltr'>quantacunque&#39;</span> <span class='ocrx_word' id='word_1_350' title='bbox 1935 4427 2001 4498; x_wconf 88' lang='lat' dir='ltr'>sint</span> <span class='ocrx_word' id='word_1_351' title='bbox 2099 4479 2101 4486; x_wconf 72' lang='lat'><em>·</em></span> 
     </span>
     <span class='ocr_line' id='line_1_34' title="bbox 419 4547 733 4645; baseline 0.01 -27"><span class='ocrx_word' id='word_1_352' title='bbox 419 4547 547 4645; x_wconf 92' lang='lat' dir='ltr'>quietis</span> <span class='ocrx_word' id='word_1_353' title='bbox 563 4548 733 4621; x_wconf 89' lang='lat' dir='ltr'>remedia.</span> 
     </span>
    </p>

    <p class='ocr_par' dir='ltr' id='par_1_5' title="bbox 419 4667 2002 4892">
     <span class='ocr_line' id='line_1_35' title="bbox 470 4667 2001 4770; baseline -0.001 -36"><span class='ocrx_word' id='word_1_354' title='bbox 470 4695 488 4735; x_wconf 81' lang='grc' dir='ltr'>α</span> <span class='ocrx_word' id='word_1_355' title='bbox 499 4667 666 4739; x_wconf 79' lang='lat' dir='ltr'>Ascendit</span> <span class='ocrx_word' id='word_1_356' title='bbox 682 4667 729 4740; x_wconf 95' lang='lat' dir='ltr'>ad</span> <span class='ocrx_word' id='word_1_357' title='bbox 745 4669 891 4742; x_wconf 78' lang='lat' dir='ltr'>coelos.»</span> <span class='ocrx_word' id='word_1_358' title='bbox 904 4671 1001 4742; x_wconf 92' lang='lat' dir='ltr'>Sicut</span> <span class='ocrx_word' id='word_1_359' title='bbox 1013 4695 1166 4770; x_wconf 88' lang='lat' dir='ltr'>corpore</span> <span class='ocrx_word' id='word_1_360' title='bbox 1177 4673 1328 4744; x_wconf 88' lang='lat' dir='ltr'>surrexit</span> <span class='ocrx_word' id='word_1_361' title='bbox 1339 4671 1384 4743; x_wconf 94' lang='lat' dir='ltr'>de</span> <span class='ocrx_word' id='word_1_362' title='bbox 1398 4672 1577 4770; x_wconf 90' lang='lat' dir='ltr'>sepulcro,</span> <span class='ocrx_word' id='word_1_363' title='bbox 1596 4670 1645 4741; x_wconf 91' lang='lat' dir='ltr'>ita</span> <span class='ocrx_word' id='word_1_364' title='bbox 1661 4682 1697 4740; x_wconf 88' lang='lat' dir='ltr'>et</span> <span class='ocrx_word' id='word_1_365' title='bbox 1712 4691 1867 4764; x_wconf 88' lang='lat' dir='ltr'>corpore</span> <span class='ocrx_word' id='word_1_366' title='bbox 1882 4687 2001 4738; x_wconf 90' lang='lat' dir='ltr'>ascen·</span> 
     </span>
     <span class='ocr_line' id='line_1_36' title="bbox 419 4786 2002 4892; baseline -0.002 -33"><span class='ocrx_word' id='word_1_367' title='bbox 419 4789 471 4860; x_wconf 93' lang='lat' dir='ltr'>dit</span> <span class='ocrx_word' id='word_1_368' title='bbox 487 4790 534 4861; x_wconf 90' lang='lat' dir='ltr'>ad</span> <span class='ocrx_word' id='word_1_369' title='bbox 554 4790 679 4880; x_wconf 88' lang='lat' dir='ltr'>coelos,</span> <span class='ocrx_word' id='word_1_370' title='bbox 699 4805 735 4862; x_wconf 91' lang='lat' dir='ltr'>et</span> <span class='ocrx_word' id='word_1_371' title='bbox 756 4805 948 4890; x_wconf 90' lang='lat' dir='ltr'>utrumque</span> <span class='ocrx_word' id='word_1_372' title='bbox 971 4793 1007 4863; x_wconf 94' lang='lat' dir='ltr'>in</span> <span class='ocrx_word' id='word_1_373' title='bbox 1030 4792 1176 4892; x_wconf 85' lang='lat' dir='ltr'>propria</span> <span class='ocrx_word' id='word_1_374' title='bbox 1190 4807 1384 4892; x_wconf 89' lang='lat' dir='ltr'>potestate,</span> <span class='ocrx_word' id='word_1_375' title='bbox 1404 4811 1534 4868; x_wconf 91' lang='lat' dir='ltr'>utnon</span> <span class='ocrx_word' id='word_1_376' title='bbox 1552 4807 1684 4866; x_wconf 88' lang='lat' dir='ltr'>tractus</span> <span class='ocrx_word' id='word_1_377' title='bbox 1701 4814 1795 4879; x_wconf 90' lang='lat' dir='ltr'>esse,</span> <span class='ocrx_word' id='word_1_378' title='bbox 1814 4788 1879 4860; x_wconf 91' lang='lat' dir='ltr'>sed</span> <span class='ocrx_word' id='word_1_379' title='bbox 1894 4786 2002 4882; x_wconf 91' lang='lat' dir='ltr'>magis</span> 
     </span>
    </p>
   </div>
   <div class='ocr_carea' id='block_1_3' title="bbox 420 5061 2000 5246">
    <p class='ocr_par' dir='ltr' id='par_1_6' title="bbox 420 5061 2000 5246">
     <span class='ocr_line' id='line_1_37' title="bbox 455 5061 2000 5168; baseline -0.002 -25"><span class='ocrx_word' id='word_1_380' title='bbox 455 5095 463 5122; x_wconf 79' lang='lat'><strong>⁴</strong></span> <span class='ocrx_word' id='word_1_381' title='bbox 482 5093 696 5159; x_wconf 79' lang='lat' dir='ltr'>Sap.,eap.n,v.</span> <span class='ocrx_word' id='word_1_382' title='bbox 708 5093 810 5145; x_wconf 53' lang='lat' dir='ltr'>loa-¹</span> <span class='ocrx_word' id='word_1_383' title='bbox 823 5061 1083 5166; x_wconf 74' lang='lat' dir='ltr'>Luc.,ea1i.xxm,&#39;r.</span> <span class='ocrx_word' id='word_1_384' title='bbox 1096 5098 1137 5152; x_wconf 79' lang='grc'>43.</span> <span class='ocrx_word' id='word_1_385' title='bbox 1149 5100 1437 5168; x_wconf 83' lang='lat' dir='ltr'>-·⁸Joan.,cap.x,r.</span> <span class='ocrx_word' id='word_1_386' title='bbox 1452 5101 1489 5151; x_wconf 81' lang='lat' dir='ltr'>ta.</span> <span class='ocrx_word' id='word_1_387' title='bbox 1503 5126 1530 5138; x_wconf 90' lang='lat'><em>-</em></span> <span class='ocrx_word' id='word_1_388' title='bbox 1545 5097 1654 5150; x_wconf 75' lang='lat' dir='ltr'>‘Psalm</span> <span class='ocrx_word' id='word_1_389' title='bbox 1666 5111 1758 5158; x_wconf 60' lang='grc' dir='ltr'>ηιμ.</span> <span class='ocrx_word' id='word_1_390' title='bbox 1778 5087 2000 5143; x_wconf 78' lang='lat' dir='ltr'>rs.-⁸stccod.</span> 
     </span>
     <span class='ocr_line' id='line_1_38' title="bbox 420 5180 875 5246; baseline 0.009 -14"><span class='ocrx_word' id='word_1_391' title='bbox 420 5181 482 5234; x_wconf 77' lang='lat' dir='ltr'>vict.</span> <span class='ocrx_word' id='word_1_392' title='bbox 499 5180 583 5231; x_wconf 55' lang='lat' dir='ltr'>³97oe</span> <span class='ocrx_word' id='word_1_393' title='bbox 598 5181 793 5246; x_wconf 69' lang='lat' dir='ltr'>Quandocumque</span> <span class='ocrx_word' id='word_1_394' title='bbox 804 5182 875 5236; x_wconf 75' lang='lat' dir='ltr'>Amb.</span> 
     </span>
    </p>
   </div>
   <div class='ocr_carea' id='block_1_4' title="bbox 0 0 2280 6100">
    <p class='ocr_par' dir='ltr' id='par_1_7' title="bbox 0 0 2280 6100">
     <span class='ocr_line' id='line_1_39' title="bbox 0 0 2280 6100; baseline 0 0"><span class='ocrx_word' id='word_1_395' title='bbox 0 0 2280 6100; x_wconf 95' lang='lat' dir='ltr'> </span> 
     </span>
    </p>
   </div>
  </div>
 </body>
</html>
