4588 6106
905 651 1141 724 arrsrotAE.
1754 652 1823 726 toa

240 796 404 893 majores
422 794 586 867 mundo?
602 822 619 861 a
647 795 750 866 Nunc
768 817 853 866 voro
871 794 956 892 quia
975 793 1037 866 ubi
1055 793 1212 866 construi
1234 794 1447 866 monasteria
1471 795 1639 868 convenit
1655 793 1821 868 disserui-

242 941 345 989 mus:
369 915 484 1014 qualis
500 930 536 988 et
552 915 629 1014 ipsa
645 913 715 986 loci
731 915 862 1013 positio
880 938 956 986 esse
974 912 1103 986 debeat
1121 912 1365 986 ostendamus.
1388 913 1457 1012 lpsi
1474 928 1593 987 autem
1616 916 1821 987 monasterii

241 1037 322 1110 loco
339 1034 613 1125 constituendo,
631 1033 723 1105 sicut
747 1057 892 1131 quoque
905 1032 1031 1105 beatus
1059 1032 1238 1107 consuluit
1257 1032 1510 1123 Benedictus¹,
1538 1034 1587 1105 ita
1614 1031 1737 1104 silleri
1757 1058 1822 1132 po-

240 1171 308 1229 test
323 1153 588 1254 providendum
606 1166 678 1242 est,
699 1167 740 1225 ut
756 1154 849 1225 intra
866 1153 1073 1225 monasterii
1098 1167 1197 1250 septa
1224 1154 1474 1225 contineantur
1493 1153 1552 1226 illa
1572 1155 1725 1226 maxime
1744 1178 1823 1251 quae

241 1276 463 1348 monasteriis
480 1289 564 1346 sunt
582 1274 797 1362 necessaria,
819 1272 855 1344 id
872 1287 927 1345 est
938 1272 1085 1362 hortus,
1112 1296 1223 1370 aqua,
1247 1272 1518 1362 molendinum,
1534 1275 1721 1372 pistrinum
1739 1302 1821 1349 cum

241 1397 367 1487 furno,
400 1411 435 1468 et
454 1395 534 1468 loca
556 1394 687 1491 quibus
708 1392 916 1491 quotidiana
937 1417 1078 1466 sorores
1104 1408 1290 1466 exerceant
1319 1417 1449 1492 opera,
1480 1417 1526 1464 ne
1553 1394 1646 1466 foras
1671 1397 1822 1493 vagandi

240 1515 345 1590 detur
362 1515 516 1588 occasio.

289 1637 388 1709 Sicut
404 1636 441 1707 in
460 1634 583 1706 castris
605 1633 733 1724 seculi,
753 1634 802 1706 ita
819 1649 855 1706 et
871 1635 908 1704 in
929 1635 1050 1706 castris
1070 1634 1236 1722 Domini,
1265 1634 1373 1707 idest
1395 1637 1728 1734 congregationibus
1747 1663 1822 1711 mo·
1945 1708 1950 1716 .

242 1757 383 1828 nauticis
399 1753 639 1827 constituendi
660 1767 763 1845 sunt,
784 1755 846 1851 qui
872 1755 1016 1852 praesint
1033 1756 1178 1827 caeteris.
1203 1753 1255 1827 lbi
1280 1755 1414 1853 quippe
1432 1756 1627 1853 imperator
1643 1781 1755 1846 unus,
1777 1759 1823 1830 ad

241 1877 341 1973 cujus
368 1890 495 1947 nutum
522 1873 643 1946 omnia
668 1887 856 1971 gerantur,
891 1889 1017 1970 praest
1049 1873 1229 1946 omnibus.
1259 1875 1329 1962 Qui
1356 1875 1465 1948 etiam
1499 1901 1566 1974 pro
1597 1877 1823 1950 multitudine

243 1995 414 2066 exercitus
429 1993 485 2065 vel
500 1992 703 2065 diversitate
714 1990 915 2064 officiorum
927 2017 992 2064 sua
1003 1993 1186 2066 nonnullis
1202 1994 1409 2092 impertiens
1425 2018 1554 2085 onera,
1571 1995 1747 2093 quosdam
1759 1995 1831 2069 sub'

243 2139 281 2187 se
296 2111 442 2186 adhibet
459 2113 703 2211 magistratus,
725 2113 788 2210 qui
805 2112 952 2185 diversis
975 2111 1166 2185 bominum
1193 2113 1342 2184 catervis
1367 2127 1428 2184 aut
1448 2112 1575 2220 officiis
1597 2114 1821 2214 provideant.

239 2238 296 2310 Sic
315 2251 351 2306 et
363 2235 401 2306 in
420 2234 643 2306 monasteriis
663 2231 740 2305 fieri
759 2257 906 2305 necesse
923 2246 996 2322 est,
1028 2246 1067 2305 ut
1084 2233 1134 2304 ibi
1154 2255 1223 2304 una
1245 2231 1413 2305 omnibus
1436 2235 1554 2332 presit
1576 2249 1758 2325 matrona,
1780 2236 1826 2309 ad

239 2357 338 2453 cujus
365 2353 687 2428 considerationem
709 2367 818 2451 atque
835 2351 1021 2425 arbitrium
1047 2377 1174 2426 omncs
1198 2352 1342 2451 reliquae
1367 2353 1490 2424 omnia
1513 2369 1726 2452 operentur,
1759 2382 1825 2428 nec

242 2476 310 2550 ulla
327 2476 360 2547 ei
375 2476 412 2546 in
429 2474 549 2572 aliquo
564 2487 754 2573 prasumat
772 2472 965 2562 obsistere,
988 2472 1044 2544 vel
1063 2473 1169 2546 etiam
1187 2473 1234 2544 ad
1251 2472 1398 2571 aliquod
1411 2473 1488 2568 ejus
1499 2489 1716 2573 praeceptum
1730 2502 1826 2549 mur-

241 2622 393 2668 murare.
415 2593 518 2684 Nulla
536 2593 669 2692 quippe
686 2592 876 2666 bominum
895 2593 1124 2691 congregatio
1152 2592 1208 2666 vel
1230 2592 1544 2691 quantulacunque
1569 2593 1698 2667 domus
1721 2598 1829 2668 unius

240 2716 369 2789 familia
387 2716 580 2787 consistere
597 2728 716 2811 potest
737 2712 951 2804 incolumis,
976 2714 1042 2785 nisi
1061 2714 1176 2784 unitas
1196 2713 1232 2784 in
1254 2737 1298 2785 ca
1315 2727 1547 2785 conservetur
1569 2741 1576 2783 :
1604 2729 1642 2786 ut
1663 2715 1826 2789 videlicet

241 2851 356 2908 totum
374 2837 449 2932 ejus
471 2859 620 2932 regnum
637 2836 674 2905 in
694 2834 800 2906 unius
818 2857 979 2932 personae
997 2833 1221 2931 magisterio¹
1238 2833 1418 2905 consistat.
1439 2831 1543 2904 Unde
1558 2849 1593 2906 et
1606 2859 1686 2906 arca
1701 2851 1823 2936 typum

241 2955 404 3029 Ecclesiae
427 2979 552 3052 gerens
575 2976 689 3050 quum
707 2952 840 3025 multos
859 2967 932 3023 tam
953 2953 989 3024 in
1015 2952 1124 3048 longo
1145 2975 1254 3048 quam
1281 2952 1319 3022 in
1346 2950 1419 3022 lato
1437 2949 1577 3024 cubitos
1592 2951 1762 3045 haberet,
1790 2956 1837 3027 in-

241 3099 316 3148 uno
340 3087 585 3147 consummata
603 3087 668 3144 est.
700 3075 742 3143 Et
760 3073 797 3144 in
817 3069 1016 3144 Proverbiis
1034 3071 1206 3169 scriptum
1227 3074 1303 3142 est⁸
1328 3097 1335 3140 :
1361 3102 1378 3138 n
1396 3074 1545 3170 Propter
1562 3087 1707 3171 peccata
1727 3089 1827 3146 terrae

242 3196 344 3268 multi
373 3195 550 3294 principes
580 3192 702 3288 ejus.»
734 3190 838 3263 Unde
864 3191 971 3263 etiam
999 3190 1197 3264 Alexandro
1230 3205 1391 3280 mortu0,
1425 3189 1665 3290 multiplicatis
1686 3192 1828 3291 regibus

243 3315 332 3387 mala
351 3338 496 3413 quoque
514 3311 744 3410 multiplicata
761 3324 856 3402 sunt,
877 3326 914 3383 et
934 3314 1048 3382 Roma
1064 3311 1226 3410 pluribus
1246 3313 1510 3396 communicata
1531 3313 1729 3387 rectoribus
1742 3340 1828 3386 con·

245 3434 402 3507 cordiam
418 3448 540 3506 tenere
561 3455 635 3505 non
653 3433 781 3532 potuit.
800 3430 905 3503 Unde
925 3435 1088 3502 Lucanus
1108 3430 1146 3500 in
1166 3430 1284 3528 primo
1303 3431 1354 3502 sio
1373 3431 1577 3504 meminit‘:

539 3673 944 3693 .............
967 3578 1011 3688 lu
1025 3643 1116 3694 causa
1129 3625 1280 3688 malornm

538 3732 629 3792 Facta
642 3727 739 3792 tribus
751 3727 886 3790 dominis
900 3727 1073 3790 communis
1089 3729 1203 3806 Roma,
1219 3745 1275 3790 nec
1290 3747 1422 3812 unquam

539 3837 573 3895 ln
587 3831 706 3895 turbam
722 3831 807 3894 missi
823 3828 928 3893 feralia
942 3827 1057 3891 foedera
1070 3829 1167 3912 regni.

244 4047 284 4113 Et
302 4056 382 4141 post
400 4063 511 4140 pauca
529 4065 537 4106 ι

539 4273 710 4288 ......
735 4225 813 4286 Dum
829 4231 908 4286 terra
922 4221 1054 4298 fretum,
1069 4229 1241 4304 terramque
1253 4219 1366 4284 levabit

541 4332 616 4406 Aer,
632 4338 664 4392 et
676 4327 761 4410 longi
775 4327 899 4390 volvent
911 4327 1017 4390 Titana
1029 4325 1167 4405 labores,

537 4435 666 4514 Noxque
680 4431 761 4494 diem
776 4429 855 4492 coelo
869 4427 995 4492 totidem
1010 4447 1066 4512 per
1082 4429 1169 4510 signa
1183 4436 1328 4511 sequetur
1343 4455 1350 4502 ς

541 4535 629 4598 Nulla
642 4533 719 4597 tides
731 4534 816 4614 regni
831 4532 941 4606 sociis,
957 4533 1118 4613 omnisque
1132 4541 1270 4614 potestas

539 4637 706 4720 Impatiens
719 4633 873 4698 consortis
886 4633 944 4696 erit
947 4679 1286 4695 ...........

239 4834 336 4908 Tales
355 4834 518 4933 proiecto
538 4849 574 4906 et
590 4831 641 4903 illi
661 4845 762 4904 erant
775 4827 941 4928 discipuli
959 4829 1070 4900 sancti
1082 4826 1267 4897 Frontonii
1280 4823 1461 4915 abbatis⁸,
1484 4846 1576 4920 quos
1595 4823 1726 4923 ipsein
1744 4823 1828 4934 civi-

241 4967 331 5045 tate,
361 4956 488 5052 inqua
510 4967 613 5025 natus
634 4967 708 5042 est,
738 4975 852 5047 quum
873 4973 987 5045 usque
1006 4947 1050 5018 ad
1069 4946 1289 5045 septuaginta
1319 4957 1586 5042 congregasset,
1608 4957 1644 5016 et
1665 4967 1829 5040 magnam

271 5209 278 5234 ¹
297 5208 384 5274 llegnl.
400 5207 426 5258 S.
439 5207 543 5264 bened,
556 5221 609 5272 cap.
624 5221 688 5256 sarr.
701 5231 727 5240 -
741 5202 751 5230 ¹
766 5203 896 5254 lltatstera’o
908 5203 927 5252 B
939 5212 963 5253 et
972 5201 1021 5252 tts.
1039 5199 1110 5252 Amb.
1119 5199 1171 5239 -¹
1182 5199 1268 5258 Pron,
1279 5213 1336 5262 cap.
1347 5211 1437 5260 xxrru,
1448 5210 1471 5245 r.
1484 5197 1509 5244 2.
1521 5221 1552 5232 -
1563 5195 1573 5222 ⁴
1584 5196 1712 5256 Pharroa,
1725 5196 1750 5256 l,
1763 5211 1786 5245 r.
1798 5197 1828 5243 st

241 5305 265 5344 et
277 5312 315 5362 sq.
326 5325 355 5334 -·
370 5296 419 5345 'ln
436 5297 494 5346 Vtar
505 5295 607 5345 Petram
618 5332 624 5352 ,
635 5290 679 5343 lib.
692 5291 701 5341 l
714 5329 721 5352 ,
734 5307 760 5357 p.
774 5292 831 5340 239.
