4522 6102
532 609 659 680 PETlll
685 613 917 684 tumulum
943 613 999 684 ΕΤ
1022 613 1247 687 HELOlSSAE
1270 616 1506 688 Ettstottt..
1756 621 1825 695 tot

249 751 409 822 animum
437 751 547 846 magis
572 750 714 823 videtur
737 754 984 824 necessarium.
1013 758 1148 827 Omnes
1172 758 1291 853 itaque
1314 782 1380 829 nos
1401 757 1530 830 Christi
1548 758 1704 848 ancillae,
1731 762 1823 832 etin

249 870 387 941 Christo
405 867 484 940 liliae
502 883 588 960 tuae,
609 869 683 942 duo
705 895 802 946 nunc
820 895 840 942 a
858 886 919 944 tua
932 874 1141 970 paternitate
1158 875 1334 973 supplices
1355 875 1597 974 postulamus,
1620 903 1699 975 quae
1719 865 1823 952 nobis

251 987 446 1060 admodum
464 989 659 1059 necessaria
670 989 910 1087 providemus.
928 994 1092 1077 Quorum
1105 993 1249 1089 quidem
1263 993 1413 1066 alterum
1431 1011 1500 1083 est,
1518 1010 1558 1067 ut
1570 1021 1637 1068 nos
1650 998 1824 1070 instruere

251 1105 334 1178 velis
348 1105 443 1178 unde
456 1106 776 1178 sanctimonialium
797 1107 891 1180 ordo,
908 1113 1070 1208 coeperit,
1093 1127 1129 1183 et
1146 1137 1224 1208 quae
1243 1127 1372 1184 nostrae
1393 1114 1438 1184 sit
1451 1115 1680 1210 professionis
1701 1131 1823 1188 aucto·

251 1227 342 1299 ritas.
361 1223 517 1296 Alterum
530 1250 616 1297 vero
631 1240 703 1312 est,
720 1241 757 1298 ut
771 1227 926 1323 aliquam
941 1228 1044 1301 nobis
1058 1230 1214 1326 regulam
1236 1232 1413 1314 instituas,
1435 1245 1471 1302 et
1485 1233 1652 1331 scriptam
1670 1233 1822 1330 dirigas,

250 1367 327 1439 quae
340 1343 550 1416 laminarum
563 1345 606 1415 sit
617 1347 781 1442 propria,
795 1359 830 1417 et
844 1371 887 1418 ert
900 1348 1037 1444 integro
1052 1363 1180 1420 nostrae
1190 1349 1489 1422 conversationis¹
1508 1364 1637 1422 statum
1649 1351 1826 1424 hahitum-

250 1487 319 1560 que
336 1462 537 1535 describat:
559 1464 659 1560 quod
670 1459 835 1537 nondum
852 1490 874 1536 a
887 1466 1047 1538 Patribus
1066 1469 1194 1540 sanctis
1211 1483 1329 1540 aetum
1348 1493 1424 1540 esse
1438 1471 1698 1567 conspeximus.
1717 1472 1825 1568 Cujus

250 1583 395 1679 quidem
408 1585 459 1654 rei
472 1582 611 1655 defectu
625 1598 662 1656 et
676 1585 870 1682 indigentia
885 1611 981 1660 nunc
995 1588 1126 1683 agitur,
1144 1603 1183 1660 ut
1196 1589 1242 1660 ad
1255 1588 1415 1684 ejusdem
1429 1589 1557 1686 regulae
1569 1590 1825 1688 professionem

251 1718 322 1774 tam
340 1727 455 1774 mares
473 1727 581 1800 quam
600 1704 738 1776 feminae
755 1706 791 1776 in
811 1707 1033 1779 monasteriis
1050 1709 1304 1805 suscipiantur,
1328 1723 1362 1780 et
1382 1708 1478 1780 idem
1499 1710 1728 1782 institutionis
1743 1735 1828 1784 mo-

252 1821 389 1894 nasticae
404 1821 528 1918 jugum
545 1823 740 1920 imponitur
757 1823 899 1896 infirmo
918 1826 1016 1896 serui
1036 1851 1135 1923 aeque
1154 1843 1193 1898 ut
1210 1827 1302 1899 lorti.
1322 1831 1437 1900 Unam
1453 1829 1587 1926 quippe
1606 1852 1702 1899 nunc
1721 1853 1829 1925 regu·-

253 1939 322 2010 lam
344 1941 440 2012 Beati
460 1939 640 2012 Benedicti
657 1940 755 2038 apud
775 1943 919 2014 Latinos
939 1942 1076 2016 leminae
1094 1943 1307 2041 profitentur
1325 1969 1424 2042 aeque
1443 1959 1482 2016 ut
1498 1946 1576 2016 viri.
1599 1950 1717 2032 Quam
1741 1949 1830 2018 sicut

252 2060 334 2130 viris
348 2058 576 2130 solummodo
594 2074 733 2132 constat
749 2063 915 2158 scriptam
930 2087 1026 2151 esse,
1047 2064 1095 2136 ita
1116 2079 1150 2136 et
1164 2063 1210 2135 ab
1223 2065 1307 2162 ipsis
1320 2078 1459 2137 tantum
1473 2065 1611 2163 impleri
1629 2091 1735 2163 posse
1757 2082 1828 2138 tam

251 2175 415 2272 subjectis
427 2177 578 2274 pariter¹
593 2201 703 2274 quam
714 2178 876 2276 prelatis.
899 2185 943 2250 Ut
957 2182 1054 2253 enim
1066 2196 1192 2254 caetera
1210 2205 1306 2254 nunc
1324 2183 1488 2254 omittam
1504 2183 1633 2280 regulae
1651 2186 1804 2282 capitula
1817 2241 1826 2275 ,

252 2295 337 2392 quid
348 2295 395 2366 ad
408 2294 556 2371 feminas
570 2295 670 2392 quod
683 2296 729 2368 de
743 2296 908 2386 cucullis,
930 2296 1175 2390 femoralibus,
1190 2315 1225 2372 et
1238 2299 1480 2398 scapularibus
1492 2301 1541 2374 ibi
1554 2304 1724 2400 scriptum
1739 2306 1829 2376 esu?

252 2414 346 2501 Quid
370 2414 525 2511 denique
545 2415 592 2488 ad
613 2417 704 2513 ipsas
725 2414 771 2488 de
799 2417 926 2488 tunicis
947 2433 1007 2490 aut
1028 2418 1073 2490 de
1094 2418 1205 2492 laneis
1226 2419 1273 2490 ad
1293 2445 1439 2492 carnem
1456 2421 1692 2510 indumentis,
1718 2447 1831 2519 quum

253 2559 373 2606 earum
386 2534 547 2607 humoris
565 2537 734 2633 superflui
753 2552 942 2612 menstruae
956 2540 1182 2638 purgationes
1200 2538 1276 2610 haec
1289 2541 1438 2612 omnino
1457 2541 1654 2638 refugiant?
1672 2543 1767 2630 Quid
1786 2544 1830 2614 ad

252 2655 349 2751 ipsas
357 2656 482 2742 etiam,
505 2655 604 2751 quod
623 2655 670 2728 de
685 2655 813 2729 abbate
826 2659 990 2732 statuitur
1002 2663 1030 2746 ⁸,
1054 2674 1093 2731 ut
1106 2661 1181 2756 ipse
1198 2659 1389 2730 lectionem
1404 2658 1499 2732 dicat
1516 2661 1775 2758 evangelicam,
1797 2679 1832 2736 et

252 2788 333 2869 post
353 2774 467 2871 ipsam
488 2773 663 2869 hymnum
689 2775 856 2872 incipiat?
879 2775 974 2862 Quid
997 2776 1186 2850 demensa
1209 2775 1344 2850 abbatis
1366 2779 1513 2850 seorsim
1533 2804 1616 2850 cum
1639 2781 1832 2877 peregrinis

252 2907 287 2964 et
303 2891 499 2990 hospitibus
516 2893 807 2966 constituendae
823 2896 992 2991 Nunquid
1005 2910 1135 2970 nostrae
1148 2898 1315 2970 convenit
1329 2897 1509 2994 religioni,
1528 2897 1633 2968 utvel
1647 2923 1831 2994 nunquam

252 3013 444 3111 hospitium
458 3014 541 3085 viris
555 3013 752 3111 praebeatur
761 3016 787 3104 ⁸,
812 3031 873 3086 aut
883 3040 966 3088 cum
979 3015 1035 3088 his
1047 3040 1139 3112 quos
1153 3017 1346 3114 susceperit
1356 3018 1442 3088 viris
1452 3016 1628 3090 abbatissa
1639 3020 1830 3091 comedat?

252 3137 284 3202 Ο
297 3157 405 3229 quam
419 3132 527 3205 facilis
541 3134 585 3205 ad
601 3134 743 3207 ruinam
756 3135 956 3209 animarum
971 3137 1130 3206 virorum
1148 3159 1190 3206 ac
1204 3135 1394 3208 mulierum
1411 3138 1447 3207 in
1462 3161 1576 3212 unum
1589 3136 1823 3210 cohabitatio!

251 3253 401 3323 Maxime
415 3277 500 3324 vero
523 3253 558 3324 in
579 3277 721 3342 mensa,
743 3252 803 3324 ubi
823 3253 967 3351 crapula
986 3253 1191 3326 dominatur
1213 3270 1249 3326 et
1270 3255 1439 3345 ebrietas,
1459 3271 1494 3328 et
1511 3256 1693 3346 vinumin
1713 3256 1831 3328 dulce-

252 3371 335 3443 dine
358 3370 507 3461 bibitur,
537 3373 573 3442 in
596 3397 670 3468 quo
692 3388 745 3444 est
763 3371 913 3446 luxuria.
940 3373 1048 3459 Quod
1075 3389 1110 3446 et
1132 3373 1257 3448 beatus
1280 3398 1482 3471 precavens
1504 3375 1762 3472 Hieronymus,
1785 3377 1829 3448 ad

253 3503 402 3560 matrem
424 3505 457 3561 et
474 3489 582 3562 filiam
603 3489 760 3564 scribens
779 3492 941 3564 meminit
963 3491 1116 3563 dicens*
1146 3520 1153 3564 ι
1191 3520 1209 3560 u
1223 3491 1374 3565 Difficile
1402 3494 1493 3564 inter
1520 3492 1643 3592 epulas
1670 3509 1830 3564 servatur

252 3607 432 3704 pudicitia.
454 3637 473 3674 ιι
501 3613 579 3705 lpse
603 3633 748 3705 quoque
768 3623 875 3706 poeta
893 3608 1038 3684 luxuriae
1060 3610 1359 3708 turpitudinisque
1378 3610 1508 3682 doctor
1525 3611 1617 3685 libro
1636 3614 1831 3712 Amatoria

252 3730 353 3798 Artis
373 3727 547 3798 intitulato
570 3741 739 3822 quantam
754 3728 996 3800 fornicationis
1017 3730 1265 3806 occasionem⁸
1287 3731 1450 3804 convivia
1475 3731 1627 3806 maxime
1653 3729 1832 3830 praebeant

252 3846 409 3920 studiose
422 3849 627 3945 exequitur,
646 3849 815 3921 dicens⁹:
846 3841 847 3847 ¹
976 3847 985 3865 '

593 4023 726 4105 Vinaque
740 4042 834 4105 quum
848 4021 966 4086 bibulas
980 4023 1117 4106 s'parsere
1130 4025 1289 4106 Cupidinis
1302 4026 1384 4099 alas,

633 4127 807 4203 Permanet,
822 4133 853 4189 et
866 4135 968 4208 coepto
982 4135 1042 4189 stat
1055 4126 1157 4208 gravis
1170 4126 1219 4188 ille
1231 4126 1353 4190 loco...

592 4230 678 4289 ‘lunc
691 4230 816 4292 veniunt
830 4230 927 4306 risus,
944 4239 1016 4292 tunc
1031 4249 1145 4313 pauper
1158 4249 1272 4292 cornua
1286 4231 1399 4305 sumit,

632 4331 716 4392 Tunc
729 4327 818 4392 dulor
831 4339 863 4392 et
875 4349 971 4408 curae,
986 4350 1123 4413 rugaque
1135 4331 1244 4394 frontis
1256 4331 1369 4392 abit...

590 4427 655 4490 tllic
667 4446 748 4510 saepe
762 4429 882 4492 animos
892 4429 1039 4512 juvenum
1053 4449 1181 4512 rapuere
1193 4429 1317 4512 pelte,

629 4531 667 4592 tt
679 4533 780 4592 Venus
792 4532 824 4593 in
840 4531 942 4608 venis,
957 4532 1038 4612 ignis
1051 4532 1083 4593 in
1097 4532 1169 4612 igne
1181 4531 1252 4595 furit
1262 4531 1289 4592 ¹⁰.

244 4705 281 4772 N
286 4700 424 4798 unquid
444 4709 479 4771 et
499 4701 528 4770 si
553 4700 701 4772 lerninas
718 4701 811 4774 solas
831 4702 986 4802 hospitio
1002 4717 1182 4800 susceptas
1201 4703 1246 4776 ad
1270 4727 1429 4814 mensam
1451 4703 1672 4792 admiserint,
1696 4704 1831 4776 nullum

1524 4893 1531 4920 l

286 4939 297 4964 ⁴
319 4937 481 4990 Conuersione
491 4939 510 4990 C
519 4949 544 4990 ot
555 4937 604 4990 ldS.
616 4939 688 4990 hmb.
697 4966 715 4978 -
725 4943 884 5005 Pmsesriom'a
895 4940 945 4992 llS.
956 4941 1027 4994 Anah.
1062 4941 1159 5008 'Epist
1174 4959 1281 5007 ιιιιιι,
1297 4945 1357 5007 opp.
1378 4953 1397 4993 t.
1416 4942 1457 5003 lv,
1471 4960 1498 5009 p.
1513 4945 1569 4994 732.
1580 4943 1634 4981 -'
1650 4947 1713 5005 Quot
1727 4947 1839 5016 tempora!

238 5047 283 5058 -
296 5019 310 5045 ¹
325 5019 415 5072 Pariter
441 5031 508 5086 patet
533 5022 624 5072 BC.-
641 5022 651 5049 ³
668 5021 759 5088 Regula
780 5025 861 5076 Sancti
887 5025 1027 5085 Benedicti.
1061 5025 1345 5088 impunitetr'en'tcaeivr'oe
1354 5026 1834 5090 pererrantis-’oritarum

238 5117 314 5170 cap.
328 5103 417 5153 ar.-⁸
428 5104 519 5170 Regula
531 5105 613 5156 Sancti
624 5103 762 5167 benedicti,
774 5123 830 5172 cap.
843 5126 876 5158 n.
889 5137 905 5146 -
917 5109 927 5135 ³
938 5109 1029 5175 Regula
1061 5113 1177 5170 muudi,
1192 5110 1236 5162 lib.
1250 5111 1272 5174 l,
1284 5127 1308 5160 ι.
1319 5113 1367 5161 233
1379 5121 1404 5162 ct
1414 5127 1495 5176 stp-
1510 5110 1531 5138 ¹⁰
1543 5114 1597 5164 Fuit
1612 5112 1679 5164 ABG.

235 5188 341 5239 Sancti
351 5187 488 5244 benedieti.
500 5205 555 5256 cap.
568 5205 651 5239 ιιι·
660 5188 670 5216 ⁸
679 5190 721 5240 Sic
733 5190 761 5240 l).
771 5216 787 5228 -
797 5193 910 5242 Prtebeat
923 5191 985 5242 tad.
1004 5220 1028 5230 --
