4536 6102
614 602 679 672 on·
697 601 865 674 smero
890 599 1061 672 rosana
1085 597 1295 672 esrrrsm
1319 595 1480 668 sanun.
1769 598 1841 670 aar

263 739 342 812 vitae
358 739 467 836 ipsius
483 739 661 837 conjugali
676 755 751 812 tarn
767 753 948 812 rectorum
964 762 1074 836 quam
1084 737 1348 810 continentium
1360 735 1513 830 dignitas
1525 758 1596 831 prae
1607 732 1720 806 oculis
1735 737 1840 832 poni·

262 873 333 948 tur,
347 873 388 930 ut
403 883 528 930 eorum
545 859 677 930 scilicet
692 858 961 955 comparatione
980 881 1018 926 se
1034 870 1238 954 compescat
1254 854 1300 926 ab
1317 854 1483 926 elatione.
1504 857 1548 923 Et
1563 853 1648 951 quia
1662 868 1737 925 tam
1752 879 1841 928 con·

263 978 419 1052 tinentiae
435 1002 544 1076 quam
561 977 782 1050 abstinentiae
795 975 906 1046 virtus
915 976 1101 1072 praeminet
1111 976 1147 1045 in
1161 973 1366 1062 monachis,
1385 973 1452 1044 sub
1465 973 1590 1069 onagri
1604 974 1721 1070 specie
1737 973 1843 1072 hujus

262 1097 495 1196 praerogativa
520 1094 733 1167 describitur
759 1095 852 1166 vitae.
881 1097 1023 1190 Onager
1053 1094 1187 1192 quippe
1214 1117 1291 1164 non
1319 1091 1558 1182 domesticus,
1585 1092 1649 1162 sed
1676 1093 1843 1168 silvestris

263 1218 382 1290 asinam
399 1215 541 1288 dicitur.
561 1216 628 1284 Hic
643 1230 745 1288 tanto
761 1214 907 1287 libarius
923 1217 961 1286 in
982 1213 1175 1286 solitudine
1194 1228 1443 1304 conversatur,
1462 1229 1598 1310 qumrto
1615 1218 1842 1298 acommise·

263 1338 400 1410 ratione
420 1335 611 1406 hominum
633 1336 746 1430 magis
762 1349 921 1408 remotus
942 1359 1010 1406 nec
1032 1357 1141 1406 onere
1164 1332 1349 1429 gravatur,
1373 1357 1440 1404 nec
1464 1333 1615 1406 vinculis
1644 1351 1841 1426 coercetur,

263 1455 353 1526 sicut
367 1478 387 1526 e
404 1467 530 1524 contra
545 1452 763 1524 domesticus
778 1454 928 1526 sustinet
945 1453 1077 1524 asinus.
1098 1451 1203 1524 Unde
1219 1453 1347 1523 merito
1364 1450 1448 1522 huic
1466 1451 1539 1523 vita
1555 1453 1841 1548 conjugatorum,

263 1576 353 1648 sicut
376 1572 427 1644 illi
449 1573 714 1646 continentium
733 1589 975 1671 comparatur.
1001 1573 1110 1661 Quod
1126 1575 1224 1644 enim
1243 1571 1428 1644 vinculum
1446 1572 1560 1669 majus
1577 1597 1687 1669 quam
1708 1574 1845 1672 copulae

263 1690 477 1788 conjugalis?
489 1693 576 1778 Quae
588 1693 730 1788 gravior
740 1695 903 1784 servitus,
919 1717 1029 1790 quam
1040 1707 1080 1764 ut
1091 1692 1203 1764 homo
1219 1692 1357 1790 proprii
1372 1691 1533 1788 corporis
1546 1706 1759 1790 potestatem
1768 1711 1844 1766 non·

263 1813 414 1886 habeat?
431 1816 518 1899 Qrae
539 1791 697 1910 denique
717 1813 790 1885 vita
806 1815 1007 1903 onerosior,
1027 1837 1137 1911 quam
1159 1813 1332 1886 molestiis
1355 1812 1574 1911 quotidianae
1597 1813 1844 1886 sollicitudinis

263 1948 336 2004 tam
352 1957 419 2030 pro
436 1957 546 2002 uuore
562 1955 673 2029 quam
693 1956 760 2030 pro
777 1931 858 2005 filiis
872 1934 1044 2004 cruciari?
1061 1939 1129 2004 Aut
1144 1958 1223 2031 quae
1236 1934 1310 2005 vita
1324 1933 1460 2030 pigrior
1475 1932 1522 2004 ad
1539 1931 1751 2030 obsequium
1763 1935 1842 2023 Dei,

263 2077 372 2150 quam
387 2053 462 2148 ejus
481 2053 543 2150 qui
560 2067 616 2124 tot
631 2052 862 2126 affectionum
874 2053 1025 2125 vinculis
1043 2052 1182 2126 mundo
1203 2052 1330 2148 ligatus
1346 2053 1572 2148 astringitur?
1595 2052 1698 2122 Unde
1714 2077 1782 2124 nec
1798 2051 1844 2124 ab

262 2171 367 2266 hujus
386 2172 465 2244 vitae
481 2173 750 2269 comparatione
765 2175 856 2271 pigri
862 2175 1017 2270 jumenti
1026 2173 1175 2246 tarditas
1184 2173 1343 2244 dissidet.
1357 2172 1526 2245 Monachi
1535 2197 1622 2244 vero
1632 2186 1733 2244 tauto
1745 2197 1846 2271 expe·

263 2291 408 2362 ditiores
426 2290 483 2363 vel
502 2294 744 2392 promptiores
764 2293 812 2366 ad
826 2293 991 2366 divinum
1013 2292 1106 2364 fiunt
1127 2293 1359 2390 obsequium,
1381 2307 1519 2389 quanto
1540 2292 1693 2390 amplius
1708 2293 1847 2366 saecula·

262 2413 356 2482 rium
381 2411 617 2486 affectionum
641 2413 792 2486 vinculis
817 2414 992 2502 absoluti,
1020 2413 1262 2512 omnibusque
1286 2414 1533 2486 renuntiantes
1553 2412 1600 2484 ab
1629 2412 1708 2503 illa,
1736 2438 1846 2512 quam
1908 2439 1910 2444 ’

263 2531 432 2621 diximus,
451 2533 620 2604 servitute
636 2531 778 2630 longius
794 2533 991 2620 absistunt,
1010 2547 1046 2604 et
1058 2532 1243 2604 liberiores
1259 2529 1362 2602 liunt.

311 2655 364 2724 De
380 2675 451 2748 qua
462 2677 559 2722 nmac
574 2651 738 2725 libertate
751 2655 928 2725 Dominus
944 2653 990 2726 ad
1006 2651 1074 2724 lob
1090 2651 1270 2749 loquitur:
1285 2681 1303 2721 n
1319 2651 1407 2738 Quis
1422 2651 1556 2722 dimisit
1572 2674 1747 2746 onagrum
1763 2651 1848 2725 libe·

262 2762 495 2832 rumludcsi
509 2762 666 2834 diceret:
680 2764 781 2852 Quis,
797 2764 864 2835 nisi
881 2789 962 2860 ego,
973 2764 1067 2834 hanc
1078 2763 1280 2835 libertatem
1295 2763 1406 2860 quieti
1423 2763 1628 2834 monasticae
1644 2763 1754 2852 dedit,
1768 2789 1847 2860 quae

262 2877 369 2976 longe
384 2883 572 2978 praeminet
584 2881 634 2952 illi
651 2897 719 2954 tuae
731 2883 910 2978 conjugali
923 2883 1104 2954 servituti?
1115 2885 1286 2978 Magnum
1299 2882 1423 2978 utique
1439 2880 1511 2952 hoc
1528 2896 1633 2952 tantae
1647 2883 1766 2978 gratiae
1779 2882 1846 2956 do·

264 3022 373 3086 num,
389 3013 429 3068 ut
440 2999 673 3097 inspiratione
687 2998 723 3071 ei
737 3001 868 3072 virtute
877 2998 1175 3072 divinahomines
1188 2999 1226 3070 in
1239 2997 1440 3072 carnalibus
1449 2997 1746 3097 concupiscentiis
1756 3004 1844 3092 nati,

265 3131 301 3186 et
322 3117 359 3188 iu
379 3117 605 3190 secunihus
626 3117 802 3190 illecebris
823 3118 982 3207 educati,
1006 3132 1134 3190 contra
1155 3117 1213 3188 vel
1236 3142 1345 3216 supra
1359 3116 1527 3189 humanm
1544 3133 1680 3190 naturae
1694 3120 1845 3190 infirmi·

264 3247 372 3304 tatem
390 3236 440 3306 ita
456 3236 493 3306 in
513 3259 619 3306 carne
637 3237 777 3326 vivant,
798 3251 838 3308 ut
853 3237 940 3308 vitia
956 3237 1073 3310 carnis
1088 3237 1265 3326 nesciant,
1284 3250 1320 3306 et
1334 3235 1567 3308 humanitatis
1589 3235 1691 3307 obliti
1716 3240 1847 3316 virtute

263 3348 352 3423 fiant
371 3352 533 3448 angelici.
557 3381 575 3420 n
591 3357 635 3424 Et
653 3354 796 3425 vincula
812 3355 887 3450 ejus
904 3355 984 3452 quis
1000 3353 1128 3427 solvit?
1140 3382 1158 3421 u
1177 3357 1255 3425 Hoc
1271 3368 1324 3425 est
1341 3352 1547 3426 affectiones
1563 3355 1697 3444 caruis,
1716 3357 1846 3454 quibus

263 3473 474 3546 natrualiter
499 3473 601 3572 quasi
623 3473 840 3572 quibusdam
857 3475 1009 3547 vinculis
1031 3475 1171 3549 mundo
1192 3473 1320 3572 ligatus
1341 3489 1437 3563 erat,
1458 3474 1537 3571 quis
1560 3475 1713 3573 dirupit?
1731 3482 1847 3566 Quam

263 3615 421 3689 congrue
437 3609 558 3664 autem
567 3595 680 3666 vitam
691 3596 967 3684 continentium,
987 3620 1078 3693 quae,
1097 3609 1138 3666 ut
1152 3594 1291 3666 dictum
1306 3609 1372 3684 est,
1391 3595 1429 3665 in
1445 3593 1633 3667 monacbis
1648 3597 1845 3692 praeminet,

264 3737 399 3808 onager
414 3713 593 3809 designet,
612 3713 671 3786 illa
691 3716 766 3810 ejus
783 3730 912 3788 natura
927 3715 1080 3804 iudicat,
1099 3740 1209 3811 qnam
1225 3714 1403 3805 Isidorus,
1420 3729 1456 3786 et
1474 3715 1598 3812 quide
1619 3717 1756 3788 naturis
1771 3719 1848 3789 ani·

265 3833 414 3906 malium
430 3835 670 3932 scripserunt,
685 3835 856 3908 referunt.
881 3835 951 3923 Qui
973 3835 1071 3906 euim
1087 3858 1204 3906 mares
1224 3849 1308 3906 sunt
1332 3836 1370 3906 in
1399 3835 1562 3930 onagris,
1580 3833 1672 3907 filios
1696 3862 1780 3908 suos
1794 3861 1850 3910 ca·

264 3965 376 4024 strare
389 3951 571 4024 dicuntur.
584 3952 693 4039 Quod
703 3952 852 4050 quidem
860 3977 906 4024 ne
917 3949 992 4040 stat,
1004 3965 1148 4042 matres,
1162 3965 1340 4049 quantum
1350 3966 1514 4049 possunt,
1526 3976 1588 4024 eos
1598 3953 1777 4026 occultare
1793 3956 1849 4027 ni·

265 4084 403 4142 tuntur.
421 4074 536 4144 Mares
553 4087 675 4144 autem
696 4073 733 4143 in
752 4073 913 4168 onagris,
932 4071 1041 4143 sortes
1056 4071 1093 4142 in
1111 4071 1297 4170 proposito
1314 4095 1380 4144 suo
1402 4086 1486 4141 sunt
1500 4071 1692 4162 monachi,
1711 4075 1774 4170 qui
1788 4099 1850 4146 eos

265 4187 513 4285 quibusquam
528 4187 609 4260 filiis
624 4205 804 4288 praesunt,
823 4190 880 4262 vel
895 4214 987 4287 quos
1002 4191 1040 4260 in
1059 4213 1163 4262 suam
1178 4190 1494 4286 congregationem
1509 4189 1724 4286 suscipiunt,
1744 4191 1849 4288 spiri·

266 4308 383 4380 taliter
400 4308 592 4383 castrando
608 4310 646 4381 in
669 4335 734 4382 sua
756 4312 979 4384 continentia
1003 4325 1159 4384 servant.
1180 4309 1311 4398 Quales
1334 4309 1480 4408 quidem
1500 4309 1705 4400 eunuchos,
1730 4311 1850 4407 quise

267 4426 432 4500 videlicet
453 4443 600 4527 propter
618 4455 770 4526 regnum
792 4432 966 4522 coelorum
982 4446 1247 4532 castraverunt,
1268 4446 1344 4503 tam
1363 4431 1469 4504 lsaias
1488 4455 1598 4528 quam
1622 4431 1699 4528 ipsa
1713 4432 1850 4506 Veritas

266 4547 462 4646 plurimum
477 4551 736 4626 commender.
749 4543 858 4639 Quod
872 4569 992 4626 autem
1002 4553 1048 4626 de
1058 4552 1258 4642 monachis,
1270 4553 1308 4624 id
1320 4567 1373 4626 est
1384 4552 1561 4642 solitariis,
1571 4551 1648 4623 baec
1659 4551 1705 4623 de
1714 4575 1850 4648 onagro

268 4665 450 4740 dictasint
473 4669 722 4767 intelligenda,
740 4686 904 4769 patenter
921 4674 1095 4762 insinuat,
1113 4671 1237 4744 dicens
1256 4699 1265 4742 ε
1289 4701 1306 4742 n
1325 4672 1392 4744 Cui
1412 4671 1496 4744 dedi
1513 4672 1552 4742 in
1571 4669 1764 4742 solitudine
1786 4668 1851 4742 do·

269 4807 382 4873 mum,
401 4812 418 4852 n
438 4785 509 4859 hoc
525 4803 581 4860 est
594 4814 615 4862 a
631 4789 786 4862 tumultu
796 4791 914 4864 saeculi
923 4791 971 4863 ad
986 4805 1162 4864 secretum
1178 4790 1316 4862 heremi
1326 4789 1431 4880 traxi,
1449 4805 1490 4861 ut
1505 4788 1555 4861 ibi
1567 4789 1701 4861 scilicet
1713 4801 1850 4885 quanto

271 4904 423 5000 quietius
438 4906 636 5000 habitaret,
658 4925 760 4984 tanto
778 4913 969 5010 perfectius
982 4913 1071 4986 milri
1087 4927 1242 4988 vacaret.
1264 4939 1280 4980 n
1301 4916 1346 4982 Et
1357 4909 1588 4986 tabernacula
1603 4909 1678 5006 ejus
1698 4909 1736 4982 in
1756 4924 1851 4984 terra

306 5181 314 5207 ‘
330 5179 459 5250 laaiucap.
473 5201 523 5248 arr,
538 5201 563 5238 v.
578 5187 737 5250 t.-ttnu.,
750 5203 807 5254 cap.
820 5204 864 5240 ιιι
874 5227 881 5250 ,
893 5205 916 5240 r.
932 5191 972 5239 12.
