4496 6102
425 542 497 614 438
1027 532 1154 604 PETRI
1182 531 1418 606 AuAEtaunt

423 704 524 752 mum
540 668 863 771 diem'azymorum
882 669 1103 770 intelligunt,
1123 698 1236 771 quum
1255 673 1396 762 dicunt,
1416 693 1518 740 «1111
1533 670 1571 770 11
1590 668 1648 742 die
1662 667 1791 740 sesto.»
1805 673 1905 740 'lunc
1920 670 2016 742 enim

381 871 385 878 .
425 827 552 875 omnes
569 799 701 899 pariter
724 795 922 869 seeundum
945 791 1060 891 legem
1083 794 1129 866 ab
1150 794 1318 895 operibus
1337 807 1503 866 vacantes
1521 791 1725 889 congregati
1740 792 1779 862 in
1795 792 1949 884 civitate,
1968 792 1985 861 1
2002 831 2017 849 -

424 922 524 992 cilius
538 916 730 990 tumultum
747 913 986 986 credebantur
1006 914 1167 987 excitare.
1186 914 1294 1002 Quod
1317 938 1403 986 vero
1423 912 1607 985 Matthaeus
1626 912 1698 984 ait:
1717 941 1736 980 u
1752 917 1851 984 Tunc
1869 935 2019 1009 congre·

425 1040 494 1137 gati
517 1051 621 1127 suut,
643 1050 710 1108 etc.
727 1063 745 1102 11
776 1032 867 1106 lllud
886 1063 904 1101 11
922 1049 1026 1122 1111,
1046 1061 1065 1102 u
1092 1033 1319 1106 referendum
1342 1048 1395 1106 est
1419 1031 1466 1104 ad
1490 1031 1695 1131 praedictam
1717 1031 1839 1104 feriam
1856 1034 2015 1120 tertiam,

424 1157 571 1254 quando
590 1157 638 1227 ait
657 1155 859 1226 Dominus:
879 1153 1035 1244 «Scitis,
1056 1155 1140 1251 quia
1163 1168 1245 1252 post
1266 1153 1439 1242 biduum,
1466 1167 1569 1224 etc.»

473 1276 571 1366 Quid
585 1290 704 1348 autem
717 1277 792 1374 ipse
804 1274 981 1345 Dominus
994 1287 1118 1372 postea
1130 1275 1240 1370 egerit
1252 1274 1290 1344 iu
1303 1271 1361 1345 illa
1376 1274 1478 1346 tertia
1491 1273 1562 1361 die,
1577 1271 1633 1344 vel
1645 1273 1682 1342 in
1694 1286 1821 1370 quarta
1833 1285 2017 1368 sequente,

425 1421 500 1469 non
518 1397 684 1496 exprimit
702 1395 883 1492 Scriptura
909 1392 1105 1465 manifeste.
1123 1361 1310 1465 Credirirus
1328 1408 1448 1466 eutem
1467 1409 1505 1466 ut
1524 1393 1597 1464 hoc
1619 1393 1808 1466 definitum
1830 1389 2020 1463 consilium

426 1519 634 1591 ludaeorum-
649 1519 815 1607 evitaret,
837 1540 905 1587 nec
923 1517 973 1588 eis
993 1515 1195 1588 facultatem
1214 1517 1426 1616 peragendae
1442 1491 1582 1588 militiae
1600 1515 1774 1615 preberet
1785 1571 1795 1604 ,
1816 1529 1899 1586 aute
1925 1513 2020 1586 (11111

427 1640 627 1712 traditionis
640 1639 713 1710 sive
725 1638 900 1736 passionis
914 1638 990 1733 ejus
1003 1661 1212 1734 congruam.
1230 1637 1339 1724 Quod
1353 1663 1437 1710 vero
1451 1637 1824 1734 11111111111111111111
1839 1665 1847 1706 :
1867 1667 1884 1704 u
1901 1641 2020 1723 Quum

426 1778 547 1835 autem
563 1777 655 1834 esset
672 1766 772 1832 Jesus
788 1761 825 1832 iu
844 1759 1013 1832 Bethania
1032 1761 1069 1832 11
1082 1759 1194 1831 domo
1208 1761 1363 1832 Simonis
1377 1761 1528 1859 leprosi,
1547 1789 1565 1829 11
1583 1777 1630 1850 11,
1649 1774 1690 1832 11
1701 1761 1912 1849 Marcus-ait,
1933 1789 1952 1827 a
1964 1759 2023 1832 ibi·

430 1917 446 1952 «
462 1885 566 1958 dem¹
584 1881 826 1973 recumberet,
842 1911 859 1949 n
881 1883 1029 1954 accessit
1051 1881 1097 1952 ad
1118 1905 1201 1953 eum
1221 1881 1348 1954 mulier
1366 1882 1503 1954 habens
1521 1881 1755 1972 alabastrum,
1776 1896 1844 1953 etc.
1866 1910 1884 1950 11
1906 1886 2023 1954 lucer·

428 2018 505 2075 tum
523 2017 577 2074 est
594 2017 714 2074 utrum
731 2001 802 2072 hoc
819 2001 921 2073 heret
938 2002 974 2072 in
995 2000 1168 2099 praedicta,
1181 2000 1239 2073 die
1259 2003 1378 2092 tertia,
1400 2026 1445 2073 11
1461 2003 1498 2074 11
1513 2017 1640 2100 111111
1654 2015 1836 2097 sequente.
1854 2001 2022 2072 Nonnulli

430 2139 547 2196 tamen
571 2121 665 2194 istud
683 2121 892 2194 recumbere
909 2122 946 2192 11
966 2121 1077 2192 domo
1099 2105 1275 2211 Sirnouis,
1295 2137 1425 2220 putant
1450 2121 1546 2193 illam
1567 2121 1673 2192 fuisse
1697 2111 1855 2210 coenam,
1883 2121 2024 2218 deque

427 2249 583 2315 loannes
595 2243 687 2314 alti:
709 2269 728 2310 u
740 2242 833 2330 Quia
846 2255 1002 2312 antesex
1019 2240 1094 2312 dies
1115 2240 1255 2312 Paschae
1269 2242 1366 2312 venit
1378 2247 1477 2314 lesus
1489 2216 1716 2330 bethaniam,
1731 2241 1892 2314 fecerunt
1905 2256 2024 2312 autem
2085 2264 2089 2273 ·

428 2365 461 2435 ei
482 2387 622 2435 1111111
645 2361 711 2452 ibi,
739 2377 776 2433 et
797 2361 936 2433 Martha
953 2359 1196 2450 ministrabat,
1225 2377 1292 2434 etc.
1306 2391 1324 2430 »
1342 2367 1385 2434 lit
1403 2362 1550 2460 quidem
1568 2361 1639 2452 illi,
1659 2365 1721 2461 qui
1745 2361 1840 2434 hano
1857 2385 2021 2448 coenam,

428 2509 539 2580 quam
550 2481 735 2555 Matthaeus
751 2497 786 2554 et
796 2487 936 2554 Marcus
946 2497 1249 2573 commemorant,
1260 2483 1358 2554 illam
1373 2483 1537 2556 eamdem
1551 2509 1628 2556 esse
1642 2483 1780 2575 volunt,
1797 2507 1905 2581 quam
1921 2487 2026 2554 loan-

428 2629 492 2676 nes
509 2617 591 2676 ante
610 2628 670 2674 sex
681 2602 758 2674 dies
772 2603 914 2674 Paschae
934 2603 1061 2673 lectam
1076 2603 1218 2693 asserit,
1240 2601 1365 2676 dicunt
1383 2629 1572 2677 nunceam
1586 2625 1815 2702 nequaquam
1827 2603 2026 2676 secundum

429 2723 594 2795 ordinem
612 2723 665 2794 rei
688 2736 793 2818 gestae
819 2720 865 2792 ab
885 2721 1108 2817 evangelistis
1128 2723 1283 2815 narrari,
1309 2723 1373 2795 sed
1398 2739 1567 2822 tanquam
1589 2723 1675 2796 inde
1697 2724 1796 2823 prius
1824 2723 1954 2796 1111111
1981 2723 2025 2796 ad
2088 2723 2090 2726 ’

430 2844 641 2915 memoriam
668 2841 816 2932 reduci,
850 2857 888 2914 ut
913 2841 1077 2914 videlicet
1106 2843 1298 2916 innuerent
1323 2844 1408 2915 inde
1436 2844 1566 2917 1111111
1594 2845 1819 2917 occasionem
1848 2847 2027 2943 accepisse

430 2962 608 3036 vendendi
622 2963 843 3052 Dominum,
864 2964 966 3060 quasi
984 2963 1055 3035 hoc
1072 2965 1189 3062 pretio
1211 2963 1300 3035 illud
1318 2989 1423 3035 suum
1442 2964 1617 3036 damnum
1631 2977 1857 3037 restauraret.
1878 2970 1921 3036 tt
1942 2987 2025 3036 vero
2075 2989 2076 2992 ’

339 3117 340 3122 “
429 3075 463 3154 si
476 3083 662 3180 diligenter
679 3083 774 3156 hanc
796 3097 831 3157 et
850 3081 946 3154 illam
964 3107 1104 3154 curnam
1124 3083 1191 3155 sibi
1212 3085 1458 3176 conseramus,
1478 3084 1678 3158 videbimus
1696 3087 1780 3184 quia
1798 3109 2026 3182 1111111111

429 3203 580 3276 decebat
592 3204 630 3275 in
649 3203 792 3275 alterius
806 3201 936 3293 domo,
948 3203 1009 3274 *vel
1028 3203 1073 3275 de
1091 3195 1221 3282 alienis¹
1233 3205 1435 3304 sumptibus
1448 3208 1607 3279 Domino
1621 3208 1834 3280 ministrare.
1854 3210 2027 3278 Praeterea

429 3331 586 3398 loannes
601 3323 652 3395 ibi
663 3325 812 3396 Mariam
824 3347 899 3395 non
921 3323 1028 3396 refert
1045 3324 1112 3396 nisi
1132 3325 1240 3423 pedes
1261 3331 1340 3398 Jesu
1360 3328 1502 3398 unxisse
1521 3343 1554 3399 et
1576 3327 1724 3427 capillos
1743 3327 1943 3416 extersisse,
1961 3350 2027 3396 nec

429 3445 486 3514 isti
500 3442 722 3540 evangelistae
739 3441 898 3514 referunt
912 3443 972 3516 hic
991 3468 1070 3516 eam
1089 3445 1157 3515 nisi
1170 3469 1278 3544 super
1291 3461 1398 3544 caput
1418 3447 1529 3545 ipsius
1543 3447 1785 3553 recumbentis
1803 3461 2028 3543 unguentum

430 3564 604 3661 posuisse.
623 3563 731 3650 Quod
745 3587 820 3635 non
834 3564 1067 3637 incommode
1080 3565 1118 3636 in
1133 3565 1247 3637 aliena
1263 3566 1375 3638 demo
1390 3567 1505 3640 lacere
1520 3569 1653 3666 potuit,
1671 3593 1784 3666 quum
1803 3567 1948 3638 sortasse
1966 3569 2027 3663 qui

430 3682 668 3785 cibumdaret
681 3699 903 3781 unguentum
923 3711 998 3757 non
1016 3685 1200 3786 praeberet.
1221 3693 1314 3759 Bene
1328 3704 1448 3761 autem
1465 3690 1564 3788 prius
1585 3691 1731 3762 Domini
1751 3689 1860 3787 longa
1876 3691 1934 3761 via
1953 3689 2030 3760 1111-

432 3806 503 3901 gati
521 3803 631 3902 pedes
654 3804 755 3876 unxit
777 3804 922 3896 mulier,
951 3821 991 3878 ut
1016 3808 1067 3878 sic
1093 3831 1216 3879 cuma
1238 3807 1360 3880 labore
1381 3810 1445 3880 viae
1471 3825 1658 3882 recrearet.
1682 3814 1784 3882 Nunc
1803 3824 1923 3882 autem
1946 3807 2030 3880 satis

432 3948 507 3994 esse
529 3921 696 3994 arbitrata
714 3939 767 3995 est
791 3941 898 4023 caput
925 3926 1138 4023 quiescentis
1161 3928 1309 4024 inungi,
1336 3943 1505 4024 tanquam
1524 3927 1595 3999 hoc
1620 3944 1803 4026 unguento
1829 3925 2029 3999 remedium

432 4043 620 4116 conferens
640 4059 765 4116 contra
784 4044 878 4116 illius
898 4046 1160 4119 ferventissimae
1177 4061 1279 4120 terrae
1294 4047 1443 4120 calores.
1461 4049 1624 4145 Denique
1639 4051 1676 4120 in
1690 4047 1749 4120 illa
1763 4049 1882 4147 priore
1901 4069 2026 4130 coena,

432 4189 503 4263 qua
522 4164 660 4237 Martha
680 4166 908 4258 ministravit,
932 4171 1089 4238 loannes
1108 4168 1291 4240 neminem
1309 4168 1415 4242 relert
1437 4168 1482 4239 de
1501 4183 1685 4266 unguento
1707 4191 1949 4239 murmurasse
1966 4167 2036 4238 uisi

433 4284 562 4356 ludam
582 4284 831 4384 proditorem.
846 4290 885 4357 11
911 4286 980 4358 hac
1004 4311 1090 4358 vero
1113 4287 1270 4359 secunda
1290 4312 1411 4379 coena,
1435 4313 1664 4386 1111111111
1687 4286 1796 4360 ludas
1822 4289 1869 4360 de
1891 4287 1964 4358 hoc
1986 4285 2034 4358 ab

435 4406 656 4504 evangelistis
674 4421 831 4498 notatur,
854 4407 918 4480 sed
939 4407 1123 4481 indefinite
1143 4433 1250 4508 super
1271 4409 1343 4481 hoc
1364 4409 1559 4509 discipulos
1582 4409 1785 4507 indignatos
1810 4409 1917 4481 fuisse
1945 4409 2035 4482 rele-

435 4544 530 4601 runt.
544 4528 1019 4627 Exquibusomnibusquasi
1028 4529 1244 4628 quibusdam
1254 4531 1469 4628 conjecturis
1481 4531 1624 4604 handet
1635 4531 1732 4603 illam
1742 4555 1882 4603 coenam
1896 4553 2035 4627 nequa-

436 4672 545 4745 quam
568 4648 733 4722 eamdem
751 4648 878 4738 fuisse,
904 4663 939 4720 11
964 4647 1195 4722 devotionem
1223 4649 1381 4723 mulieris
1404 4665 1504 4722 tanto
1524 4655 1617 4722 circa
1635 4651 1831 4722 Dominum
1857 4648 2036 4744 majorem

437 4769 608 4859 extitisse,
626 4783 761 4866 quanto
784 4770 910 4868 saepius
931 4769 1001 4842 hoc
1016 4771 1048 4841 ei
1062 4769 1277 4843 heneficium
1296 4772 1518 4844 ministravit.
1535 4777 1588 4844 De
1609 4769 1677 4843 hac
1693 4787 1813 4844 autem
1827 4784 1861 4843 et
1875 4769 2037 4842 secunda

438 4912 558 4978 coena,
578 4889 669 4961 siedt
687 4889 871 4962 Matthaeus
888 4881 1051 4988 patenter
1068 4890 1241 4984 ostendit,
1266 4875 1375 4963 hidas
1396 4891 1480 4964 abiit
1506 4891 1551 4964 ad
1575 4892 1754 4991 principes
1784 4889 2034 4972 sacerdotum,

473 5151 480 5176 ¹
500 5149 596 5212 Matth,
608 5166 662 5220 cap.
676 5167 749 5214 xxvi,
761 5169 783 5203 v.
800 5157 824 5204 11.
836 5151 890 5192 -¹
904 5154 989 5218 11111,
1003 5169 1060 5221 cap.
1072 5171 1123 5214 xu,
1137 5173 1161 5206 v.
1174 5155 1197 5204 1.
1211 5176 1245 5194 ·-
1256 5155 1266 5183 ⁸
1277 5155 1360 5217 ioan,
1373 5171 1428 5223 cap.
1441 5173 1489 5218 xu,
1501 5171 1524 5206 v.
1540 5161 1547 5205 t
1563 5165 1587 5206 et
1598 5171 1636 5221 sq.
