4496 6102
426 628 499 699 tat
1025 623 1154 695 PETRI
1182 621 1415 696 ABAELARDI

427 787 574 863 vespera
586 773 691 849 esset,
706 759 743 830 in
756 761 965 836 Bethaniam
976 790 1058 837 cum
1073 763 1299 836 duodecimis
1311 765 1455 838 redisse.
1469 762 1574 853 Quod
1591 763 1698 860 igitur
1707 758 1766 832 alii
1778 760 2010 858 evangelistae,

428 885 612 960 Matthaeus
622 881 804 956 scilicetne
816 887 927 958 Lucas
937 891 958 978 ¹,
968 885 1040 960 hoc
1051 888 1286 986 praetermisso
1300 886 1512 983 ejectionem
1524 883 1621 957 illam
1633 897 2014 973 commemorent,suc·

427 1009 541 1079 cincte
554 1029 619 1102 per
632 1003 1058 1101 anticipationemdixisse
1069 1007 1249 1096 videntur,
1259 1023 1295 1100 et
1308 1007 1355 1080 ad
1368 1032 1409 1080 ea
1423 1031 1502 1105 quae
1511 1006 1752 1106 praenriserant
1763 1029 1922 1102 congrue
1934 1029 2015 1076 con·

428 1126 601 1201 nexuisse.
615 1125 799 1200 Matthaeus
816 1129 949 1229 quippe
961 1155 1074 1228 quum
1087 1121 1311 1228 praemisisset
1325 1131 1522 1202 Dominum
1543 1128 1671 1202 dixisse
1683 1127 1905 1227 discipulis¹z
1931 1156 1951 1196 u
1967 1131 2015 1202 lte

426 1252 463 1322 iu
481 1248 664 1322 castellum
682 1247 781 1345 quod
804 1267 929 1323 contra
945 1277 1009 1323 vos
1034 1265 1104 1342 est,
1128 1266 1217 1344 etc,
1242 1280 1259 1320 n
1279 1266 1314 1324 et
1332 1253 1446 1324 Lucas
1463 1249 1637 1324 retulisset
1657 1250 1855 1322 Dominum
1877 1248 2016 1320 ruinam

427 1369 576 1443 civitatis
589 1368 795 1457 deflevisse,
809 1387 1072 1468 consequenter
1084 1372 1283 1470 exprimere
1295 1385 1529 1461 curaverunt,
1547 1393 1703 1467 quorum
1723 1369 1828 1468 culpa
1841 1368 2017 1466 praecipne

426 1490 486 1561 illa
503 1487 735 1560 contrarietas
756 1488 811 1559 vel
828 1489 894 1560 ista
912 1491 1016 1562 ruina
1038 1492 1304 1588 contingerent,
1330 1490 1401 1562 hoc
1418 1505 1472 1564 est
1494 1487 1720 1562 sacerdotum
1731 1487 1795 1558 -vel
1809 1502 2018 1560 creteromm

428 1609 551 1707 templi
565 1609 821 1680 ministrorum.
839 1610 943 1682 Unde
956 1611 992 1682 in
1007 1611 1086 1711 ipso
1105 1611 1239 1711 templo
1249 1611 1344 1684 hanc
1356 1612 1392 1682 in
1409 1635 1471 1682 eos
1485 1610 1659 1682 ultionem
1668 1606 1825 1706 decrevit
1839 1633 2016 1698 exercere,

428 1746 598 1828 tanquam
617 1753 682 1826 per
699 1729 770 1800 hoc
795 1745 957 1829 patenter
975 1732 1159 1804 insinuans
1177 1757 1303 1804 eorum
1323 1731 1514 1822 malitiam,
1541 1745 1577 1802 et
1594 1731 1687 1802 circa
1705 1733 1822 1801 Deum
1844 1727 2019 1826 negligen-

429 1851 535 1939 tium,
557 1849 688 1919 horum
702 1873 781 1946 quae
794 1848 949 1922 diximus
961 1875 1105 1924 causam
1120 1853 1278 1923 existere.

480 1971 600 2040 Primo
626 1971 745 2066 itaque
761 1993 844 2040 cum
862 1995 993 2068 magno
1008 1972 1177 2044 comitatu
1200 1971 1385 2044 turbarum
1409 1969 1533 2043 laudes
1553 1967 1825 2040 acclamantium
1847 1965 2020 2063 templum

431 2093 626 2190 ingressus,
641 2106 678 2162 et
692 2091 860 2164 omnibus
876 2093 1141 2192 circumspectis
1153 2094 1239 2166 hinc
1256 2117 1429 2192 egressus,
1445 2091 1651 2164 bethaniam
1665 2089 1787 2180 rediit,
1803 2088 1887 2160 etin
1903 2073 2021 2160 crasti-

431 2235 536 2301 num,
554 2226 592 2282 ut
610 2210 785 2304 diximus,
803 2211 896 2284 hauc
909 2228 1121 2312 potestatem
1140 2237 1303 2288 exercere
1322 2211 1469 2284 distulit.
1491 2215 1532 2283 ln
1550 2235 1623 2309 quo
1642 2209 1787 2307 quidem
1802 2231 1869 2279 nos
1881 2205 2022 2277 morali·

431 2346 483 2402 ter
499 2332 657 2422 instruit,
672 2348 708 2403 et
718 2334 886 2431 potentiae
900 2358 971 2406 suae
985 2334 1267 2432 magnitudinem
1285 2332 1452 2406 ostendit.
1476 2333 1576 2403 Prius
1597 2331 1694 2404 enim
1713 2329 1806 2400 mala
1822 2353 1901 2425 quae
1913 2328 2022 2400 corri-

431 2477 555 2548 gamus
573 2449 760 2548 diligenter
771 2452 972 2549 inquirere,
990 2469 1025 2526 et
1040 2478 1259 2551 prenoscere
1274 2451 1466 2544 debemus,
1484 2475 1593 2551 quam
1607 2475 1649 2522 ea
1661 2448 1896 2536 vindicemus,
1914 2461 1949 2517 et
1960 2470 2023 2544 per

432 2573 638 2668 patientiam
657 2571 703 2642 ad
718 2572 847 2643 horam
861 2575 1054 2664 sustinere,
1071 2600 1117 2646 ne
1129 2575 1389 2674 praecipitanter
1407 2570 1826 2646 sententiaminleramus
1844 2566 2018 2639 vindictae.

434 2689 536 2762 Unde
542 2688 635 2762 bene
648 2691 823 2762 Dominus
833 2691 931 2789 prius
942 2694 1150 2793 conspicere
1161 2692 1275 2766 voluit
1288 2691 1381 2764 mala
1395 2692 1526 2764 domus
1538 2715 1622 2782 suae,
1632 2713 1741 2787 quam
1755 2689 1792 2759 in
1808 2712 1852 2759 ea
1863 2687 2023 2759 severita-

432 2825 505 2882 tem
524 2831 686 2882 exercere
698 2809 852 2906 justitiae.
878 2813 977 2883 Sicut
997 2813 1095 2885 euim
1118 2828 1153 2885 et
1171 2812 1217 2884 de
1237 2814 1316 2911 ipso
1337 2814 1481 2884 Genesis
1499 2810 1624 2882 refert¹
1641 2807 1742 2907 quod
1768 2831 1881 2904 quum
1904 2827 2025 2903 super·-

430 2930 527 3002 biam
544 2927 796 3038 aedificantium
814 2946 950 3004 turrem
966 2957 1009 3004 ex
1021 2931 1233 3004 confusione
1249 2931 1453 3028 linguarum
1476 2929 1582 3002 vellet
1605 2928 1820 3026 reprimere,
1835 2941 1872 2996 et
1893 2925 1945 2995 sic
1963 2947 2023 2994 eos

432 3075 495 3148 per
513 3051 676 3148 regiones
697 3050 917 3149 dispergere,
944 3051 1043 3151 prius
1057 3053 1234 3124 Dominus
1254 3051 1438 3124 descendit
1454 3065 1492 3122 ut
1515 3049 1651 3122 videret
1670 3047 1767 3120 illam
1786 3043 2023 3144 superborum

431 3170 631 3261 stultitiam,
653 3197 761 3269 quam
780 3174 816 3244 in
837 3197 917 3245 eam
931 3173 1033 3246 daret
1050 3175 1275 3246 seutentiam.
1294 3175 1360 3244 Sic
1375 3186 1410 3244 et
1423 3185 1567 3270 peccata
1581 3167 1748 3242 Sodomae
1761 3183 1796 3240 et
1814 3164 2024 3238 Gomorrhae

431 3295 662 3392 puniturus⁸z
680 3323 697 3360 u
710 3293 950 3380 Descendam,
965 3322 983 3359 n
997 3295 1132 3391 inquit,
1149 3323 1166 3361 n
1180 3309 1215 3365 et
1227 3293 1358 3364 videbo
1374 3307 1491 3364 utrum
1505 3291 1700 3363 clamorem
1713 3289 1776 3386 qui
1792 3289 1889 3360 venit
1908 3287 1955 3359 ad
1967 3309 2024 3358 me

433 3389 542 3508 opere
553 3413 832 3510 compleverint,
850 3436 895 3482 an
905 3434 980 3482 non
994 3413 1116 3500 estita,
1129 3426 1169 3482 ut
1180 3411 1301 3482 sciam.
1315 3439 1332 3478 n
1348 3412 1404 3483 Sic
1415 3425 1451 3483 et
1460 3409 1532 3481 hoc
1545 3409 1626 3481 loco
1643 3411 1742 3509 prius
1756 3410 1794 3480 in
1809 3407 1944 3506 templo
1963 3407 2025 3478 cir-

433 3533 645 3630 cumspectis
656 3530 748 3602 male
756 3529 955 3626 agentibus,
963 3529 1119 3602 ostendit
1128 3555 1166 3602 se
1177 3531 1388 3627 cognovisse
1401 3530 1489 3628 quid
1500 3529 1648 3602 deberet
1654 3529 1849 3602 vindicare.
1858 3527 2025 3600 Exhibuit

321 3697 328 3710 ·
433 3651 640 3750 patientiam
656 3650 855 3724 differendo
872 3650 1077 3723 vindictam.
1099 3651 1220 3724 Noluit
1233 3650 1427 3724 vindictam
1448 3675 1632 3741 exercere,
1653 3653 1755 3748 quasi
1777 3649 2025 3750 predictarum

434 3772 620 3843 turbarum
634 3771 791 3844 conlisus
803 3796 892 3871 ope,
907 3796 981 3870 quo
999 3773 1114 3869 major
1130 3773 1205 3869 ejus
1222 3786 1379 3872 potestas
1392 3786 1597 3872 appareret,
1615 3795 1728 3869 quum
1741 3769 1813 3844 hoc
1824 3771 1901 3842 sine
1913 3767 2024 3840 turbis

434 3908 629 3990 perageret.
649 3893 752 3964 Solos
765 3893 899 3991 quippe
912 3917 1044 3992 pueros
1060 3899 1146 3966 tunc
1158 3893 1297 3984 adesse,
1315 3907 1351 3966 et
1369 3892 1562 3965 clamantes
1578 3891 1615 3964 in
1634 3892 1806 3990 templo⁸:
1828 3921 1846 3959 n
1857 3895 2024 3962 Hosanna

435 4009 509 4082 lilio
528 4009 657 4083 Davidl
676 4040 693 4078 n
722 4010 906 4084 Matthaeus
933 4028 1212 4103 commemorat,
1234 4029 1272 4084 ut
1294 4014 1331 4084 in
1360 4011 1526 4085 laudibus
1544 4011 1676 4083 horum
1693 4024 2025 4108 recumpensaretur

435 4132 535 4231 quod
557 4132 785 4206 commiserat
805 4135 841 4204 in
866 4133 990 4206 Elisaeo
1015 4159 1211 4234 puerorum
1227 4135 1355 4206 imisio.
1381 4137 1534 4232 Vespera
1552 4135 1659 4223 facta,
1676 4148 1717 4204 ut
1733 4131 1869 4203 dictum
1887 4145 1959 4218 est,
1980 4129 2024 4200 de

435 4255 571 4354 templo
585 4255 762 4326 Dominus
778 4279 952 4352 egressus,
968 4257 1006 4326 in
1021 4255 1229 4328 bethaniam
1243 4281 1326 4328 cum
1340 4254 1510 4354 apostolis
1529 4251 1649 4344 rediit,
1666 4270 1837 4349 tanquam
1852 4249 2024 4323 dedomo

437 4373 740 4446 inobedientiaead
749 4372 900 4446 domum
908 4374 1094 4448 conferens
1106 4373 1329 4448 obedientiae.
1342 4377 1456 4446 Nemo
1470 4374 1564 4444 enim
1577 4378 1693 4446 Deum
1705 4369 1943 4444 habitatorem
1956 4395 2024 4440 me·

437 4508 534 4566 retur
551 4493 778 4583 habere,nisi
793 4497 856 4592 qui
876 4471 1061 4593 praeceptis
1079 4497 1154 4592 ejus
1167 4512 1296 4595 praesto
1310 4511 1363 4567 est
1380 4493 1539 4567 obedire.
1561 4497 1615 4566 De
1633 4468 1834 4565 civitatem
1847 4489 2024 4562 modicam

438 4616 599 4714 procedit
610 4616 742 4702 villam,
753 4617 848 4713 quia,
864 4631 902 4688 ut
914 4619 1063 4716 ipsemet
1075 4618 1135 4708 ait,
1145 4617 1372 4690 multivocati
1384 4633 1479 4708 sunt,
1491 4617 1595 4714 pauci
1607 4639 1691 4686 vero
1706 4611 1820 4685 electi.
1832 4610 2024 4683 Jerusalem
2040 4699 2043 4708 .

438 4751 474 4808 et
497 4735 672 4834 templum
692 4751 864 4835 tanquam
884 4739 1068 4838 propriam
1087 4740 1266 4811 civitatem
1286 4753 1321 4810 et
1341 4738 1491 4810 domum
1506 4737 1727 4834 relinquens,
1749 4756 1862 4831 quum
1885 4731 1935 4803 ihi
1952 4756 2024 4803 non

437 4857 586 4930 haberet
609 4856 672 4930 ubi
693 4873 801 4958 caput
815 4857 1022 4950 reclinaret,
1038 4859 1127 4932 illud
1144 4860 1244 4957 quod
1264 4860 1311 4933 de
1331 4860 1448 4959 seipso
1466 4859 1637 4960 scriptum
1658 4871 1712 4931 est
1733 4853 1931 4954 adimplet:
1955 4883 1972 4921 n
1989 4855 2026 4922 ln

1450 5078 1558 5110 κο.

473 5163 480 5188 ¹
498 5161 596 5226 llatth.,
606 5177 663 5229 cap.
679 5179 721 5214 ur
731 5202 738 5230 ,
749 5179 772 5216 v.
790 5163 934 5226 12.·Luc.,
949 5179 1003 5231 cap.
1023 5181 1080 5227 ux,
1092 5181 1115 5217 v.
1127 5167 1168 5216 tt.
1178 5192 1212 5204 -
1252 5166 1372 5224 Ἤσκει,
1387 5177 1533 5231 cap.¹1,r.
1549 5165 1575 5214 5.
1585 5187 1617 5200 -·
1628 5163 1639 5189 ¹
1652 5165 1749 5223 Genea„
1760 5177 1814 5228 cap.
1827 5175 1935 5222 xun,v.
1947 5160 2029 5208 tt.-

439 5245 448 5272 '
467 5247 561 5308 Maru„
580 5261 636 5315 cap.
652 5265 709 5308 xxr,
727 5263 750 5300 v.
771 5250 913 5312 2.-1.ue.,
931 5263 985 5316 cap.
1005 5267 1060 5311 xrr,
1079 5267 1103 5300 v.
1123 5253 1163 5302 30.
1180 5277 1211 5286 -
1253 5249 1373 5313 'lluth.,
1383 5264 1437 5316 cap.
1451 5262 1548 5308 xxr,v.
1559 5249 1601 5298 st.
