4536 6102
478 595 549 665 576
633 653 637 662 .
1073 607 1201 678 PETRI
1227 605 1461 678 tumtum

476 759 568 834 saepe
583 756 730 814 vocatus
746 743 792 816 ad
808 743 999 843 prandium
1015 746 1066 816 ire
1083 769 1158 816 non
1175 760 1325 816 recusat.
1348 747 1539 840 Nunquam
1554 756 1716 838 petentes
1737 767 1819 816 raro
1841 741 2053 838 accipiamus

478 856 602 950 rogati.
623 861 748 931 Nescio
764 863 861 933 enim
877 861 1065 960 quomodo
1081 865 1188 934 etiam
1205 865 1298 959 ipse,
1317 863 1380 958 qui
1396 861 1610 958 deprecatur
1631 875 1672 931 ut
1691 861 1847 950 tribuat,
1866 883 1979 957 quum
1995 882 2052 929 ac·

477 977 612 1070 ceperis
636 978 798 1052 viliorem
819 981 955 1078 judicat
979 998 1027 1053 te.
1055 1011 1072 1049 u
1098 982 1207 1068 Quod
1227 983 1256 1052 si
1276 982 1348 1052 hoc
1367 983 1478 1052 estin
1499 979 1635 1052 clericis
1656 981 1896 1076 arguendum,
1919 995 2052 1077 quanto

478 1097 589 1190 magis
606 1099 641 1169 in
660 1101 846 1173 monachis
863 1116 916 1173 est
932 1101 1203 1186 detestandum?

527 1219 572 1288 {It
587 1234 707 1290 autem
724 1245 821 1292 nunc
837 1221 1052 1293 documenta
1068 1236 1274 1294 sanctorum
1290 1220 1472 1309 omittam,
1491 1219 1675 1315 gentilium
1686 1219 1811 1293 saltem
1827 1220 2054 1318 pbilosopho-

477 1359 555 1405 rum
581 1339 742 1436 exempla
763 1355 893 1412 nostrae
912 1341 1115 1439 cupiditatis
1138 1340 1399 1438 impudentiam
1422 1340 1630 1438 reprimant.
1658 1337 1703 1410 lli
1728 1341 1861 1437 quippe
1882 1340 1960 1410 sine
1986 1337 2054 1410 ulla

477 1455 604 1552 regulae
620 1459 841 1560 professione
858 1461 948 1533 adeo
966 1461 1142 1532 mundum
1160 1476 1471 1559 contempserunt,
1496 1476 1535 1531 ut
1560 1485 1634 1531 non
1656 1457 1774 1532 solum
1789 1474 1979 1558 potentum
1998 1483 2051 1531 re·

475 1590 644 1672 spuerent
669 1577 784 1670 dona,
823 1605 945 1651 verum
971 1581 1078 1651 etiam
1110 1579 1353 1677 possessiones
1379 1576 1613 1677 amplissimas
1641 1576 1863 1651 abdicarent.
1892 1582 2053 1663 Quorum

476 1693 641 1767 nonnulli
650 1711 749 1770 tauta
767 1697 964 1795 frugalitate
981 1699 1182 1770 reseruntur
1198 1697 1372 1785 contenti,
1385 1712 1425 1769 ut
1436 1696 1493 1768 vel
1506 1722 1619 1768 unum
1631 1698 1784 1768 retinere
1795 1697 1968 1796 scyphum
1975 1720 2053 1767 cen·

475 1831 593 1887 serent
605 1817 838 1916 superfluum,
850 1845 963 1917 quum
975 1820 1022 1894 ad
1029 1819 1269 1892 hauriendum
1281 1843 1381 1915 aquae
1392 1816 1562 1917 poculum
1576 1818 1739 1915 proprias
1756 1840 1883 1889 manus
1894 1817 2052 1889 viderent

476 1933 649 2009 sufficere.
664 1943 713 2010 Ex
729 1938 859 2036 quibus
875 1938 975 2012 illum
992 1941 1190 2035 Diogenem
1201 1938 1494 2027 famosissimum,
1509 1951 1544 2007 et
1561 1936 1607 2008 de
1622 1951 1834 2034 contemptu
1849 1936 1976 2007 mundi
1987 1960 2053 2006 no-

475 2053 663 2148 tissimum,
683 2058 811 2131 doctor
828 2060 1015 2157 praedictus
1028 2063 1161 2130 Contra
1173 2061 1400 2130 Jovinr'anum
1412 2058 1448 2128 in
1467 2056 1627 2129 secundo
1639 2055 1732 2128 libro
1741 2056 1916 2129 inducens
1927 2062 1950 2146 ¹,
1966 2058 2052 2128 inter

475 2189 617 2247 caeteras
633 2179 708 2272 ejus
723 2176 846 2252 laudes
863 2179 900 2250 id
916 2205 1061 2278 quoque
1082 2179 1210 2275 adjecit
1229 2207 1238 2248 ε
1261 2207 1278 2246 u
1298 2177 1465 2264 Quodam
1487 2201 1574 2248 vero
1597 2192 1760 2274 tempore
1775 2176 1912 2248 habens
1929 2175 1976 2248 ad
1989 2201 2052 2274 po-

474 2290 625 2364 tandum
642 2319 792 2367 caucum
815 2298 989 2393 ligneum,
1007 2297 1097 2367 vidit
1112 2320 1266 2394 puerum
1286 2319 1395 2366 manu
1418 2317 1577 2366 concava
1597 2293 1737 2383 bibere,
1763 2309 1799 2365 et
1818 2294 1951 2366 elisisse
1970 2293 2052 2365 illud

476 2407 586 2480 fertur
603 2412 648 2484 ad
672 2427 824 2504 terram,
843 2413 966 2486 dicens
990 2443 998 2485 ι
1020 2443 1038 2482 «
1063 2413 1270 2486 Nesciebam
1288 2413 1387 2511 quod
1404 2428 1439 2484 et
1455 2427 1581 2485 natura
1596 2410 1745 2484 haberet
1761 2413 1946 2510 poculum.
1968 2439 1986 2479 u
2005 2411 2051 2482 Ad

475 2551 583 2624 quem
608 2532 715 2603 etiam
739 2535 1007 2630 potentissimus
1036 2533 1230 2606 Alexander
1255 2534 1366 2605 multa
1391 2534 1424 2604 ei
1449 2531 1594 2604 donalia
1619 2531 1790 2622 offerens,
1818 2557 1932 2628 quum
1959 2530 2051 2602 dolio

474 2645 549 2742 ejus
566 2663 737 2747 tanquam
755 2652 859 2723 dator
875 2653 1102 2751 importunus
1125 2653 1321 2741 assisteret,
1340 2652 1412 2722 hoc
1427 2675 1541 2721 unum
1559 2649 1605 2722 ab
1622 2651 1700 2749 ipso
1716 2652 1912 2749 suscepisse
1928 2649 2052 2720 dicitur

474 2787 702 2862 responsum:
715 2797 732 2838 a
744 2773 794 2840 Nc
805 2770 925 2842 obstes
938 2771 1039 2861 mihi,
1048 2770 1354 2866 juvenis,as0le.»
1362 2774 1525 2842 Socrates
1535 2793 1679 2866 quoque
1688 2767 1849 2840 Archelai
1858 2770 1952 2864 regis
1961 2768 2051 2839 dona

474 2907 660 2982 respuens,
679 2887 750 2959 hoc
767 2913 880 2960 unum
896 2891 931 2960 in
950 2891 1176 2962 excusatione
1192 2888 1396 2987 praetendit,
1415 2888 1512 2960 nolle
1528 2913 1565 2959 se
1581 2888 1760 2985 suscipere
1785 2901 1905 2975 tanta,
1928 2885 2051 2984 quibus

474 3001 604 3075 relerre
626 3029 699 3076 non
722 3022 842 3102 posset
870 3008 1029 3105 aequalia.
1057 3008 1161 3078 Unde
1183 3010 1318 3078 Seneca
1340 3005 1383 3076 de
1399 3007 1587 3097 Beneficiis
1610 3004 1704 3076 libro
1717 3009 1774 3076 V’
1791 3033 1810 3072 a
1833 3002 2052 3075 :Alexander
2086 3021 2090 3030 ·

474 3121 710 3196 Macedonum
736 3125 879 3220 gloriari
901 3124 1039 3197 solebat
1065 3149 1087 3197 a
1113 3125 1212 3196 nullo
1229 3149 1266 3196 se
1282 3121 1465 3195 beneficiis
1488 3123 1635 3194 victum.
1660 3151 1678 3191 n
1704 3126 1838 3194 ltem⁸:
1869 3121 2053 3193 Archelaus

384 3301 389 3312 .
474 3263 533 3310 rex
567 3245 749 3316 Socratem
774 3245 913 3342 rogavit
938 3259 978 3316 ut
1005 3243 1052 3316 ad
1078 3269 1117 3316 se
1145 3245 1295 3316 veniret.
1314 3243 1451 3314 Dixisse
1466 3245 1628 3314 Socrates
1650 3241 1815 3331 traditur,
1834 3239 1931 3312 nolle
1949 3265 1986 3312 se
2008 3239 2052 3310 ad

474 3383 556 3430 eum
581 3363 723 3452 venire,
752 3389 773 3435 a
799 3389 872 3462 quo
899 3365 1076 3463 acciperet
1090 3363 1283 3454 beneficia,
1311 3387 1424 3461 quum
1449 3362 1600 3434 reddere
1623 3361 1672 3433 illi
1695 3362 1796 3459 paria
1820 3386 1895 3431 non
1923 3362 2050 3460 posset.

476 3481 652 3570 Primum,
672 3484 709 3552 in
726 3481 819 3554 illius
835 3496 1010 3581 potestate
1027 3499 1103 3556 erat
1118 3509 1193 3556 non
1217 3484 1389 3581 accipere.
1408 3482 1547 3555 Deinde
1569 3484 1645 3581 ipse
1661 3480 1747 3553 dare
1763 3480 1977 3552 beneficium
1991 3503 2055 3579 par

473 3596 676 3694 incipiebat.
697 3599 871 3674 Veniebat
887 3601 983 3674 enim
1000 3618 1163 3700 rogatus,
1190 3617 1227 3674 et
1251 3602 1288 3674 id
1309 3600 1435 3692 dabat,
1459 3601 1559 3700 quod
1575 3603 1700 3698 utique
1720 3599 1779 3672 ille
1800 3625 1875 3672 non
1896 3615 1973 3672 crat
1990 3602 2054 3670 So·

472 3715 560 3786 crati
583 3715 800 3790 redditurus.
820 3719 936 3792 Etiam
957 3745 1024 3793 nec
1045 3720 1238 3796 Archelaus
1259 3722 1407 3793 daturus
1427 3735 1504 3793 erat
1526 3745 1655 3793 aurum
1672 3737 1708 3792 et
1729 3735 1934 3816 argentum,
1959 3741 2055 3790 reoc-

471 3845 597 3930 pturus
613 3849 861 3936 contemptum
878 3839 954 3910 auri
971 3855 1006 3911 et
1023 3841 1173 3937 argenti.
1192 3845 1272 3912 Non
1288 3854 1431 3939 poterat
1452 3839 1583 3912 referre
1600 3837 1773 3911 Archelao
1794 3841 1957 3910 Socrates
1976 3857 2055 3932 gra·

471 3951 578 4029 tiam?
594 3958 637 4025 Et
653 3953 740 4051 quid
756 3957 784 4028 si
800 3981 921 4054 regem
937 3958 974 4030 in
990 3958 1070 4032 luce
1088 3959 1207 4032 media
1224 3973 1403 4031 errantem
1428 3959 1473 4031 ad
1499 3983 1621 4032 rerum
1646 3974 1811 4031 naturam
1835 3956 2054 4042 admisisset,

470 4073 499 4146 ti
516 4073 615 4146 illum
639 4100 769 4172 negare
793 4079 983 4152 vetuisset?
1004 4083 1124 4167 Quare
1145 4106 1230 4177 ergo
1252 4080 1323 4152 hoc
1344 4082 1507 4153 Socrates
1522 4080 1629 4169 dixit,
1648 4080 1703 4150 vir
1719 4075 1869 4165 lacetus,
1897 4091 1935 4148 et
1958 4073 2058 4169 cujus

430 4260 435 4272 ,
469 4217 534 4290 per
549 4191 677 4290 figuras
695 4219 813 4268 sermo
830 4198 1026 4294 procedere
1042 4198 1167 4272 solitus
1189 4213 1286 4288 erat,
1314 4199 1452 4272 derisor
1482 4199 1646 4271 omnium
1670 4198 1824 4270 maxime
1851 4207 2055 4293 potentum.

470 4311 592 4384 Maluit
617 4315 649 4386 ei
676 4331 800 4390 nasute
830 4341 958 4414 negare
986 4341 1096 4416 quam
1125 4320 1384 4391 contumaciter
1413 4333 1474 4390 aut
1493 4317 1659 4416 superbe.
1689 4317 1819 4387 Timuit
1848 4313 2000 4386 sortasse
2012 4335 2061 4382 ne

470 4413 660 4528 cogeretur
667 4436 826 4534 accipere
843 4461 922 4534 quae
939 4437 1062 4510 nollet.
1081 4438 1211 4510 Timuit
1224 4463 1270 4508 ne
1286 4438 1374 4534 quid
1390 4436 1580 4534 indignum
1594 4437 1732 4509 Socrati
1748 4433 1938 4531 acciperet.
1955 4431 2062 4502 Dicet

470 4549 595 4648 aliquis
615 4579 624 4622 t
643 4556 808 4650 Negasset
829 4557 858 4628 si
881 4555 1011 4646 nollet,
1038 4558 1102 4629 sed
1122 4558 1321 4653 instigasset
1349 4557 1385 4628 in
1410 4579 1448 4628 se
1470 4580 1590 4652 regem
1615 4554 1850 4643 insolentem,
1874 4568 1912 4624 et
1934 4550 2062 4623 omnia

470 4692 533 4742 sua
553 4697 684 4770 magno
705 4677 869 4749 aestimari
889 4678 1084 4750 volentem.
1113 4679 1173 4749 Vis
1193 4678 1283 4749 scire
1308 4676 1396 4773 quid
1422 4700 1506 4748 vere
1521 4676 1694 4748 voluerit?
1717 4673 1838 4746 Noluit
1853 4675 1906 4744 ire
1927 4669 1977 4744 ad
1994 4695 2063 4741 vo·

470 4785 659 4864 luntariam
686 4796 914 4884 servitutem,
942 4797 972 4868 is
999 4796 1099 4894 cujus
1124 4795 1325 4868 libertatem
1357 4794 1471 4867 libera
1500 4796 1623 4868 civitas
1652 4795 1744 4866 lerre
1774 4818 1848 4865 non
1868 4793 2004 4890 potuit.
2018 4819 2037 4858 n

520 4910 627 4998 Quod
642 4913 671 4983 si
688 4913 733 4986 de
753 4913 978 5014 philosophis
994 4915 1040 4988 ad
1057 4915 1252 5014 apostolos,
1275 4915 1349 4988 imo
1366 4914 1412 4987 ad
1430 4916 1545 5014 ipsam
1560 4913 1725 5012 sophiam
1740 4911 1934 5000 Christum,
1954 4913 2066 5007 quasi

505 5185 1484 5259 ·asuerum.up.rou-mummaaerumna.
