4496 6102
424 593 524 688 ,384
1051 593 1178 666 PETRI
1204 598 1436 677 xBAEttnut

452 764 515 816 seu
548 735 817 810 tabernaculum
840 749 1020 833 assumpta
1043 737 1246 814 humanitas
1274 745 1355 835 luit,
1380 748 1531 846 inqua,
1560 763 1598 820 ut
1623 747 1810 846 Apostolus
1835 745 1999 818 meminit
2009 747 2031 834 ¹,

413 965 417 974 Ι
452 863 638 964 plenitudo
658 847 850 932 divinitatis
867 861 1099 958 corporaliter
1115 863 1345 969 inhabitabat.
1367 874 1441 941 De’
1457 869 1526 942 hac
1536 870 1655 966 itaque
1667 870 1776 969 ipsius
1791 867 2031 956 humanitate,

453 984 580 1059 divinae
593 983 709 1078 gratiae
732 981 855 1073 donis,
879 994 918 1051 ut
941 981 1112 1074 diximus,
1134 986 1297 1077 inuncta;
1317 989 1440 1062 hocin
1460 990 1564 1062 nobis
1581 989 1691 1088 gratia
1707 990 1908 1078 derivante,
1934 989 2035 1084 quasi

343 1203 344 1206 Ἴ
450 1105 495 1179 de
511 1105 656 1180 taberna
675 1100 794 1190 oleum
809 1127 873 1201 per
887 1116 1000 1173 totum
1021 1103 1116 1176 diem
1134 1131 1284 1180 manans
1301 1108 1481 1184 exuberat.
1508 1115 1612 1184 Diem
1629 1127 1748 1186 autem
1774 1125 1889 1184 totum
1917 1108 2036 1180 hunc⁸

450 1243 591 1327 tempus
609 1224 725 1320 gratiae
741 1211 987 1322 vocat,'quod
1001 1225 1175 1298 adventus
1192 1229 1246 1299 sui
1264 1233 1449 1327 presentia
1470 1233 1647 1304 Dominus
1671 1231 1876 1320 illustravit,
1896 1228 1943 1299 de
1962 1253 2035 1324 quo

449 1350 538 1423 illud
550 1362 604 1421 est
616 1348 792 1446 Apostoli*
813 1376 822 1418 r
846 1377 863 1416 ιι
880 1352 957 1418 Nox
974 1349 1168 1446 praecessit,
1190 1348 1266 1420 dies
1280 1365 1399 1421 autem
1415 1353 1727 1451 appropinquavit.
1745 1380 1762 1419 r
1784 1356 1851 1423 Per
1866 1349 1961 1421 hanc
1978 1363 2036 1420 to-

449 1491 522 1547 tam
534 1472 633 1544 diem
645 1471 765 1543 oleum
778 1470 1022 1544 indeficienter
1035 1495 1056 1541 a
1071 1471 1186 1567 capite
1203 1468 1263 1540 illo
1282 1487 1406 1543 nostro
1429 1472 1553 1546 defluit
1571 1474 1617 1546 ad
1639 1473 1820 1564 membra,
1845 1458 1958 1568 quum
1987 1469 2035 1541 de

450 1597 526 1692 ejus
552 1595 773 1694 plenitudine
792 1608 932 1692 tempus
958 1593 1027 1662 hoc
1044 1592 1161 1688 gratiae
1183 1591 1380 1689 specialiter
1401 1592 1550 1667 dicatur.
1571 1595 1698 1668 Unde⁸
1715 1594 1787 1667 boc
1813 1595 1932 1691 ipsum
1961 1591 2035 1687 ejus

448 1738 603 1803 nomen,
625 1712 724 1810 quod
739 1712 897 1783 Christus
916 1727 984 1801 est,
1004 1710 1050 1782 ad
1067 1710 1174 1806 hujus
1190 1735 1335 1811 quoque
1353 1714 1471 1810 gratiae
1489 1713 1745 1787 abundantiam
1769 1712 2032 1803 denotandam,

449 1835 548 1930 quasi
572 1844 793 1929 unguentum
818 1833 855 1902 in
878 1830 982 1902 nobis
1005 1829 1156 1903 ellusum
1175 1847 1281 1928 atque
1299 1832 1483 1907 dilatatum
1502 1850 1597 1908 recte
1620 1834 1766 1926 dicitur,
1786 1834 1874 1908 dum
1898 1861 1941 1906 ex
1960 1836 2035 1931 ejus

449 1952 597 2023 nomine
616 1949 790 2046 insigniti,
804 1974 826 2021 a
839 1949 979 2022 Christo
997 1969 1169 2020 vocamur
1182 1949 1376 2024 christiani.
1394 1954 1571 2029 Meritoria
1590 1969 1710 2026 autem
1729 1953 1877 2058 taberna
1892 1953 1952 2025 illa
1968 1953 2033 2025 do·

450 2095 531 2142 mus
549 2069 776 2159 aestimatur⁸,
804 2069 865 2142 ubi
889 2070 1026 2142 emeriti
1047 2069 1175 2142 milites
1197 2070 1421 2144 fovebantur.
1442 2078 1529 2163 Quae
1542 2088 1640 2147 tanto
1651 2075 1763 2171 magis
1775 2099 1902 2147 eorum
1916 2099 2035 2146 neces-

450 2190 610 2262 sitatibus
629 2190 845 2288 quotidianis
868 2190 1030 2282 sufficere
1049 2207 1206 2289 poterat,
1239 2208 1376 2290 quanto
1397 2195 1549 2294 amplius
1572 2196 1648 2290 ejus
1676 2197 1835 2295 porticus
1855 2196 2033 2269 venalium

449 2336 569 2383 rerum
588 2311 794 2384 abundabat
819 2313 934 2411 copia.
969 2317 1046 2383 Hoc
1064 2313 1100 2383 in
1118 2312 1217 2403 locu,
1248 2314 1392 2386 Basilica
1419 2318 1455 2386 S.
1480 2317 1613 2405 Mariae,
1641 2341 1720 2412 quae
1745 2316 1827 2388 ideo
1855 2316 2036 2390 fundentis

450 2430 570 2504 oleum
590 2433 818 2528 agnominata
836 2435 956 2503 Romae
969 2431 1086 2503 adhuc
1103 2432 1318 2525 ostenditur,
1342 2433 1490 2507 celebris
1507 2434 1670 2508 habetur.
1692 2436 1818 2508 Merito
1832 2450 1951 2508 autem
1967 2434 2034 2506 do·

449 2577 529 2624 mus
545 2553 624 2644 illa,
654 2579 733 2652 quae
761 2555 1022 2653 propitiationis
1052 2554 1144 2630 bene
1170 2558 1389 2630 merentibus
1412 2559 1601 2646 existebat,
1629 2573 1819 2658 assumptae
1836 2583 1859 2629 a
1875 2558 2034 2629 Domino

447 2673 660 2747 humanitati
680 2691 925 2774 comparatur,
946 2702 1132 2777 perquam
1147 2680 1320 2752 universis
1333 2679 1498 2752 fidelibus
1518 2681 1730 2813 propitiatus
1747 2694 1800 2752 est
1819 2683 1926 2751 Deus.
1947 2678 2035 2764 Quis

448 2797 543 2868 enim
560 2797 689 2892 Spiritu
706 2811 828 2866 sancto
848 2812 1056 2914 suggerente
1072 2796 1204 2870 factum
1223 2823 1391 2872 essenon
1410 2798 1545 2889 videat,
1566 2823 1680 2895 quum
1695 2800 1732 2869 in
1750 2812 1847 2870 tanta
1866 2796 2035 2868 sublima-

446 2929 504 2987 tus
526 2913 637 3011 gloria
652 2920 827 3013 Augustus
844 2911 1086 3014 praemineret,
1114 2940 1152 2987 se
1175 2919 1371 2989 Dominum
1395 2919 1516 2989 vocari
1537 2919 1689 2989 omnino
1707 2917 1948 3006 interdixerit,
1967 2939 2036 2987 nec

447 3037 532 3108 vel
519 3061 604 3134 joco
621 3035 657 3108 id
677 3061 715 3108 se
733 3035 921 3136 appellari,
943 3037 1005 3108 sed
1024 3036 1255 3108 solummodo
1275 3044 1471 3136 Augustum
1496 3039 1737 3138 permitteret3
1759 3062 1860 3135 quast
1850 3034 2036 3134 quadam

447 3141 568 3231 divina
586 3158 821 3257 dispositione
841 3173 992 3230 venturo
1009 3157 1148 3229 Christo
1167 3157 1274 3254 hujus
1290 3158 1537 3258 appellationis
1551 3160 1660 3231 decus
1674 3174 1888 3249 reservaret,
1908 3159 1971 3256 qui
1984 3157 2038 3227 di-

446 3276 590 3375 scipulis
601 3277 669 3348 ait⁷
687 3307 694 3345 :
712 3307 729 3343 ιι
741 3281 814 3347 Vos
826 3277 958 3348 vocatis
971 3300 1028 3347 me
1042 3277 1207 3373 magister
1220 3292 1255 3348 et
1267 3279 1439 3368 Domine,
1456 3292 1490 3350 et
1502 3277 1741 3350 benedicitis:
1757 3305 1837 3350 sum
1850 3277 1996 3350 etenim.
2016 3301 2034 3342 u

448 3396 552 3469 Unde
566 3411 601 3468 et
616 3397 691 3491 ejus
706 3395 941 3469 humilitatem
955 3397 1131 3469 Dominus
1142 3398 1218 3495 ipse
1227 3398 1433 3532 respiciens,
1449 3397 1588 3498 [quum]
1601 3399 1668 3470 ait⁸
1682 3427 1690 3470 :
1709 3429 1725 3468 u
1741 3399 1812 3488 Qui
1825 3424 1862 3471 se
1875 3398 2039 3470 humiliat

447 3514 674 3602 exaltabitur,
691 3542 709 3582 >r
729 3515 846 3614 ipsum
866 3516 1009 3612 Augusti
1027 3539 1160 3587 nomen
1178 3519 1364 3617 proprium
1385 3517 1476 3590 adeo
1502 3517 1670 3590 extollere
1688 3518 1863 3607 decrevit,
1884 3533 1922 3588 ut
1938 3517 2040 3590 dein·

447 3660 531 3770 ceps
550 3636 692 3707 romani
714 3637 945 3734 imperatores
953 3661 996 3715 se
1011 3637 1221 3734 generaliter
1240 3644 1414 3736 Augustos
1432 3641 1579 3712 vocitari
1597 3640 1858 3738 gloriarentur.
1886 3655 1920 3710 et
1937 3637 2041 3736 quod

447 3756 547 3853 prius
565 3757 752 3856 proprium
771 3772 877 3853 atque
899 3757 1105 3856 personale,
1131 3758 1333 3832 factumest
1354 3720 1517 3858 generale
1538 3761 1755 3833 vocabulum
1778 3776 1814 3834 et
1838 3759 2036 3859 imperiale.

431 3877 613 3947 ·Patenter
626 3899 709 3946 eum
723 3876 900 3948 avunculo
913 3902 978 3949 suo
993 3878 1086 3950 Julio
1102 3881 1251 3951 Caesari
1241 3905 1277 3951 ιη
1289 3879 1489 3954 humilitate
1502 3883 1721 3953 contrarium
1734 3882 1908 3970 videmus,
1923 3903 2041 3977 quum

446 3994 522 4086 ille,
539 4009 580 4067 ut
591 4000 754 4068 Lucanus
769 4022 913 4094 quoque
927 4000 1106 4090 meminit,
1126 4001 1289 4073 omnium
1302 4000 1513 4098 dignitatum
1525 4001 1655 4100 gradus
1668 4003 1756 4075 inse
1774 4003 1949 4094 retinens,
1962 4002 2042 4097 jam

445 4140 520 4190 non
531 4141 569 4187 se
582 4141 734 4189 numero
746 4118 927 4216 singulari,
944 4117 1006 4192 sed
1021 4120 1148 4218 plurali
1162 4120 1313 4218 proferri
1326 4123 1570 4221 permitteret⁹,
1587 4148 1661 4195 non
1674 4124 1796 4220 sejam
1811 4124 1911 4220 quasi
1923 4148 2044 4195 unum

447 4239 654 4330 hominem,
678 4239 741 4311 sed
763 4239 881 4338 plures
895 4241 995 4337 juxta
1012 4241 1224 4338 dignitatum
1238 4243 1502 4317 multitudinem
1521 4244 1764 4317 considerans.
1784 4248 1899 4331 Quem
1919 4242 2045 4316 adhuc

448 4372 572 4430 nostra
589 4357 754 4457 superbia
773 4374 947 4457 quantum
969 4360 1062 4432 valet
1085 4360 1271 4454 aemulans,
1297 4387 1371 4434 non
1396 4364 1513 4436 solum
1536 4387 1676 4454 rerum,
1702 4361 1765 4434 sed
1789 4362 1895 4434 edam
1915 4365 2046 4434 norni-

449 4503 536 4551 num
555 4479 705 4576 gloriam
719 4482 756 4552 in
774 4494 913 4553 tantum
927 4482 1168 4581 amplectitur,
1185 4500 1225 4556 ut
1241 4509 1317 4556 non
1335 4485 1451 4557 solum
1473 4484 1637 4575 abbates,
1663 4484 1896 4556 verumetiam
1922 4483 2047 4556 domi·

445 4599 483 4670 ni
514 4600 635 4671 vocari
668 4598 883 4698 gloriemur;
911 4597 946 4674 et
975 4627 1110 4702 magnae
1144 4607 1361 4706 imputemus
1388 4607 1525 4702 injuriae
1544 4631 1612 4678 nos
1636 4607 1699 4703 qui
1724 4603 1934 4678 humiliores
1968 4629 2052 4678 esse

450 4716 642 4810 debemus,
668 4721 695 4790 si
718 4720 756 4790 in
780 4720 1017 4820 appellatione
1036 4740 1156 4796 nostra
1175 4725 1324 4822 subjecti
1343 4725 1492 4799 alterurn
1514 4726 1784 4824 praetermittant
1809 4723 2048 4796 vocabulum.

480 4965 488 4993 ¹
518 4985 530 5010 ι
552 4967 580 5017 ln
603 4967 656 5034 ipso
674 4967 794 5020 inhabitat
811 4969 889 5021 omnis
909 4971 1036 5038 plenitudo
1058 4971 1224 5024 divinitatis.»
1266 4971 1335 5024 ntur.
1346 4997 1374 5010 -
1391 4971 1575 5024 'debellantur
1588 4971 1639 5023 llS.
1653 4971 1722 5022 Eine.
1738 4997 1770 5009 -
1784 4973 1794 5000 ’
1806 4971 1889 5032 Joan„
1909 4987 1967 5036 cap.
1989 4987 2054 5032 ιιιι,

448 5050 621 5118 (Coloss.,csp.
632 5069 658 5110 u.
666 5069 690 5102 v.
698 5049 817 5118 9.)—'De
826 5054 873 5106 bae
882 5057 1125 5119 cuqueumdesunt
1134 5057 1225 5109 inCod.
1267 5073 1290 5107 v.
1306 5059 1377 5108 bl.-
1388 5055 1398 5083 ⁸
1408 5055 1505 5117 llatth.,
1516 5072 1573 5123 cap.
1586 5073 1638 5108 xxu
1647 5095 1654 5118 ,
1664 5073 1688 5108 v.
1704 5057 1743 5106 tt.
1752 5083 1775 5092 -
1791 5055 1801 5082 ⁸
1815 5055 1866 5106 ttS.
1878 5055 1946 5106 llius.
1956 5081 1978 5092 -
1989 5057 2057 5105 Per·

449 5132 550 5184 Eius.-
560 5134 570 5161 ⁸
580 5134 630 5185 llS.
641 5135 710 5188 Eius.
718 5140 794 5190 -Hoc
806 5138 853 5189 Ed.
867 5138 936 5190 amb.
945 5167 977 5178 ·-
987 5140 998 5168 ⁸
1009 5142 1091 5200 Rom„
1103 5156 1158 5207 cap.
1172 5159 1225 5202 xus,
1265 5147 1342 5192 mittet
1350 5142 1398 5192 Ed.
1408 5141 1480 5193 tmb.
1488 5171 1519 5180 -—
1527 5141 1549 5169 ¹⁰
1563 5143 1635 5204 (luem
1647 5145 1760 5192 adbuc·-
1768 5143 1818 5192 Sed
1827 5157 1872 5193 uec
1882 5145 1943 5193 ittae
1954 5141 2057 5192 desum

443 5235 470 5270 n.
485 5221 525 5270 ta.
536 5219 585 5256 -¹
599 5221 668 5271 Unde
686 5221 731 5273 boc
751 5227 827 5286 ipsum
838 5211 985 5276 -merr'toiia
1008 5224 1096 5276 desunt
1117 5226 1141 5276 ln
1162 5225 1224 5276 Cod.
1266 5228 1290 5277 in
1301 5226 1363 5278 Cod.
1378 5226 1446 5276 Eine.
