4510 6108
757 623 801 698 ΙΝ
826 623 901 694 DlE
926 622 1112 696 rtscttAE
1137 622 1300 694 stttttto.
1750 619 1814 690 ltbl

238 793 351 869 quum
369 769 406 840 in
423 765 482 839 illa
495 764 660 837 videlicet
679 763 804 863 populi
821 763 1049 855 liberatione,
1070 781 1106 837 et
1123 764 1281 838 hostium
1299 762 1545 836 submersione
1559 786 1635 834 nnn
1655 777 1729 834 tam
1744 787 1824 834 cor·

236 914 367 990 porum
382 888 532 959 salutem
548 884 763 974 attenderet,
779 909 888 982 quam
905 885 1104 957 animarum
1122 883 1264 984 figurari
1284 885 1522 983 prospiceret,
1537 907 1646 981 quam
1665 884 1825 981 quotidie

237 1012 273 1081 in
288 1019 510 1080 sacramento
524 1004 743 1105 baptismatis
757 1003 876 1076 divina
895 1019 1063 1102 operatur
1076 1005 1197 1100 gratia.
1218 1009 1441 1102 Tympanum
1458 1018 1579 1075 autem
1596 1003 1696 1101 quod
1714 1029 1823 1075 mann

236 1125 413 1224 gestabat,
443 1123 753 1198 mortificationem
784 1125 900 1195 carnis
928 1123 1103 1213 insinuat,
1131 1147 1239 1220 quam
1262 1122 1415 1196 habebat
1436 1123 1472 1194 in
1497 1147 1625 1222 opere,
1649 1148 1722 1221 quo
1749 1125 1825 1220 ejus

236 1249 415 1323 canticum
438 1251 516 1318 Deo
542 1245 654 1342 magis
677 1259 768 1316 esset
799 1258 998 1342 acceptum.
1028 1243 1132 1314 Unde
1162 1259 1197 1315 et
1224 1241 1406 1314 Psalmista
1436 1244 1473 1314 in
1507 1258 1677 1341 tympano
1707 1247 1823 1315 Deum

160 1459 166 1469 Ι
235 1367 381 1440 laudare
409 1389 477 1437 nos
502 1364 711 1454 adhortans,
740 1363 802 1434 ait¹
826 1390 834 1432 ε
857 1391 875 1430 u
895 1361 1052 1434 Laudato
1078 1386 1160 1433 eum
1185 1361 1221 1432 in
1249 1376 1441 1460 tympano,
1459 1375 1528 1432 etc.
1548 1389 1566 1426 u
1581 1364 1680 1460 Saepe
1704 1377 1824 1434 autem

236 1504 446 1587 tympanum
466 1486 502 1555 in
532 1509 595 1556 ore
618 1483 729 1580 magis
752 1507 860 1581 quam
889 1483 925 1552 in
953 1505 1062 1553 manu
1087 1481 1282 1569 babemus,
1314 1505 1425 1578 quum
1449 1497 1652 1552 sanctorum
1679 1484 1825 1554 montili-

236 1609 413 1680 cationem
435 1604 551 1676 carnis
569 1604 618 1675 ita
635 1601 885 1701 praedicamus,
906 1616 945 1673 nt
958 1583 1038 1672 eam
1056 1625 1166 1700 opere
1185 1625 1260 1672 non
1281 1601 1471 1714 imitemur.
1492 1604 1604 1672 Tanto
1624 1601 1825 1700 diligentius

236 1727 352 1800 Mariae
369 1724 547 1798 canticum
566 1721 788 1812 describitur,
805 1735 941 1818 quanto
958 1721 1076 1820 ipsum
1094 1719 1258 1792 devotius
1274 1733 1309 1791 et
1325 1723 1403 1792 Deo
1421 1720 1553 1816 gratius
1574 1719 1681 1792 tuisse
1695 1721 1823 1793 intelli·

237 1847 341 1945 gitur.

190 1981 191 1984 ’
284 1965 394 2056 Quod
407 1965 436 2036 si
450 1965 541 2037 Nori
553 1989 699 2063 quoque
710 1964 923 2036 Testamenti
937 1963 1162 2036 revolvamus
1176 1964 1316 2052 seriem,
1335 1977 1371 2034 et
1384 1964 1419 2033 in
1433 1962 1502 2034 hac
1519 1965 1628 2036 Maria
1640 1979 1674 2037 et
1692 1967 1824 2037 caeteris

236 2111 319 2158 cum
331 2111 372 2158 ea
385 2085 524 2158 leminis
538 2083 685 2156 alteram
697 2083 857 2172 Mariam,
872 2097 908 2154 et
919 2107 1002 2154 cum
1013 2084 1090 2182 ipsa
1102 2080 1248 2154 devotas
1261 2082 1427 2174 seminas,
1442 2082 1572 2181 quibus
1583 2085 1740 2182 primum
1752 2087 1823 2156 Do-

238 2207 354 2278 minus
365 2229 437 2276 suae
451 2203 718 2277 resurrectionis
732 2201 901 2299 gaudium
915 2200 1088 2292 exhibuit,
1102 2216 1347 2300 competenter
1361 2202 1610 2299 intelligamus,
1628 2205 1823 2303 reperimus

236 2326 372 2424 singula
384 2324 440 2396 his
453 2323 709 2396 convenienter
726 2323 850 2421 aptari.
871 2319 932 2394 llla
949 2322 1081 2421 quippe
1100 2323 1291 2422 prophetes
1305 2337 1537 2412 memoratur,
1552 2323 1626 2395 lraec
1644 2327 1824 2424 apostolo-

237 2471 315 2518 rum
340 2444 501 2544 apostola
525 2443 666 2515 dicitur.
690 2441 751 2514 llla
771 2441 958 2540 corporale
979 2457 1190 2540 tympanum
1217 2443 1383 2543 sumpsit,
1403 2443 1480 2515 haec
1505 2444 1660 2542 spiritale
1684 2446 1821 2520 habuit.

237 2571 317 2656 Quo
336 2567 432 2639 enim
444 2566 520 2637 haec
533 2545 711 2636 virentem
724 2565 922 2636 Dominum
940 2562 1093 2661 amplius
1109 2562 1298 2654 dilexerat,
1315 2589 1423 2661 super
1444 2565 1519 2660 ejus
1537 2579 1653 2638 morte
1675 2568 1826 2667 amplius

237 2687 379 2774 afflicta,
397 2700 432 2757 et
444 2685 545 2782 quasi
558 2681 768 2755 mortificata
779 2683 903 2755 fuerat.
920 2682 1023 2756 Unde
1036 2697 1071 2754 et
1082 2683 1198 2782 prima
1211 2682 1257 2755 de
1270 2685 1529 2756 resurrectione
1542 2685 1823 2760 consolationem

238 2807 385 2896 meruit,
413 2830 492 2904 quae
515 2799 561 2875 de
583 2803 660 2899 ejus
682 2817 798 2874 morte
819 2802 971 2901 amplius
995 2803 1097 2873 anxia
1122 2817 1156 2874 et
1178 2817 1303 2874 moesta
1326 2803 1402 2874 suit.
1430 2804 1682 2901 Apostolorum
1705 2822 1824 2879 autem

237 2926 397 3026 apostola
415 2927 508 2998 dicta
530 2939 598 3015 est,
619 2923 689 2996 boc
712 2939 764 2995 est
784 2922 983 3020 legatorum
1001 2923 1135 3019 legata:
1155 2923 1256 3020 quod
1280 2947 1358 2994 eam
1381 2925 1558 2994 Dominus
1579 2926 1626 2995 ad
1644 2928 1824 3024 apostolos

237 3047 392 3146 primum
411 3046 594 3134 direxerit,
615 3059 654 3116 ut
670 3044 721 3116 eis
739 3044 1007 3115 resurrectionis
1030 3043 1197 3140 gaudium
1218 3045 1409 3115 nuntiaret.
1430 3045 1538 3116 Maria
1556 3045 1615 3117 illa
1633 3049 1764 3120 caeteris
1787 3050 1823 3120 in

237 3169 375 3240 cantico
389 3163 619 3264 preminebat,
637 3177 672 3234 et
687 3163 761 3234 haec
775 3177 857 3234 ante
876 3162 978 3248 alias,
997 3163 1127 3258 gaudio
1146 3165 1413 3235 resurrectionis
1430 3165 1549 3261 primo
1567 3179 1620 3238 est
1638 3169 1768 3264 potita;
1790 3185 1826 3240 et

238 3285 311 3360 haec
322 3289 441 3385 prima
458 3283 658 3357 nuntiando
673 3283 832 3380 praecinit
845 3281 944 3379 quod
962 3283 1077 3382 prima
1098 3281 1245 3353 viderat.
1271 3286 1353 3354 Post
1368 3283 1481 3380 ipsam
1501 3309 1602 3374 ver0,
1619 3286 1665 3358 ad
1683 3302 1823 3359 caeteras

238 3405 385 3476 feminas
400 3404 471 3478 boc
490 3403 661 3502 gaudium
682 3401 951 3473 resurrectionis
971 3401 1180 3500 priusquam
1199 3400 1245 3472 ad
1263 3401 1443 3499 apostolos
1465 3403 1519 3475 vel
1537 3404 1713 3502 quoslibet
1730 3408 1824 3480 viros

238 3528 408 3624 pervenit.
424 3530 521 3613 Quas
537 3525 642 3596 etiam
655 3523 832 3602 Dominus
844 3521 890 3592 ad
905 3521 1088 3620 apostolos
1101 3521 1257 3618 dirigens
1271 3521 1356 3592 ait¹:
1376 3551 1394 3590 u
1405 3527 1469 3612 lte,
1485 3525 1643 3598 nuntiate
1661 3526 1825 3600 fratribus

239 3649 325 3720 meis
339 3663 379 3720 ut
396 3661 478 3718 eant
493 3647 531 3716 in
549 3643 746 3728 Gallinam,
762 3658 828 3714 etc.
850 3670 868 3708 n
889 3641 959 3712 Ubi
976 3655 1212 3740 praeposterus
1228 3641 1373 3739 quidem
1394 3643 1484 3714 ordo
1503 3643 1640 3718 beatior
1658 3662 1693 3718 et
1710 3646 1826 3742 h0n07

239 3768 382 3842 rabilior
402 3765 609 3867 pensandus
632 3778 696 3836 est.
722 3768 760 3835 ln
784 3764 893 3836 veteri
914 3763 1047 3860 quippe
1073 3762 1206 3860 pascha
1232 3763 1391 3861 praedicti
1416 3765 1483 3835 viri
1510 3767 1690 3863 primitus,
1718 3769 1823 3840 etiam

240 3889 468 3988 postmodum
488 3886 626 3959 seminae
644 3886 812 3958 cecinisse
829 3897 1087 3956 memorantur.
1105 3888 1145 3953 ln
1164 3897 1288 3954 nostro
1302 3900 1420 3956 autem
1436 3887 1586 3985 pascha,
1602 3888 1674 3960 hoc
1692 3905 1745 3961 est
1761 3891 1824 3962 do·

240 4010 376 4081 mitticae
401 4006 668 4080 resurrectionis
689 4004 762 4095 die,
784 4002 938 4102 spiritale
962 4002 1140 4074 canticum
1157 4002 1381 4075 exultationis
1399 4005 1444 4076 de
1465 4007 1687 4104 apparitione
1707 4035 1823 4082 resur-

132 4197 136 4204 .
240 4130 405 4201 rectionis
426 4129 524 4227 prius
546 4126 686 4197 feminae
710 4149 818 4223 quam
838 4125 905 4194 viri
924 4123 1061 4220 adeptae
1091 4131 1186 4195 sunt.
1214 4122 1347 4195 Pascha
1373 4139 1493 4197 autem
1514 4125 1696 4218 hebraice,
1711 4128 1825 4225 plume

240 4277 366 4348 graeoe,
395 4249 502 4322 latine
528 4251 697 4320 banaiau
724 4247 864 4319 dicitur.
895 4249 934 4316 ln
963 4245 1073 4317 veteri
1098 4247 1231 4344 quippe
1257 4245 1411 4343 pascha,
1438 4248 1614 4320 Dominus
1636 4274 1701 4346 per
1719 4253 1824 4347 AEgy-

240 4386 341 4469 ptum
360 4371 564 4458 transiens³,
583 4367 827 4465 primogenitis
840 4365 1042 4455 intersectis,
1059 4380 1094 4437 et
1112 4389 1177 4464 per
1194 4365 1382 4438 transitum
1396 4367 1502 4437 maris
1521 4363 1628 4438 Rubri
1648 4368 1823 4468 populum

239 4515 343 4564 suum
364 4489 534 4579 liberans,
550 4488 597 4559 de
615 4487 762 4560 nomine
777 4487 945 4558 transitus
958 4485 1054 4557 hanc
1073 4484 1333 4558 solemnitatem
1351 4486 1549 4584 insignivit.¹
1562 4491 1717 4560 Praesens
1736 4515 1824 4588 quo-

240 4637 310 4710 que
330 4610 518 4682 dominicae
547 4607 815 4680 resurrectionis
837 4605 912 4678 dies
939 4629 1013 4676 non
1040 4606 1236 4703 incongrue
1255 4606 1388 4706 pascha
1412 4607 1553 4679 dicitur.
1584 4613 1662 4707 lpsa
1691 4609 1824 4707 quippe

240 4731 439 4802 immutatio
455 4729 622 4800 humanae
638 4742 773 4800 naturae
783 4725 830 4799 de
847 4724 1060 4798 mortalitate
1072 4725 1119 4797 ad
1135 4725 1457 4817 immortalitatem,
1472 4728 1518 4799 de
1532 4727 1761 4825 corruptione
1778 4729 1824 4799 ad

241 4849 559 4948 incorruptionem,
571 4846 718 4945 quidam
728 4847 765 4917 iu
777 4845 917 4917 Christo
931 4845 1098 4918 transitus
1110 4859 1145 4917 et
1159 4859 1278 4918 motus
1289 4845 1365 4917 fuit.
1379 4846 1516 4919 Transit
1529 4847 1662 4947 quippe
1673 4846 1708 4916 in
1718 4845 1823 4919 aliam

242 4972 375 5062 statim,
391 4985 427 5044 et
437 4968 709 5069 quodammodo
725 4982 902 5060 movetur,
917 4967 999 5065 quia
1013 4967 1049 5038 in
1062 4965 1158 5039 aliud
1175 4992 1283 5065 quarn
1299 4962 1398 5068 prius
1414 4967 1542 5062 fuerat,
1563 4986 1820 5060 commutatum

276 5245 284 5274 ¹
302 5245 390 5300 Psalm.
400 5262 442 5306 ct..
452 5261 476 5298 r.
487 5248 546 5298 1.-
558 5243 569 5272 ¹
580 5242 679 5310 Dattlr„
691 5257 747 5310 cap.
760 5258 852 5304 nnn,
865 5257 889 5293 r.
906 5243 944 5294 10.
959 5268 989 5280 -
1002 5241 1117 5300 'Exod.,
1128 5255 1185 5307 eap-
1198 5257 1242 5294 ιιι.
