4522 6104
1027 563 1157 637 PETRI
1183 555 1418 640 ABAELARDI

885 704 1029 766 annuant
1041 706 1121 768 votis
1135 705 1325 788 supplicum,

890 807 928 866 Et
941 805 1011 868 vitae
1024 817 1154 888 poscant
1168 809 1337 890 praemium.

425 978 539 1049 Audio
557 993 592 1049 te
608 992 728 1050 tamen
746 976 861 1048 solere
878 1001 1063 1076 opponere
1080 978 1185 1051 nobis
1201 979 1289 1052 illud
1305 957 1451 1080 quoque
1466 980 1676 1078 Hieronymi
1692 981 1806 1051 nostri
1816 985 1844 1050 ¹:
1863 1009 1882 1048 u
1894 983 2017 1054 Mona·

425 1097 531 1186 chus,
549 1099 579 1168 si
596 1097 782 1186 ceciderit,
803 1097 943 1192 rogabit
960 1124 1027 1196 pro
1045 1125 1089 1170 eo
1106 1101 1297 1172 sacerdos:
1318 1127 1385 1200 pro
1404 1102 1598 1173 sacerdotis
1614 1100 1715 1199 lapsu
1732 1101 1811 1198 quis
1827 1116 2014 1196 rogaturus

424 1219 497 1287 est?
510 1245 528 1284 a
547 1217 655 1303 Quod
672 1232 768 1289 certe
784 1241 1000 1315 quacunque
1017 1220 1159 1291 ratione
1175 1219 1326 1310 diceres,
1339 1222 1368 1292 si
1381 1220 1583 1292 nullatenus
1596 1219 1796 1293 monachos
1812 1220 2014 1292 sacerdotes

423 1363 499 1410 esse
509 1340 746 1435 contingeret.
760 1343 882 1426 Quum
894 1365 980 1411 vero
991 1340 1078 1412 dicit
1091 1368 1099 1411 :
1113 1345 1131 1410 ir
1144 1341 1341 1413 Monachus
1354 1357 1408 1414 est
1418 1342 1585 1416 sacerdos
1601 1343 1741 1440 utique,
1755 1369 1773 1410 u
1785 1340 1873 1412 illud
1892 1341 2014 1413 distin·

424 1457 498 1553 guit
510 1458 732 1529 monachum
742 1458 908 1529 aditione
918 1459 1121 1530 ¹sacerdotis
1132 1461 1193 1558 qui
1206 1460 1373 1532 sacerdos
1385 1485 1460 1531 non
1474 1461 1530 1532 sit.
1543 1461 1601 1531 Sic
1613 1461 1711 1531 enim
1722 1485 1836 1558 quum
1847 1459 2009 1548 dicimus,

422 1600 483 1647 rex
500 1593 535 1648 et
552 1576 671 1668 miles3
693 1577 748 1648 vel
766 1578 955 1675 episcopus
972 1593 1008 1648 et
1021 1577 1202 1664 sacerdos,
1219 1577 1274 1648 vel
1291 1579 1458 1651 sacerdos
1472 1594 1507 1649 et
1523 1579 1712 1667 diaconus,
1730 1579 1895 1676 quamvis
1908 1579 2012 1649 etiam

422 1723 522 1792 reges
539 1699 610 1770 sint
628 1698 770 1787 milites,
789 1697 846 1769 vel
863 1699 1022 1796 episcopi
1039 1699 1261 1788 sacerdotes,
1281 1698 1336 1771 vel
1354 1700 1558 1806 sacerdotes
1575 1699 1737 1788 diaconi3
1760 1698 1912 1770 militem
1933 1723 2012 1770 eum

423 1818 672 1916 intelligimus,
690 1821 752 1917 qui
768 1845 831 1890 rex
847 1842 922 1889 non
944 1820 1007 1909 sit,
1026 1835 1064 1918 et
1077 1817 1302 1891 sacerdotem
1319 1821 1382 1918 qui
1399 1844 1474 1891 non
1491 1821 1536 1891 sit
1552 1820 1755 1919 episcopus,
1770 1835 1805 1891 et
1821 1819 2013 1892 diaconum

423 1939 634 2036 simplicem.
657 1939 727 2010 Ubi
744 1939 852 2010 etiam
869 1941 981 2034 quum
999 1937 1086 2009 dicit
1103 1965 1111 2008 :
1135 1938 1319 2033 «Rogabit
1335 1963 1461 2036 proco
1478 1937 1659 2027 sacerdos,
1674 1967 1692 2006 n
1712 1937 1903 2037 specialem
1919 1938 2015 2011 illam

422 2062 567 2133 missam
588 2062 792 2133 orationem
816 2059 994 2154 intelligit,
1013 2082 1092 2154 quae
1108 2059 1257 2156 propria
1271 2073 1325 2130 est
1343 2059 1553 2148 sacerdotis,
1574 2083 1650 2130 non
1664 2083 1743 2157 quae
1760 2059 1907 2131 cuilibet
1919 2060 2013 2156 justo

422 2179 606 2277 competit.
638 2183 757 2265 Quam
783 2193 819 2248 et
844 2177 1029 2275 apostolus
1056 2175 1268 2272 generaliter
1289 2176 1571 2265 commendans,
1599 2177 1671 2248 ait’
1691 2205 1699 2247 :
1722 2176 1906 2248 «Multum
1925 2176 2014 2250 valet

422 2297 520 2367 enim
546 2297 752 2395 deprecatio
772 2296 858 2391 justi
880 2295 1068 2366 assidua.»
1096 2298 1179 2381 Quo
1196 2296 1293 2367 enim
1313 2296 1464 2393 quisque
1482 2296 1611 2391 justior
1632 2311 1706 2388 est,
1731 2293 1840 2367 abeo
1857 2296 2013 2367 exaudiri

422 2433 597 2506 meretur,
614 2417 676 2513 qui
694 2431 857 2488 nontam
877 2414 986 2486 verba
1001 2439 1110 2512 quam
1130 2429 1240 2514 opera
1259 2431 1403 2513 pensat,
1423 2431 1580 2488 nectam
1601 2414 1760 2512 linguam
1776 2441 1886 2514 quam
1903 2416 2012 2487 vitam

423 2537 640 2610 considerat.
666 2541 851 2624 Quantum
873 2551 993 2608 autem
1010 2535 1056 2607 de
1072 2535 1293 2634 perfectione
1309 2561 1374 2608 sua
1392 2537 1501 2608 vitam
1517 2535 1754 2608 monasticam
1771 2536 1867 2608 idem
1882 2536 2011 2608 doctor

423 2672 548 2728 vestrae
556 2656 734 2756 praeferat,
746 2671 910 2754 patenter
923 2657 1081 2727 insinuat
1092 2655 1143 2726 ad
1147 2655 1378 2728 Heliodorum
1390 2656 1611 2731 monachum
1620 2656 1676 2728 his
1689 2656 1849 2728 scribens
1857 2655 2009 2729 verbis⁸:

425 2811 441 2848 κ
456 2787 694 2878 Interpretare
707 2778 926 2852 vocabulum
943 2779 1131 2869 monachi,
1155 2779 1226 2851 boc
1247 2795 1300 2851 est
1325 2805 1460 2852 nomen
1486 2795 1601 2852 tuum.
1631 2779 1727 2867 Quid
1746 2778 1833 2851 facis
1854 2780 1891 2850 in
1908 2778 2012 2852 turba

421 2903 483 2998 qui
500 2900 597 2972 solus
618 2901 676 2972 es?
699 2899 795 2987 Quid
812 2901 918 2996 ergo?
941 2901 1156 2997 Quicunque
1176 2900 1213 2969 in
1236 2899 1378 2971 civitate
1398 2915 1498 2990 sunt,
1518 2899 1703 2971 christiani
1719 2923 1796 2970 non
1816 2901 1921 2971 sunt?
1939 2925 2010 2970 non

419 3037 475 3097 ,est
486 3019 551 3092 tibi
562 3021 690 3092 eadem
700 3044 806 3092 causa
817 3045 896 3118 quae
907 3020 1063 3092 caeteris?
1078 3021 1277 3091 Dominum
1290 3021 1449 3093 ausculta
1462 3020 1659 3093 dicentem*
1672 3047 1679 3091 ε
1695 3049 1711 3088 r<
1726 3020 1762 3090 si
1771 3020 1825 3092 vis
1838 3020 2010 3120 perfectus

425 3169 441 3206 α
462 3165 551 3228 esse,
570 3139 676 3229 vade,
695 3139 812 3210 vende
831 3141 954 3212 omnia
970 3165 1050 3237 quae
1065 3139 1177 3213 habes
1193 3155 1228 3212 et
1246 3140 1293 3212 da
1309 3139 1546 3239 pauperibus,
1567 3155 1603 3212 et
1620 3141 1715 3230 veni,
1736 3165 1887 3239 sequere
1904 3165 1972 3212 me.
1991 3171 2008 3207 n

421 3266 472 3334 Tu
488 3279 609 3335 autem
625 3263 824 3361 perfectum
841 3277 876 3334 te
893 3287 969 3334 esse
982 3262 1161 3360 pollicitus
1178 3287 1228 3334 es.
1242 3265 1332 3334 Nam
1350 3287 1476 3361 quum,
1493 3260 1663 3334 derelicta
1680 3262 1808 3334 militia
1823 3263 2007 3352 mundiali,

422 3384 582 3454 castrasti
600 3397 634 3454 tc
651 3397 800 3480 propter
815 3407 967 3477 regnum
984 3381 1172 3471 coelorum,
1189 3380 1278 3479 quid
1295 3381 1393 3454 aliud
1409 3405 1520 3478 quam
1535 3381 1731 3480 perfectam
1747 3395 1890 3454 secutus
1907 3405 1943 3452 es
1959 3383 2008 3452 vi·

421 3503 516 3572 tarn?
530 3530 546 3568 n
566 3505 610 3573 Et
626 3517 709 3599 post
727 3501 845 3599 aliqua
866 3529 874 3572 ι
895 3530 912 3568 n
924 3501 1012 3589 Alia,
1028 3529 1046 3568 n
1073 3501 1203 3598 inquit,
1226 3530 1244 3568 α
1258 3516 1299 3571 ut
1315 3517 1399 3574 ante
1415 3501 1618 3600 perstrinxi,
1638 3499 1807 3572 monachi
1824 3515 2006 3588 causaest,

422 3622 489 3695 alia
515 3621 751 3694 clericorum:
769 3650 787 3688 n
815 3622 887 3693 hoc
910 3637 980 3711 est,
999 3621 1106 3718 longe
1128 3621 1174 3694 ab
1197 3623 1352 3694 invicem
1377 3648 1503 3695 eorum
1527 3623 1702 3721 professio
1725 3637 1760 3695 et
1787 3625 2007 3696 conversatio

421 3742 542 3831 distat,
556 3757 591 3813 et
602 3742 764 3840 ipsorum
776 3743 1003 3839 propositum
1015 3741 1129 3814 tendit
1143 3740 1190 3814 ad
1198 3741 1353 3834 diversa,
1371 3772 1388 3812 r<
1401 3744 1505 3833 sicut,
1520 3770 1538 3807 n
1558 3743 1619 3832 ait,
1644 3772 1661 3810 rr
1675 3757 1758 3815 ante
1773 3745 1973 3842 perstrinxi.
1988 3775 2004 3811 n

421 3863 529 3951 Quod
548 3864 696 3962 quidem
713 3863 775 3936 ubi
797 3865 940 3954 faceret,
961 3865 1131 3962 assignari
1148 3891 1224 3936 non
1242 3880 1374 3963 potest,
1394 3865 1463 3936 nisi
1484 3864 1547 3935 ubi
1564 3864 1821 3962 perfectionem
1838 3866 2008 3937 monasti·

421 4011 501 4060 cam
518 4013 539 4060 a
555 3989 627 4059 vita
649 3985 809 4058 fidelium
832 3987 869 4056 in
894 3988 1036 4058 civitate
1059 3987 1363 4058 commorantium
1383 3984 1561 4076 distinxit,
1586 3986 1733 4058 dicens:
1756 4016 1774 4054 rr
1787 3986 1883 4073 Quid
1905 3987 2007 4084 ergo?

420 4109 634 4205 Quicunque
646 4108 682 4178 in
690 4108 832 4179 civitate
844 4132 919 4178 non
930 4123 1027 4197 sunt,
1040 4099 1223 4179 christiani
1240 4109 1343 4178 sunt?
1352 4136 1370 4174 n
1390 4107 1460 4194 Qui
1478 4107 1585 4179 etiam
1597 4105 1648 4178 ad
1658 4107 1851 4178 Paulinum
1862 4108 2006 4206 presby·

400 4235 401 4240 ’
420 4242 537 4300 terum
551 4225 704 4298 simulet
720 4226 940 4298 monachum
957 4226 1135 4315 scribens,
1155 4227 1303 4298 clericos
1319 4227 1432 4323 magis
1443 4225 1715 4298 inter-homines
1725 4228 1931 4299 conversari
1946 4227 2005 4297 de-

375 4339 377 4344 ’
419 4346 522 4434 bere,
542 4370 651 4442 quam
670 4345 875 4417 monasticae
897 4344 1100 4418 solitudinis
1118 4347 1378 4444 perfectionem
1398 4362 1522 4417 tenere
1541 4361 1705 4444 patenter
1721 4345 1778 4418 his
1796 4346 1915 4420 verbis
1928 4347 2007 4418 insi·
2068 4421 2073 4430 ,

419 4471 547 4539 nuat⁸:
567 4467 691 4554 «Quia
708 4467 826 4563 igitur,
843 4466 964 4555 frater,
982 4493 1040 4539 me
1059 4468 1269 4564 interrogas,
1286 4492 1351 4566 per
1369 4491 1480 4564 quam
1497 4468 1594 4538 viam
1606 4465 1775 4538 incedere
1793 4466 1938 4554 debeas,
1952 4491 2003 4537 re·

418 4587 533 4658 velata
549 4601 669 4657 tecum
687 4585 776 4656 facie
792 4583 933 4682 loquar.
958 4587 993 4657 Si
1010 4585 1172 4658 officium
1189 4587 1242 4658 vis
1263 4611 1426 4659 exercere
1450 4585 1667 4684 presbyteri,
1685 4587 1714 4658 si
1731 4587 1956 4686 episcopatus
1973 4601 2004 4655 te

417 4703 474 4774 vel
491 4703 654 4802 opusvel
670 4703 791 4774 honor
807 4702 900 4774 forte
924 4703 1095 4793 delectat,
1114 4706 1194 4776 vive
1211 4705 1248 4775 in
1266 4703 1416 4777 urbibus
1438 4721 1473 4776 et
1495 4703 1665 4794 castellis,
1690 4718 1726 4777 et
1744 4704 1898 4776 aliorum
1914 4703 2003 4775 salu-

419 4839 490 4895 tem
509 4824 564 4896 fac
582 4824 724 4897 lucrum
741 4825 868 4897 animae
883 4839 965 4896 tuae.
984 4825 1045 4896 Sin
1070 4841 1191 4898 autem
1215 4826 1315 4924 cupis
1338 4825 1535 4924 essequod
1560 4825 1708 4915 diceris,
1729 4824 1947 4912 monachus,
1969 4822 2002 4894 id

453 5102 554 5168 ¹,opp
570 5113 589 5154 t.
608 5104 650 5164 tt,
665 5115 729 5170 part.
749 5107 786 5168 ll,
799 5106 847 5157 col.
863 5109 899 5154 11
912 5104 1063 5156 -⁸Jacob
1069 5121 1144 5174 ,cap
1160 5123 1190 5166 r,
1235 5122 1290 5172 cap.
1305 5123 1362 5168 xix,
1376 5111 1498 5158 r..-2l
1512 5107 1609 5175 'Epist
1631 5119 1707 5170 xurx,
1729 5107 1790 5170 opp.
1804 5115 1822 5158 t.
1835 5104 1878 5166 tt,
1895 5115 1955 5170 part.
1967 5105 2000 5166 tt,

420 5189 660 5258 smil-'Epistu
673 5191 744 5254 opp„
757 5191 820 5242 clv
823 5202 903 5258 ἰρινῑ
917 5192 949 5255 ll,
957 5191 1042 5242 col..9
1044 5189 1191 5253 -.,‘llatth
1234 5190 1351 5241 ου1.565.
