4588 6106
476 677 546 748 l70
911 672 1039 742 PETRl
1066 671 1301 743 ABAELARDl
1328 673 1383 744 ET
1408 671 1634 746 HELOISSAE

473 815 581 886 sumit
598 813 799 901 honorem,
827 810 890 883 sed
913 813 974 910 qui
992 827 1142 884 vocatur
1162 837 1183 882 a
1201 817 1278 884 Deo
1304 828 1473 910 tanquam
1494 819 1623 885 Aaron.
1643 841 1661 880 a
1693 817 1824 885 Vocata
1848 813 1966 910 lugeat
1990 829 2062 886 tan·
2116 874 2122 888 .

473 959 582 1032 quarn
601 931 647 1004 ad
664 945 817 1003 mortem
830 930 1006 1022 deducta,
1030 931 1169 1030 repulsa
1184 933 1336 1030 gaudeat
1356 949 1527 1030 tanquam
1541 959 1562 1004 a
1574 947 1691 1004 morte
1704 931 1862 1005 liberata.
1881 933 2061 1006 Erubesci-

473 1080 553 1128 mus
577 1053 624 1124 ad
648 1050 756 1124 verba
778 1076 857 1150 quae
881 1053 1033 1124 dicimus
1059 1054 1192 1124 caeteris
1211 1054 1398 1146 meliores;
1419 1079 1533 1152 quum
1555 1069 1675 1126 autern
1695 1055 1731 1125 in
1750 1054 1923 1126 electione
1942 1068 2061 1125 nostra

472 1174 578 1246 rebus
597 1175 682 1272 ipsis
700 1174 771 1245 boc
791 1173 1002 1262 exhibetur,
1025 1174 1254 1274 impudenter
1273 1176 1349 1247 sine
1370 1175 1509 1275 pudore
1528 1199 1663 1246 sumus.
1692 1175 1780 1262 Quis
1806 1175 1902 1246 enirn
1930 1174 2062 1246 nesciat

472 1293 636 1364 meliores
655 1295 788 1365 caeteris
807 1294 1075 1392 praeferendos?
1096 1295 1200 1366 Unde
1218 1295 1280 1366 lib.
1303 1296 1498 1367 Moralium
1516 1299 1649 1367 XXIV¹
1667 1325 1675 1366 ι
1696 1325 1714 1364 a
1728 1300 1807 1367 Non
1823 1296 1930 1368 debet
1943 1311 2060 1369 autem

471 1413 662 1486 bominum
686 1413 856 1486 ducatum
875 1415 1075 1514 suscipere,
1097 1417 1160 1514 qui
1178 1417 1290 1488 nescit
1307 1417 1474 1488 homines
1497 1416 1589 1488 bene
1609 1415 1840 1488 admonendo
1863 1418 2057 1515 increpare.

471 1536 543 1623 Qui
561 1533 694 1607 adhoc
713 1535 852 1632 eligitur
872 1551 911 1606 ut
929 1536 1081 1607 aliorum
1100 1535 1222 1635 culpas
1240 1539 1416 1634 corrigat,
1436 1536 1535 1635 quod
1551 1538 1702 1609 resecari
1720 1537 1843 1608 debuit
1869 1538 1944 1635 ipse
1962 1561 2060 1608 com-

472 1656 599 1726 mittat.
621 1683 638 1722 u
659 1659 698 1726 ln
718 1681 790 1753 qua
810 1672 930 1728 tamen
950 1657 1123 1728 electione
1142 1659 1171 1727 si
1192 1659 1282 1730 forte
1305 1657 1399 1729 hanc
1417 1658 1675 1756 impudentiam
1695 1657 1887 1755 aliquando
1902 1657 1971 1728 levi
1987 1682 2062 1729 ver·

472 1775 603 1849 borum
619 1777 780 1875 repulsa,
801 1792 921 1850 tamen
941 1804 1005 1876 per
1022 1803 1124 1849 aures
1143 1777 1300 1850 oblatam
1319 1803 1524 1852 recusamus
1542 1777 1768 1876 dignitatem,
1791 1777 1885 1848 hanc
1903 1775 2061 1876 profecto

473 1898 510 1967 in
534 1922 601 1968 nos
624 1899 885 1969 accusationem
904 1899 1138 1998 proferimus,
1170 1923 1242 1996 quo
1260 1899 1427 1996 justiores
1447 1914 1483 1972 et
1500 1899 1680 1996 digniores
1702 1898 1899 1970 videamur.
1926 1901 1958 1968 Ο
1976 1912 2064 1994 quot

472 2018 510 2088 in
539 2017 711 2090 electione
735 2043 798 2090 sua
819 2019 904 2090 flere
928 2019 1083 2090 vidimus
1106 2044 1259 2119 corpore
1282 2035 1317 2093 et
1346 2020 1463 2094 ridere
1481 2015 1614 2092 cordel
1647 2044 1814 2092 accusare
1832 2043 1869 2089 se
1894 2032 2062 2115 tanquam

473 2137 661 2234 indignos,
693 2153 729 2210 et
752 2163 818 2237 per
839 2139 910 2210 hoc
929 2140 1076 2236 gratiam
1102 2139 1168 2211 sibi
1191 2155 1225 2212 et
1244 2141 1401 2212 favorem
1426 2140 1626 2212 humanum
1645 2141 1756 2237 magis
1777 2135 1922 2210 venari!
1953 2153 2063 2211 atten-

475 2258 600 2332 dentes
619 2260 718 2356 quod
737 2260 907 2358 scripturn
926 2275 979 2332 est
993 2263 1026 2332 ¹:
1047 2289 1064 2328 a
1079 2265 1197 2332 lustus
1209 2262 1308 2359 prior
1321 2276 1507 2332 accusator
1520 2276 1573 2332 est
1585 2261 1650 2331 sui.
1668 2287 1685 2327 a
1701 2264 1801 2348 Quos
1815 2272 1940 2357 postea
1953 2283 2062 2355 quum

476 2382 633 2451 accusari
651 2382 897 2478 contingeret,
924 2396 958 2452 et
977 2405 1015 2452 se
1036 2383 1085 2452 eis
1103 2381 1244 2452 occasio
1269 2381 1422 2453 cedendi
1441 2381 1604 2476 offerret,
1625 2381 1929 2479 importunissime
1948 2393 1984 2450 et
2001 2379 2063 2449 im·

477 2499 733 2596 pudentissimo
750 2525 852 2572 suam
870 2499 936 2572 sibi
956 2500 1198 2601 praelationem
1216 2499 1408 2573 defendere
1427 2502 1611 2591 nituntur,
1633 2525 1741 2598 quam
1755 2519 1793 2570 se
1806 2498 1936 2570 invitos
1949 2522 2064 2570 susce·
2085 2559 2087 2562 .

475 2621 569 2717 pisse
593 2621 683 2693 fictis
706 2620 871 2718 lacrymis
900 2636 935 2692 et
954 2623 1044 2692 veris
1063 2619 1348 2693 accusationibus
1370 2623 1425 2693 sui
1448 2635 1747 2694 monstraverant.
1770 2624 1869 2706 Quot
1888 2618 1925 2690 in
1952 2617 2064 2690 ecele-

478 2742 537 2812 siis
556 2741 708 2814 vidimus
727 2744 919 2814 canonicos
937 2742 1112 2841 episcopis
1131 2745 1202 2814 suis
1221 2743 1455 2833 reluctantes,
1477 2769 1589 2840 quum
1604 2742 1651 2814 ab
1664 2743 1714 2815 eis
1727 2742 1774 2813 ad
1788 2766 1907 2814 sacros
1921 2739 2064 2813 ordines

478 2878 711 2960 cogerentur,
743 2878 777 2934 et
808 2887 846 2934 se
877 2861 1180 2960 indignosatantis
1211 2864 1413 2934 ministeriis
1439 2862 1670 2962 profitentes,
1704 2885 1771 2934 nec
1796 2863 1947 2933 omnino
1977 2860 2065 2934 velle

477 2983 699 3080 acquiescere
711 2985 725 3052 l
736 3008 827 3081 quos
836 3009 948 3080 quum
960 2983 1051 3055 forte
1065 2983 1180 3056 clerus
1194 2982 1240 3054 ad
1254 2983 1497 3083 episcopatum
1507 2983 1742 3082 postmodum
1756 2981 1914 3080 eligeret,
1931 2981 2064 3053 nullam

477 3119 538 3179 aut
556 3105 672 3177 levem
691 3129 879 3203 perpessus
899 3119 951 3176 est
972 3103 1163 3203 repulsam.
1186 3108 1228 3176 Et
1246 3106 1308 3201 qui
1326 3104 1427 3195 heri,
1451 3105 1542 3176 sicut
1563 3102 1723 3190 aiebant,
1745 3105 1871 3174 animae
1889 3127 1960 3172 suae
1978 3101 2066 3200 peri·

478 3226 601 3298 culum
629 3226 802 3315 vitantes,
824 3224 1053 3296 diaconatum
1073 3224 1314 3321 refugiebant,
1343 3223 1418 3321 jam
1437 3225 1539 3322 quasi
1565 3248 1637 3296 una
1660 3238 1765 3296 nocte
1787 3221 1993 3320 justificati,
2020 3219 2065 3291 de

477 3343 602 3417 altiore
628 3345 738 3440 gradu
763 3345 995 3443 praecipitium
1023 3367 1098 3415 non
1116 3359 1296 3418 verentur.
1318 3349 1371 3416 De
1390 3344 1554 3442 qualibus
1574 3343 1720 3442 quidem
1738 3345 1774 3415 in
1794 3344 1878 3442 ipsis
1895 3342 2064 3441 scripturn

479 3463 755 3536 cstProuerbri's'
769 3489 776 3534 :
795 3493 812 3531 a
824 3468 943 3534 Homo
957 3463 1084 3535 stultus
1094 3462 1242 3561 plaudet
1253 3463 1432 3554 manibus,
1449 3489 1562 3560 quum
1574 3462 1811 3563 spoponderit
1824 3487 1890 3560 pro
1904 3462 2031 3533 amico.
2046 3489 2063 3526 a

478 3589 576 3656 Tunc
589 3584 686 3656 enim
704 3584 811 3655 miser
830 3584 961 3681 gaudet
977 3583 1075 3654 unde
1093 3583 1212 3680 potius
1231 3584 1262 3654 ei
1280 3583 1478 3681 lugendum
1495 3598 1603 3674 esset,
1620 3609 1732 3680 quum
1747 3582 1793 3654 ad
1806 3584 1964 3678 regimen
1978 3579 2065 3653 alio·
2147 3605 2149 3612 ’

478 3729 560 3776 rum
577 3703 723 3776 veniens
742 3705 778 3775 in
798 3727 884 3775 cura
902 3703 1145 3800 subjectorum
1165 3704 1310 3801 propria
1333 3703 1554 3802 professione
1577 3704 1728 3800 ligatur,
1759 3727 1780 3772 a
1802 3701 1932 3799 quibus
1957 3702 2065 3800 magis

478 3824 589 3896 amari
613 3848 722 3921 quam
752 3824 868 3895 timeri
890 3823 1008 3896 debet.
1031 3823 1095 3894 Cui
1121 3821 1282 3922 profecto
1300 3823 1507 3923 pestilentiae
1532 3837 1708 3920 quantum
1732 3835 1924 3921 possumus
1948 3822 2066 3920 provi·

478 3943 603 4016 dentes
632 3945 781 4015 omnino
817 3944 1086 4035 interdicimus,
1120 3968 1166 4016 ue
1196 3943 1379 4016 delicatius
1408 3959 1470 4016 aut
1498 3943 1640 4015 mollius
1667 3945 1762 4014 vivat
1793 3941 1935 4041 praelata
1958 3968 2066 4040 quam

478 4063 634 4161 subjecta
659 4092 666 4134 :
694 4090 739 4136 ne
767 4065 925 4164 privatos
952 4063 1082 4136 lrabeat
1099 4089 1257 4136 secessus
1279 4064 1325 4135 ad
1347 4063 1611 4136 comedendum
1631 4063 1685 4135 vel
1705 4063 1982 4153 dormiendum,
2005 4064 2066 4136 sed

477 4208 560 4256 cum
578 4184 643 4255 sibi
662 4186 855 4257 commisso
869 4209 973 4283 grege
986 4199 1112 4256 cuncta
1127 4198 1293 4283 peragat,
1310 4199 1346 4256 et
1358 4200 1458 4256 tanto
1477 4185 1527 4256 eis
1545 4184 1697 4283 amplius
1713 4182 1915 4283 provideat,
1932 4199 2065 4281 quanto

477 4305 526 4376 eis
541 4305 694 4404 amplius
713 4331 867 4404 praesens
888 4307 1034 4378 assistet.
1059 4304 1197 4376 Scimus
1220 4303 1525 4404 quidembeatum
1545 4305 1777 4377 Benedictum
1789 4306 1800 4342 ⁸
1812 4304 1858 4375 de
1874 4305 2066 4402 peregrinis

477 4440 513 4498 et
528 4427 728 4526 hospitibus
749 4427 901 4498 maxime
919 4427 1129 4515 sollicitum,
1153 4451 1315 4498 mensam
1329 4425 1467 4499 abbatis
1476 4451 1558 4500 cum
1575 4427 1642 4499 illis
1656 4453 1818 4500 seorsum
1829 4428 2062 4500 constituisse.

478 4548 585 4635 Quod
604 4547 687 4620 licet
711 4565 797 4620 tunc
822 4549 880 4646 pie
906 4549 950 4619 sit
976 4549 1231 4638 constitutum,
1263 4563 1388 4646 postea
1412 4563 1531 4620 tamen
1558 4549 1741 4621 utilissima
1768 4549 2066 4621 monasteriorum

479 4667 745 4766 dispensatione
764 4669 813 4740 ita
836 4683 889 4740 est
909 4669 1158 4758 immutatum,
1179 4683 1218 4739 ut
1238 4668 1347 4740 abbas
1367 4693 1387 4739 a
1405 4684 1585 4740 conventu
1602 4693 1676 4740 nou
1695 4668 1860 4759 recedat,
1877 4683 1912 4740 et
1925 4667 2067 4739 fidelem

480 4788 760 4888 dispensatorem
790 4789 985 4888 peregrinis
1012 4789 1212 4889 provideat.
1234 4790 1356 4862 Facilis
1379 4791 1512 4889 quippe
1533 4805 1586 4862 est
1606 4790 1699 4862 inter
1725 4789 1847 4890 epulas
1869 4788 2009 4889 lapsus,
2034 4805 2068 4862 et

515 5056 1106 5122 ¹Locuscorruptus.sicrestituendusscllon
1121 5057 1259 5109 autemde-
1293 5060 1318 5109 S.
1334 5059 1444 5122 Gregorii
1466 5059 1565 5115 itcrat,
1588 5056 1629 5104 lib.
1650 5055 1735 5118 XXIV,
1756 5072 1812 5120 cap.
1834 5073 1894 5116 xxv,
1919 5057 1980 5119 opp.
2003 5067 2012 5106 t
2042 5057 2066 5116 1,

481 5143 523 5192 bet
534 5142 658 5194 bominum
669 5141 783 5192 ducatum
794 5143 929 5208 suscipere,
937 5145 977 5210 qui
990 5145 1067 5194 nescit
1075 5144 1185 5193 homines
1196 5141 1259 5194 benc
1293 5143 1340 5194 eol.
1351 5141 1455 5193 tau-¹
1467 5145 1553 5198 Pron,
1565 5155 1621 5206 cap.
1632 5157 1704 5199 xrtn,
1715 5157 1738 5190 v.
1752 5139 1836 5189 tr.-¹
1847 5141 1920 5190 Pron.
1928 5178 1934 5200 ,
1942 5157 1997 5206 cap.
2009 5155 2066 5198 xrn,

396 5235 398 5239 ’
483 5227 585 5278 vivendo
604 5226 691 5292 preire
702 5246 708 5275 :
721 5242 752 5277 ne
766 5227 806 5293 qui
822 5225 852 5276 ad
869 5227 916 5278 hoc
933 5229 1040 5294 eligitur,
1051 5239 1078 5278 ut
1089 5229 1192 5278 aliorum
1207 5229 1260 5278 cul·
1293 5245 1317 5277 v.
1332 5231 1369 5278 ts.
1384 5255 1413 5264 -—
1426 5225 1436 5252 ⁴
1450 5227 1545 5291 Regni,
1557 5241 1612 5288 cap.
1626 5241 1671 5274 sn.

484 5329 526 5378 pas
548 5314 668 5380 corrigat,
685 5310 750 5380 quod
770 5327 882 5364 resecare
903 5311 1002 5375 debuit,
1020 5313 1073 5378 ipse
1091 5313 1233 5364 committat·
1246 5333 1259 5356 ι
