4496 6102
450 602 522 674 394
622 593 657 648 ⁸
1046 595 1173 669 PE'l'lll
1199 595 1433 668 ABAEttam

449 739 590 828 rabant,
610 737 705 812 istud
724 753 842 810 autem
855 737 954 834 quod
969 751 1131 809 nostrum
1146 751 1199 810 est
1215 738 1290 834 ipse
1306 734 1499 808 constituit.
1514 732 1585 806 Sed
1601 733 1677 831 ipse
1694 731 1806 804 faetus
1819 747 1872 804 est
1884 731 2025 831 pascha.

448 863 492 930 Et
508 884 573 930 cur
589 856 677 930 illud
695 858 949 930 manducavit?
974 858 1065 945 Quia
1088 859 1209 929 omnia
1229 881 1308 955 quae
1325 855 1411 953 legis
1431 871 1513 927 sunt
1536 853 1756 954 adimplevit.
1775 857 1864 925 Nam
1884 851 2028 951 quando

448 976 692 1074 baptizabatur
708 975 888 1049 dicebat¹:
913 1005 931 1044 ιι
952 977 1008 1048 Sic
1026 976 1123 1048 enim
1141 976 1244 1050 decet
1261 1000 1327 1047 nos
1344 974 1492 1074 implere
1509 997 1654 1046 omnem
1674 973 1859 1070 justitiam.
1879 999 1898 1039 u
1920 975 2028 1062 ltem,

448 1100 544 1167 Deus
569 1093 681 1168 filium
708 1121 812 1167 suum
841 1097 935 1168 misit
959 1077 1083 1166 natum
1104 1095 1150 1168 de
1172 1095 1339 1186 muliere,
1365 1095 1497 1166 factum
1521 1093 1588 1165 suh
1613 1093 1708 1190 lege,
1733 1107 1772 1164 ut
1795 1117 1856 1165 eos
1876 1093 1940 1190 qui
1966 1089 2031 1164 sub

448 1214 525 1312 lege
538 1229 639 1287 crant
659 1215 868 1306 redimeret,
884 1229 920 1287 et
935 1215 1002 1314 ipsi
1019 1214 1087 1312 legi
1101 1215 1260 1312 requiem
1272 1214 1373 1288 daret
1390 1241 1398 1285 :
1414 1229 1450 1286 et
1466 1227 1505 1284 ut
1519 1237 1627 1285 nemo
1644 1213 1740 1284 dicat
1757 1212 1841 1311 quia
1854 1212 1936 1284 ideo
1954 1235 2030 1284 eam

449 1336 644 1426 evacuavit,
666 1339 749 1434 quia
769 1331 849 1409 eam
863 1337 1044 1436 complere
1064 1351 1103 1408 ut
1115 1336 1302 1410 molestam
1314 1334 1509 1408 etarduam
1521 1359 1595 1406 non
1611 1334 1740 1426 valuit,
1756 1335 1831 1432 ipsc
1843 1334 1943 1432 prius
1954 1357 2031 1405 earn

450 1455 662 1553 complevit,
677 1457 774 1528 etsie
793 1457 874 1528 lecit
892 1441 1125 1554 requiescere.

498 1580 623 1648 Factus
639 1591 692 1648 est
708 1577 828 1675 itaque
846 1575 1021 1674 sublege,
1039 1575 1147 1648 ut'sic
1162 1577 1421 1673 competentius
1433 1600 1500 1646 nos
1516 1574 1712 1647 liberareta
1726 1573 1824 1671 lege,
1845 1570 1942 1644 etde
1958 1593 2030 1644 ser-

450 1693 560 1766 vitute
576 1694 663 1792 legis
685 1697 721 1766 in
741 1693 939 1768 libertatem
963 1697 1167 1770 transferret
1187 1694 1386 1792 Evangelii,
1407 1693 1506 1766 etde
1524 1697 1652 1767 timore
1671 1717 1856 1766 servorum
1879 1692 1916 1762 in
1934 1713 2031 1762 amo·

450 1835 527 1884 rem
557 1812 758 1886 traduceret
780 1814 948 1887 filiorum.
979 1815 1083 1888 Liber
1110 1816 1243 1914 quippe
1272 1829 1343 1905 est,
1371 1837 1479 1911 quem
1499 1815 1606 1885 timor
1632 1813 1679 1888 ad
1704 1809 1930 1884 serviendum
1959 1831 2031 1880 non

452 1933 565 2028 cogit,
591 1932 655 2004 sed
678 1932 725 2003 ad
744 1932 986 2006 obediendum
1007 1957 1109 2006 arnor
1133 1948 1369 2033 spontaneum
1388 1932 1483 2005 facit.
1509 1937 1595 2020 Quae
1624 1932 1698 2004 duo
1724 1931 1910 2028 diligenter
1934 1925 2032 2000 idem

453 2051 635 2148 apostolus
652 2052 858 2145 attendens,
878 2069 914 2126 et
926 2053 1124 2126 libertatem
1142 2051 1318 2142 filiorum,
1338 2077 1493 2149 quorum
1504 2052 1659 2150 perfecta
1674 2051 1800 2122 caritas
1816 2049 1910 2119 foras
1928 2045 2031 2118 mittit

456 2171 637 2262 timorem,
663 2197 683 2244 a
709 2173 915 2246 conditione
933 2199 1118 2246 servorum
1139 2173 1375 2272 distinguens,
1395 2172 1554 2271 quodam
1572 2171 1653 2244 loco
1672 2171 1840 2242 Romanis
1862 2165 2027 2239 scribit²z

458 2320 476 2358 r
493 2295 570 2364 Non
591 2293 687 2364 enim
703 2296 886 2392 accepistis
899 2296 1062 2394 spiritum
1080 2297 1255 2368 servitutis
1273 2297 1400 2367 iterum
1422 2296 1458 2366 in
1478 2296 1623 2384 timore,
1645 2291 1708 2363 scd
1726 2287 1909 2388 accepistis
1931 2285 2031 2385 spiri·

457 2426 533 2482 tum
546 2410 751 2510 adoptionis
764 2415 800 2485 in
813 2439 887 2511 quo
900 2415 1094 2487 clamamus
1105 2443 1113 2487 ι
1126 2414 1236 2502 Abba,
1249 2431 1361 2514 pater.
1377 2443 1395 2483 u
1409 2419 1452 2487 Et
1465 2415 1501 2485 in
1511 2413 1580 2486 hac
1591 2413 1666 2511 ipsa
1680 2409 1845 2510 epistola⁸
1859 2436 1867 2478 ι
1883 2411 1999 2495 «Vos,
2012 2433 2029 2468 a

456 2527 589 2626 inquit,
614 2559 631 2599 u
646 2532 682 2603 in
701 2531 1028 2620 libertatemvocati
1044 2535 1125 2606 estis
1142 2534 1287 2606 fratres:
1304 2549 1441 2606 tantum
1464 2558 1512 2605 ne
1529 2531 1727 2604 libertatem
1751 2529 1788 2599 in
1809 2527 2033 2599 occasionem

458 2651 547 2723 detis
564 2654 700 2744 carnis,
719 2654 782 2726 sed
798 2679 863 2753 per
879 2656 1063 2726 caritatem·
1078 2655 1206 2727 servite
1221 2655 1385 2727 invicem.
1398 2655 1525 2725 Omnis
1543 2652 1640 2724 enim
1652 2650 1708 2722 lex
1725 2650 1763 2721 in
1781 2672 1855 2719 uno
1868 2667 2033 2719 sermone

459 2773 625 2871 impletur
646 2803 654 2846 ι
680 2803 698 2844 a
715 2777 846 2873 Diliges
862 2775 1065 2874 proximum
1084 2791 1186 2847 tuum
1210 2776 1301 2847 sicut
1318 2776 1484 2874 teipsum.
1502 2803 1519 2842 a
1541 2773 1738 2863 Attendite,
1768 2771 1908 2861 fratres,
1936 2763 2034 2864 quod

457 2917 569 2988 quum
587 2893 753 2967 dixisset:
779 2923 797 2964 rr
817 2901 857 2967 In
874 2894 1072 2967 libertatem
1093 2895 1233 2967 vocavit
1248 2919 1316 2968 nos
1332 2899 1446 2985 Deus,
1468 2921 1486 2961 a
1510 2894 1627 2965 statim
1639 2891 1782 2989 adjecit,
1802 2918 1820 2958 a
1833 2903 1975 2961 tantum
1992 2909 2036 2956 ne

458 3009 654 3084 libertatem
674 3012 788 3085 detis
778 3039 816 3088 m
835 3015 1059 3090 occasionem
1078 3015 1207 3086 carnis.
1226 3041 1244 3082 n
1260 3019 1443 3111 Tanquam
1461 3037 1490 3084 sr
1480 3013 1664 3084 diceret.
1688 3016 1765 3082 Hoc
1782 3009 1951 3082 nnumin
1971 3007 2040 3079 hac

460 3129 662 3205 obedientia
678 3133 847 3206 libertatis
865 3133 1114 3230 providentes,
1134 3157 1180 3206 ne
1198 3133 1289 3206 sorte
1307 3135 1391 3250 quia
1410 3133 1495 3230 legis
1512 3156 1656 3268 paenam
1673 3155 1748 3203 non
1770 3131 2038 3219 timemus‚oc·

460 3251 641 3323 casionem
659 3250 731 3323 de
722 3255 932 3388 impunitate
950 3270 1147 3345 sumentes,
1173 3255 1330 3327 securius
1348 3255 1447 3324 carni
1464 3252 1677 3358 serviamus,
1700 3266 1737 3322 et
1751 3233 1896 3321 libertas
1911 3271 2041 3345 corpo

461 3369 541 3441 ralis
568 3369 683 3442 deleat
703 3372 910 3468 spiritalem
939 3377 1054 3460 Quam
1079 3388 1114 3445 et
1138 3373 1220 3446 alibi
1241 3374 1461 3472 preveniens
1486 3373 1729 3468 occasionem,
1756 3369 1925 3440 Romanis
1947 3366 2042 3440 dice·
2089 3341 2100 3364 ⁰

460 3486 537 3558 bat*
558 3513 566 3558 ι
590 3517 607 3554 rr
630 3492 817 3562 Peccatum
833 3489 934 3561 vobis
952 3515 1026 3562 non
1041 3489 1295 3563 dominabitur.
1313 3494 1392 3561 Non
1407 3491 1502 3561 enim
1517 3488 1673 3586 sublege
1691 3488 1791 3579 estis,
1808 3487 1871 3560 sed
1884 3487 1953 3560 sub
1965 3511 2042 3585 gra·

461 3606 520 3677 tia.
551 3605 646 3695 Quid
670 3608 778 3704 ergo?
807 3607 1054 3699 peccabimus,
1082 3610 1252 3706 quoniam
1279 3632 1355 3680 non
1381 3605 1504 3678 sumus
1525 3606 1591 3679 sub
1618 3606 1715 3704 lege,
1739 3606 1802 3679 sed
1820 3605 1887 3678 sub
1905 3607 2041 3704 gratim

462 3723 569 3796 absit.
587 3727 732 3798 Nescitis
744 3728 915 3825 quoniam
929 3728 987 3799 cni
1000 3726 1171 3800 exhibetis
1184 3753 1249 3800 vos
1266 3752 1388 3800 servos
1401 3727 1448 3799 ad
1465 3725 1727 3818 obediendum,
1745 3728 1837 3800 servi
1849 3727 1933 3799 estis
1949 3727 2040 3824 ejus,

462 3843 520 3915 cui
528 3843 693 3936 obeditis,
705 3847 778 3918 sive
787 3847 922 3944 peccati
935 3846 981 3917 ad
994 3861 1161 3938 mortem,
1175 3847 1248 3920 sive
1260 3846 1475 3919 obeditionis
1488 3843 1733 3942 adjustitiam?
1744 3873 1761 3912 u
1771 3844 1909 3932 Quibus
1918 3859 2045 3944 paten-

462 3977 515 4036 ter
531 3963 647 4036 verbis
659 3965 915 4038 dedecorosam
935 3982 970 4038 et
984 3967 1195 4039 damnosam
1213 3967 1350 4039 inhibet
1369 3968 1573 4038 servitutem
1590 3967 1746 4065 peccati,
1760 3966 1822 4063 qui
1834 3964 2045 4038 hominibus

462 4085 592 4157 servire
609 4109 701 4184 saepe
715 4086 828 4182 jubet.
851 4086 964 4176 Quale
982 4102 1034 4159 est
1052 4086 1158 4159 ittud·
1178 4116 1186 4158 :
1211 4117 1227 4156 a
1251 4089 1378 4159 Omnis
1393 4087 1513 4158 anima
1530 4085 1795 4160 sublimioribus
1811 4085 2051 4184 potestatibus

460 4203 600 4276 subdita
620 4206 675 4277 sit.
699 4211 778 4277 Non
796 4222 849 4278 est
865 4208 959 4278 enim
984 4222 1140 4306 potestas
1154 4207 1259 4279 nisia
1283 4211 1373 4280 Deo.
1392 4235 1409 4274 u
1429 4211 1474 4279 Et
1493 4209 1655 4280 rursum‘
1674 4235 1682 4275 ε
1707 4235 1725 4274 u
1744 4209 1873 4278 Servus
1895 4220 2047 4277 vocatus

463 4325 525 4396 es?
544 4349 619 4396 non
639 4326 683 4396 sit
700 4325 764 4396 tibi
777 4351 869 4398 curm
884 4355 891 4397 ι
908 4326 971 4399 sed
989 4328 1018 4398 si
1037 4341 1138 4425 potes
1150 4325 1241 4400 liber
1259 4325 1355 4419 fieri,
1377 4328 1488 4428 magis
1497 4341 1614 4406 utere.
1635 4327 1706 4414 Qui
1720 4325 1866 4398 enimin
1884 4325 2047 4397 Domino

461 4459 607 4516 vocatus
625 4460 694 4536 est,
711 4471 832 4518 servus
852 4463 926 4538 est;
947 4448 1073 4520 Christi
1092 4449 1208 4547 pretio
1226 4449 1337 4547 empti
1353 4448 1455 4538 estis,
1480 4447 1591 4518 nolite
1605 4446 1681 4519 lieri
1697 4445 2008 4520 semihominum.
2028 4476 2046 4514 a

462 4569 543 4652 Quo
558 4568 654 4638 enim
672 4568 866 4668 expeditius
877 4573 954 4641 Deo
967 4569 1144 4642 deservire
1161 4571 1356 4670 possimus,
1376 4571 1495 4642 minus
1510 4569 1700 4641 hominum
1711 4568 1916 4640 servitutem
1928 4591 2051 4667 appe-

463 4685 735 4770 teredebemus,
746 4691 862 4775 Quam
878 4689 1001 4787 utique
1017 4690 1047 4761 si
1059 4690 1133 4786 jam
1147 4691 1360 4763 incurrimus
1372 4743 1382 4782 ,
1394 4690 1563 4786 injustum
1577 4703 1630 4762 est
1641 4683 1682 4760 ut
1693 4687 1853 4760 debitum
1873 4687 1923 4759 eis
1935 4689 2054 4759 servi·
2217 4785 2218 4788 Ἴ

464 4804 553 4878 tium
577 4805 843 4899 subtrahamus,
865 4833 948 4880 curn
967 4833 1041 4906 quo
1060 4811 1209 4884 servitus
1226 4810 1354 4883 Christi
1367 4809 1535 4882 humilius
1544 4824 1792 4882 conservatur.
1807 4809 1898 4880 Hinc
1915 4807 2054 4880 iterum

500 5111 611 5162 'llatth
616 5127 684 5179 ,cap
699 5128 740 5174 ιιι,
751 5117 859 5166 ι.15.-
867 5113 955 5166 'Item
960 5127 1035 5182 ,.cap
1048 5132 1104 5178 rur,
1116 5133 1139 5168 v.
1154 5116 1231 5168 1s.-
1238 5116 1352 5174 water,
1363 5133 1418 5184 cap.
1431 5133 1491 5180 v,.r
1506 5117 1758 5184 ta.-⁴1t0rr.,cap.
1768 5132 1809 5178 ιι,
1820 5131 1843 5169 v.
1859 5117 1932 5166 tt.-
1943 5119 2056 5175 ⁸„tton

468 5215 521 5267 cap.
536 5217 591 5262 rurr,
603 5217 626 5253 v.
642 5203 708 5253 t.-
719 5185 849 5254 ⁴-Cnrr'rrrtr
862 5203 889 5262 l,
901 5217 957 5269 cap.
969 5219 1013 5263 ru,
1024 5218 1048 5252 r
1059 5205 1100 5254 tr.
