4522 6104
732 553 964 629 EXPOSlTlO
992 557 1036 630 ΙΝ
1059 556 1352 632 ΗΕΧΑΜΕΗΟΝ.
1764 558 1828 631 651
1879 633 1886 646 ,

254 689 457 786 contingat,
476 715 551 764 non
569 693 640 766 hoc
657 719 699 766 ex
718 710 793 768 arte
809 697 998 795 praedicta,
1016 698 1079 772 scd
1096 723 1139 772 ex
1159 699 1333 798 opinione
1346 694 1523 770 diabolica
1538 699 1700 770 instructi
1716 699 1802 796 prof
1820 733 1835 754 ι

254 823 350 882 runt.
371 810 469 882 Sicut
484 812 582 884 enim
598 837 665 884 nos
682 838 802 886 rerum
817 814 1017 913 aliquarum
1028 817 1190 892 videntes
1206 833 1435 918 appeliatum,
1452 816 1539 914 quid
1552 816 1637 889 inde
1650 819 1839 914 proveniat

254 949 298 998 ex
321 928 524 1024 suspicione
549 932 661 1028 magis
686 956 796 1028 quam
821 957 863 1006 ex
886 935 1105 1034 certitudine,
1124 938 1348 1036 praedicimus
1373 964 1382 1007 ε
1407 938 1459 1008 ita
1479 951 1514 1008 ct
1539 933 1704 1008 diabolus
1728 961 1837 1034 ᾳιιειῃ

256 1046 448 1118 consulunt
463 1049 500 1122 in
519 1050 615 1122 hanc
630 1075 692 1123 eos
708 1051 969 1129 divinationem
984 1056 1142 1146 inducit,
1161 1073 1201 1130 ut
1217 1056 1330 1130 multa
1345 1057 1517 1128 veraciter
1533 1056 1659 1128 incerti
1674 1080 1837 1153 pronun·

257 1165 346 1238 tient
363 1194 371 1237 :
390 1167 453 1264 qui
467 1192 581 1278 quum
596 1169 643 1242 de
659 1171 836 1269 aliquibus
846 1199 931 1247 vera
942 1175 1186 1273 pimdiaeaint,
1198 1175 1245 1249 de
1255 1177 1389 1250 caeteris
1403 1175 1571 1248 omnibus
1586 1175 1749 1274 prescire
1764 1201 1839 1247 cre·

134 1387 147 1410 .
256 1283 360 1357 dunt.
387 1289 486 1386 Saepe
510 1315 656 1388 quoque
680 1295 865 1389 praescntia
888 1295 935 1368 de
960 1295 1166 1370 absentibus
1186 1298 1242 1369 vel
1266 1298 1442 1397 pimtmita
1467 1296 1636 1368 mmtiant
1659 1295 1838 1368 diabolico

257 1401 447 1496 instinctu,
465 1432 533 1478 nec
553 1410 793 1502 mentiuntur,
812 1414 912 1510 quod
933 1413 980 1488 ab
1000 1416 1174 1513 imperitis
1193 1425 1261 1514 pio
1282 1441 1414 1514 magno
1433 1413 1603 1496 habetur,
1626 1437 1702 1486 non
1723 1428 1839 1486 atten-

181 1585 186 1592 .
257 1521 383 1596 dentes
398 1526 498 1622 quod
513 1527 589 1600 haec
605 1529 769 1604 diabolus
786 1536 946 1624 nuntiet,
964 1559 1043 1632 quae
1055 1535 1133 1631 jam
1146 1535 1403 1633 conspiciendo
1420 1535 1579 1623 noverit,
1597 1548 1638 1604 ut
1652 1533 1698 1605 de
1713 1533 1840 1604 bituris

257 1666 403 1742 quoque
423 1647 508 1747 ipsis
528 1648 719 1766 credatur..
733 1655 845 1726 Nemo
869 1655 992 1752 itaquo
1011 1655 1137 1732 tatium
1157 1655 1399 1730 manationes
1419 1655 1465 1728 ad
1485 1653 1691 1754 praedictam
1712 1655 1842 1726 reserat

258 1779 385 1856 artem,
399 1767 642 1866 sedmagisad
653 1769 868 1848 diabolicam
881 1773 1198 1850 machinationem.
1213 1776 1322 1864 Quod
1333 1778 1452 1875 itaque
1464 1775 1510 1848 de
1521 1773 1697 1848 sideribus
1704 1774 1841 1846 dictum

258 1899 332 1975 est,
351 1900 387 1958 et
402 1887 474 1960 sint
489 1889 527 1960 in
545 1891 645 1986 signa
660 1892 793 1967 scilicet
813 1894 1033 1984 faunorum,
1057 1921 1133 1970 non
1155 1895 1202 1970 de
1221 1896 1512 1994 contingentibus
1528 1895 1672 1985 hinnis,
1694 1895 1767 1966 hoc
1789 1909 1841 1966 est

259 2003 480 2094 casualibus,
505 2008 579 2079 sive
600 2007 772 2100 fortuitis,
799 2037 878 2109 quae
903 2011 950 2086 ad
980 2013 1189 2090 utrumlibet
1212 2039 1250 2089 se
1269 2015 1404 2088 habere
1424 2014 1628 2087 Aristoteles
1650 2012 1756 2101 dicit3
1779 2012 1842 2084 sed

259 2125 306 2196 de
321 2125 542 2200 naturalibus
559 2127 703 2222 futuris,
722 2146 762 2203 ut
777 2130 915 2206 dictum
931 2149 1001 2223 est,
1025 2119 1275 2234 accipiendam
1291 2150 1346 2208 est
1356 2133 1374 2226 ;'
1389 2150 1562 2232 tanquam
1582 2133 1669 2206 hinc
1690 2134 1844 2222 maxime

260 2245 510 2316 astronomicae
525 2246 720 2345 disciplina
736 2250 899 2324 studium
909 2253 1101 2350 sumpserit
1109 2253 1264 2342 initium,
1276 2252 1336 2324 vel
1343 2253 1554 2326 auctoritate
1568 2251 1641 2326 hoc
1656 2252 1740 2324 loco
1755 2275 1843 2350 prse-

259 2365 363 2462 cipue
378 2365 528 2439 utilitato
543 2369 773 2465 praesignata3
791 2371 830 2445 in
848 2393 920 2469 qua
940 2386 978 2444 et
995 2372 1075 2470 ipse·
1085 2373 1228 2470 Moyses
1242 2375 1493 2471 AEgyptiorum
1511 2373 1666 2445 scientim
1681 2372 1847 2470 peritissi-

261 2508 342 2556 mus
357 2485 526 2558 enituisse
541 2487 710 2561 creditur.
1921 2479 1925 2487 ⁶

903 2697 949 2748 na
972 2699 1103 2759 Quam
1128 2698 1199 2747 nm.

312 2890 331 2930 n
354 2859 492 2958 Raptile
521 2860 649 2932 animas
676 2843 843 2932 viventia
873 2887 891 2928 n
922 2861 1137 2934 Ambrosius·
1167 2862 1204 2932 in
1235 2865 1463 2932 Hexamcron
1498 2861 1545 2934 dc
1575 2861 1635 2934 dle
1671 2863 1799 2959 quinto
1835 2893 1843 2937 :
1901 2879 1905 2890 '

265 3008 283 3050 n
302 2981 439 3052 Sonus
465 2978 605 3077 reptilia
626 2977 699 3050 dici
724 3003 856 3075 genera
875 2980 1113 3080 sgrpesnium
1137 3003 1182 3051 sn
1202 2977 1303 3078 qnod
1326 3003 1433 3078 super
1456 2995 1589 3053 terram
1614 2997 1758 3080 repant,
1784 2983 1847 3055 se'd

264 3099 377 3174 multo
401 3100 513 3196 magis
534 3124 643 3171 omne
664 3098 763 3196 quod
784 3115 884 3172 natat
907 3100 1073 3199 reptandi
1090 3099 1201 3173 habet
1220 3100 1281 3172 vel
1299 3101 1455 3200 speciem
1476 3100 1534 3172 vel
1555 3117 1738 3193 naturam
1762 3125 1849 3174 nam

263 3245 375 3320 quum
398 3243 506 3318 snpra
527 3241 660 3316 aquam
673 3233 819 3306 natan,
835 3235 969 3318 mpamt
986 3234 1065 3292 toto
1082 3243 1235 3320 conpone
1252 3245 1326 3318 quo
1348 3221 1541 3293 trahuntur
1559 3247 1667 3320 snper
1684 3223 1847 3321 quaedam

264 3341 372 3413 dorsa
387 3363 585 3438 aquarum,
602 3339 700 3411 unde
725 3355 762 3411 et
786 3339 903 3412 David
919 3341 1020 3412 ait¹2
1043 3344 1155 3412 «Hoc
1174 3363 1273 3412 mare
1295 3365 1467 3438 magnum
1488 3357 1524 3414 et
1543 3343 1758 3440 spatiosum,
1778 3341 1850 3416 illic

266 3493 284 3531 «
303 3463 443 3561 reptilia
458 3487 613 3561 quornm
629 3477 776 3534 nonest
789 3485 973 3541 numanus.
989 3491 1008 3530 n
1021 3463 1117 3550 Qnin
1133 3463 1241 3535 etiam
1252 3485 1366 3561 quum
1380 3463 1554 3562 pleraque
1566 3464 1677 3562 pedes
1691 3463 1849 3537 habeant

264 3598 301 3654 et
317 3581 526 3680 ambplandi
546 3605 652 3656 usum
674 3580 839 3680 eoquod
864 3583 936 3654 sint
959 3579 1161 3680 amphibia,
1185 3597 1223 3654 et
1241 3607 1321 3680 quae
1346 3580 1410 3654 vel
1428 3584 1466 3654 in
1492 3583 1594 3681 aquis
1613 3583 1674 3655 vel
1687 3583 1725 3654 in
1746 3585 1850 3655 terris

217 3697 220 3702 ’
265 3703 406 3791 vivam,
424 3716 465 3772 ut
484 3715 569 3772 sunt
584 3700 726 3798 phocae,
746 3700 939 3788 crocodili,
957 3701 1040 3796 eqni
1062 3699 1214 3772 fluvialis
1228 3704 1256 3790 ',
1278 3726 1372 3798 quos
1391 3701 1674 3800 hippopotamos
1698 3714 1847 3791 vocant,

265 3847 310 3894 eo
325 3821 426 3919 quod
442 3820 479 3890 hi
495 3819 758 3915 generentunin
770 3817 850 3889 Nilo
862 3817 1030 3908 flumine,
1048 3831 1169 3889 tamen
1186 3841 1299 3915 quum
1320 3819 1356 3889 in
1376 3818 1449 3890 alto
1473 3843 1648 3916 aquamm
1663 3835 1764 3910 sunt,
1783 3845 1850 3892 nec

266 3941 473 4030 ambulant,
501 3963 569 4011 nec
595 3952 737 4028 natant,
765 3961 833 4010 nec
856 3938 1006 4034 vestigio
1032 3951 1182 4009 utuntur
1200 3937 1303 4036 pedis
1323 3935 1370 4010 ad
1390 3938 1651 4028 incedendum,
1681 3939 1745 4011 sed
1770 3954 1850 4012 tan·

266 4087 376 4162 quam
396 4085 497 4133 remo
518 4060 564 4132 ad
585 4057 814 4158 reptandum.
834 4085 852 4125 n
876 4062 925 4130 Ex
945 4057 1076 4157 quibas
1100 4057 1247 4155 quidem
1268 4057 1445 4133 Ambrosii
1462 4055 1581 4130 verbis
1603 4071 1704 4156 patet
1723 4072 1851 4130 omnes

263 4185 375 4266 etiam
386 4183 499 4282 pisces
508 4180 694 4279 reptilibus
707 4180 902 4276 aggregari,
910 4204 1022 4277 quum
1034 4179 1111 4251 sine
1122 4179 1262 4250 incessu
1271 4178 1406 4276 pedum
1415 4201 1492 4252 sese
1501 4192 1709 4250 moveant«
1718 4179 1851 4252 Animae

267 4303 418 4376 viventis
436 4329 454 4368 n
472 4299 560 4372 dicit
575 4300 622 4372 ad
638 4299 877 4372 differentiam
891 4297 1141 4371 vivificationis
1161 4297 1384 4396 plantarum,
1405 4321 1483 4396 quae
1499 4298 1529 4369 si
1545 4298 1703 4370 animam
1722 4321 1851 4396 quam·

268 4425 371 4512 dam,
389 4418 428 4493 id
442 4435 495 4493 est
505 4422 616 4492 vitam
630 4419 764 4492 habere
774 4419 957 4508 dicantur,
976 4441 1052 4490 non
1068 4433 1188 4490 umen
1204 4441 1247 4488 ex
1259 4442 1299 4489 se
1310 4417 1431 4489 vivere
1444 4415 1598 4505 habent,
1613 4417 1705 4514 sicut
1715 4439 1758 4489 ea
1773 4441 1852 4513 quae

268 4541 439 4642 spirando
456 4556 492 4612 et
507 4539 718 4637 respirando
737 4539 881 4628 vivunt,
904 4537 970 4611 scd'
988 4552 1090 4610 terrae
1110 4551 1251 4610 tantam
1270 4535 1382 4646 allisa
1401 4537 1520 4635 ipsum
1540 4549 1641 4608 terrae
1661 4535 1851 4606 humorem

270 4661 307 4731 in
324 4684 384 4732 eas
400 4656 704 4732 conscendentem
722 4682 789 4757 pro
805 4657 878 4729 vita
898 4655 1047 4730 habent.
1070 4655 1152 4728 Tale
1174 4671 1227 4728 est
1247 4679 1351 4752 ergo,
1373 4683 1390 4722 a
1410 4653 1536 4726 animae
1556 4654 1725 4742 viventis,
1744 4680 1762 4721 n
1781 4652 1852 4724 hoo

269 4791 324 4850 est
338 4779 419 4851 vitae
435 4803 478 4850 ex
503 4803 564 4868 se,
587 4792 626 4849 nt
649 4776 786 4852 dictum
810 4790 880 4866 est,
911 4776 1175 4874 permanentis,
1204 4799 1280 4848 non
1308 4798 1351 4846 ex
1377 4773 1598 4846 immissione
1625 4772 1759 4846 terrem
1782 4771 1851 4842 hu·

271 4921 393 4970 mons.

307 5145 315 5172 ¹
332 5143 421 5198 Palm.
433 5161 489 5209 cm,
502 5162 524 5195 v.
537 5145 577 5196 25.
592 5173 621 5184 -
632 5143 709 5209 ¹ch
718 5147 837 5212 fluviales.
