4536 6102
755 562 988 636 Expostulo
1013 563 1058 636 ΙΝ
1081 561 1374 636 flaxtnnnott.
1783 559 1854 634 629

273 705 416 799 quaeda
432 705 570 778 mundo
586 718 669 777 sunt
685 703 853 778 efficeret.
873 708 953 775 Non
970 705 1067 776 enim
1086 703 1221 800 angeli,
1241 727 1355 802 quum
1373 703 1594 802 incorporcae
1610 702 1682 774 sint
1698 717 1852 788 natura,

276 824 369 894 inter
398 824 599 897 mundanas
637 838 815 897 creaturas
846 822 1216 922 comprehenduntur,
1245 824 1337 894 sicut
1364 821 1550 911 homines,
1581 819 1785 919 dequibus
1817 823 1854 892 in

276 945 321 1014 lll
343 947 459 1041 Topt'c.
482 943 718 1043 philosophus
740 943 915 1014 meminit.
937 971 955 1009 «
969 941 1143 1032 Mundus,
1158 970 1175 1009 x
1199 943 1333 1041 inquit,
1359 970 1376 1008 x
1389 939 1616 1040 providentia
1632 941 1778 1036 regitur,
1794 941 1856 1012 ho·

276 1063 391 1134 mines
408 1079 528 1136 autem
543 1087 626 1162 pars
642 1061 770 1136 mundi
785 1077 889 1153 sunt3
908 1061 1075 1136 humanae
1090 1064 1197 1158 igitur
1212 1087 1269 1148 res
1283 1061 1510 1161 providentia
1525 1076 1710 1158 reguntur.
1728 1090 1746 1130 >x

324 1184 444 1254 Potest
460 1183 568 1254 etiam
583 1183 634 1254 sic
649 1181 813 1280 intelligi,
836 1211 854 1250 u
870 1183 906 1254 in
925 1183 1103 1281 principio
1120 1183 1253 1288 creavit
1269 1211 1286 1248 u
1302 1181 1395 1270 haec,
1411 1205 1453 1252 ac
1469 1181 1499 1252 si
1514 1181 1706 1270 diceretur,
1724 1196 1764 1252 ut
1779 1183 1856 1278 ipsa

274 1323 353 1398 quae
369 1301 522 1374 diximus
537 1301 735 1392 elementa,
755 1317 965 1374 caeterorum
981 1325 1177 1401 corporum
1193 1327 1235 1374 ex
1251 1303 1301 1374 eis
1317 1300 1627 1390 conficiendorum
1647 1301 1857 1399 primordia·

274 1421 354 1494 liter
378 1438 495 1496 essent
515 1446 635 1496 causa.
655 1422 758 1496 Unde
779 1438 815 1496 et
840 1421 933 1495 bene
955 1421 1132 1495 elementa
1154 1423 1256 1520 quasi
1277 1422 1445 1495 alimenta
1467 1419 1678 1510 dictasunt,
1697 1420 1797 1517 quod
1814 1447 1856 1494 ex

275 1541 325 1614 eis
340 1557 465 1616 caetera
480 1569 586 1615 suum
607 1567 683 1616 esse
703 1542 849 1615 trahant
868 1569 876 1612 ε
896 1543 988 1614 sicut
1008 1555 1044 1616 et
1064 1565 1298 1639 quaecumquc
1323 1541 1518 1614 animantia
1540 1564 1605 1637 per
1631 1539 1798 1612 alimenta
1812 1543 1858 1613 ci·

274 1663 406 1735 borum
421 1665 541 1737 vivere
557 1662 694 1736 habent
710 1677 817 1761 atque
832 1661 1035 1736 subsistere.

322 1788 418 1856 Bene
434 1799 555 1857 autem
571 1783 617 1856 de
633 1783 818 1857 elementis
834 1782 973 1855 dictum
993 1796 1067 1873 est,
1088 1809 1107 1852 u
1121 1783 1273 1872 creavit,
1292 1807 1311 1847 »
1329 1781 1575 1881 potiusquam
1594 1811 1613 1850 τι
1631 1781 1815 1870 formavit3
1838 1810 1857 1848 n¹

274 1905 358 2003 quia
374 1905 487 1978 creari
507 1905 653 2003 proprie
669 1904 707 1978 id
724 1904 867 1994 dicitur,
886 1902 987 2002 quod
1004 1902 1049 1976 de
1066 1927 1142 1976 uon
1159 1927 1236 1975 esse
1252 1903 1302 1975 ita
1318 1902 1365 1976 ad
1381 1927 1457 1976 esse
1473 1901 1698 2001 producitur,
1717 1917 1757 1973 ut
1773 1927 1858 2000 prae·

269 2024 449 2121 jacentem
467 2051 543 2099 non
558 2025 691 2099 habeat
706 2027 906 2116 materiam,
923 2026 1039 2097 necin
1056 2024 1178 2123 aliquo
1193 2025 1358 2123 primitus
1373 2024 1579 2098 subsisteret
1595 2039 1730 2097 naturae
1747 2038 1854 2096 statu.

274 2147 395 2230 Quum
412 2159 532 2216 autem
545 2144 592 2216 de
606 2147 684 2243 ipsa
690 2145 766 2241 jam
782 2145 931 2217 materia
946 2158 1144 2242 praeparata
1157 2143 1387 2238 adjunctione
1403 2143 1526 2215 formae
1537 2142 1673 2240 aliquid
1685 2144 1747 2232 sit,
1762 2157 1857 2214 recte

273 2261 361 2334 illud
378 2263 525 2336 formari
541 2263 673 2335 dicitur
690 2289 698 2334 ε
714 2263 806 2335 sicut
821 2277 875 2335 est
891 2260 980 2334 illud
1000 2260 1100 2358 quod
1122 2261 1159 2332 in
1180 2260 1411 2358 sequentibus
1427 2262 1594 2359 ponitur¹
1614 2289 1622 2332 :
1645 2262 1858 2332 «Formavit

273 2384 380 2480 igitur
395 2384 581 2456 bominem
598 2383 644 2456 de
660 2383 747 2456 limo
764 2397 879 2456 terrae.
895 2411 912 2450 a
932 2386 976 2453 Et
992 2383 1123 2454 iterum
1134 2385 1169 2452 ἐ
1186 2408 1205 2450 u
1218 2384 1393 2482 Formatis
1408 2384 1515 2479 igitur
1531 2383 1577 2456 de
1591 2384 1705 2455 humo
1722 2385 1859 2456 cunctis

274 2502 515 2574 animantibus
526 2517 640 2574 terrae.
652 2529 669 2570 x
684 2505 805 2588 Quum
820 2504 919 2574 enirn
934 2500 1126 2597 praejacens
1141 2500 1290 2574 materia
1306 2499 1511 2593 denotatur,
1525 2500 1634 2574 veluti
1645 2487 1760 2601 quum
1774 2527 1859 2601 pree·

274 2620 425 2692 mittitur
441 2619 487 2692 de
502 2620 616 2693 humo
631 2619 805 2718 quoniam
821 2617 1033 2716 inspeciem
1052 2616 1209 2716 aliquem
1226 2617 1454 2709 formaretur,
1474 2634 1561 2692 tunc
1578 2621 1772 2694 rectissime
1789 2621 1859 2692 lor·

274 2740 364 2813 mari
380 2738 523 2814 dicitur.

324 2865 467 2934 «Terra
488 2875 608 2934 autern
632 2875 710 2936 erat
727 2860 844 2934 inanis
868 2875 905 2934 et
930 2885 1055 2935 vacua.
1069 2889 1088 2930 »
1107 2863 1289 2951 Quoniam
1315 2861 1363 2935 ad
1387 2861 1545 2934 bominis
1571 2863 1790 2935 creationem
1811 2863 1857 2937 de

274 2996 369 3055 terra
388 2981 569 3056 formandi
592 2984 688 3055 etin
709 2997 805 3055 terra
830 2984 1077 3056 conversaturi
1101 2981 1300 3083 specialiter
1324 2984 1391 3056 iste
1411 2998 1547 3082 spectat
1573 2997 1764 3075 tractatus,
1783 3011 1857 3082 quo

274 3101 470 3201 propheta,
489 3117 530 3174 ut
546 3101 716 3195 diximus,
736 3103 783 3176 ad
798 3101 936 3177 cultum
953 3103 1021 3176 Dei
1040 3102 1229 3176 hominem
1245 3102 1386 3178 allicere
1410 3103 1619 3195 intendens,
1642 3105 1689 3178 ad
1716 3119 1858 3180 terrena

274 3245 384 3319 opera
400 3219 522 3293 stilum
537 3223 732 3313 convertit,
751 3221 902 3294 ooelestis
918 3235 955 3294 et
970 3223 1164 3321 superioris
1180 3237 1332 3314 naturae,
1350 3222 1390 3294 id
1409 3237 1463 3295 est
1479 3222 1658 3320 angelicae,
1676 3225 1858 3298 creatione

273 3340 469 3436 praeterita
487 3365 535 3412 ne
544 3340 656 3430 ¹forte,
669 3340 700 3412 si
715 3364 796 3414 earn
810 3354 1106 3438 perscrutaretur,
1123 3354 1159 3414 e't
1174 3339 1221 3414 ad
1237 3341 1408 3414 creatoris
1420 3342 1477 3414 sui
1491 3340 1635 3415 laudem
1651 3341 1727 3438 ejus
1743 3341 1857 3415 excel·

272 3457 421 3532 lentiam
445 3459 671 3550 ostenderet,
690 3459 810 3532 minus
830 3458 1019 3533 hominem
1034 3459 1081 3532 ad
1098 3484 1262 3534 amorem
1283 3461 1350 3533 Dei
1375 3461 1550 3550 alliceret,
1571 3462 1634 3560 qui
1659 3461 1726 3534 sibi
1752 3462 1859 3536 aliam

273 3578 429 3678 praelcrri
450 3593 615 3653 naturam
638 3579 874 3679 conspiceret.
899 3579 1119 3653 Praemittens
1149 3581 1269 3679 itaque
1289 3593 1422 3654 tetram
1437 3581 1475 3652 in
1491 3581 1673 3654 creatione
1694 3605 1758 3654 sua
1780 3582 1858 3656 ina·

274 3722 359 3771 nem
377 3712 413 3770 et
427 3721 579 3771 vacuam
594 3699 771 3789 extitisse,
791 3698 979 3796 quomodo
995 3713 1079 3797 post
1099 3697 1251 3772 modum
1272 3699 1348 3796 ejus
1373 3699 1537 3773 inanitati
1557 3713 1594 3772 et
1612 3701 1782 3773 vacuitati
1808 3700 1859 3774 di·

273 3821 358 3892 vina
383 3820 545 3918 operatio
570 3817 810 3908 consuluerit,
836 3818 1079 3917 posteriorum
1100 3817 1242 3892 dierum
1258 3818 1429 3918 operibus
1446 3819 1615 3894 declarat.
1638 3851 1657 3891 u
1671 3827 1819 3896 Inanem
1838 3855 1854 3894 »x

274 3939 362 4012 dicit
384 3955 517 4012 terram
537 3962 560 4010 a
579 3938 718 4028 fructu,
744 3963 855 4036 quem
878 3937 1045 4011 noudum
1072 3938 1314 4037 produxeram
1339 3965 1358 4008 t<
1376 3962 1561 4012 vacuamn
1584 3941 1631 4012 ab
1655 3940 1857 4016 habitatore

274 4083 350 4131 non
366 4057 484 4131 solum
499 4058 665 4148 homine,
687 4082 814 4130 verum
834 4058 942 4130 etiam
962 4057 1009 4131 ab
1034 4058 1136 4131 omni
1158 4059 1301 4157 penitus
1317 4059 1553 4132 animantium
1569 4084 1717 4156 genere3
1744 4089 1857 4161 quum

274 4177 373 4250 nulla
388 4176 508 4250 adbuc
524 4177 720 4250 animantia
734 4176 791 4250 vel
807 4178 982 4250 terrestris
997 4175 1055 4250 rel
1075 4178 1240 4276 aquatica
1260 4177 1401 4252 mansio
1422 4179 1639 4270 contineret,
1658 4204 1738 4277 quae
1761 4197 1857 4256 utra-

273 4323 362 4397 que,
380 4312 421 4370 ut
436 4297 612 4388 diximus,
630 4312 733 4372 terra
747 4297 926 4374 vocabulo
942 4298 1230 4398 comprehendit.
1248 4303 1393 4374 Terram
1409 4301 1530 4399 itaque
1550 4299 1638 4372 dicit
1657 4301 1856 4374 secundum

274 4418 375 4517 quod
391 4418 592 4517 expositum
608 4433 680 4509 est,
704 4418 800 4492 hanc
816 4444 859 4492 ex
881 4416 1067 4492 elementis
1082 4417 1249 4517 gravibus
1266 4423 1492 4492 constantem
1509 4417 1714 4491 inferiorem
1730 4418 1857 4492 mundi

275 4537 471 4634 regionem.
490 4541 537 4610 Et
550 4536 753 4610 notandum
768 4537 887 4636 quod,
906 4537 995 4610 dum
1010 4538 1076 4628 ait,
1097 4565 1117 4606 u
1129 4550 1225 4610 terra
1246 4551 1366 4611 autem
1394 4551 1470 4611 erat
1494 4539 1610 4610 inanis
1626 4553 1662 4611 et
1676 4549 1808 4629 vacua,
1836 4569 1853 4608 x

274 4657 461 4731 subinnuit
475 4681 519 4729 ex
534 4655 594 4730 illa
609 4659 773 4756 apposita
788 4658 1043 4756 conjunctione
1060 4655 1282 4742 adversativa
1299 4655 1345 4731 de
1361 4656 1453 4730 coelo
1470 4681 1546 4730 non
1564 4659 1615 4730 sic
1635 4681 1712 4729 esse
1732 4657 1859 4729 intelli-

276 4779 451 4876 gendum,
470 4803 583 4876 quum
600 4775 766 4852 videlicet
777 4777 893 4876 angeli
908 4778 967 4850 vel
983 4791 1065 4853 ante
1083 4778 1202 4877 ipsum
1217 4776 1362 4870 coelum,
1379 4777 1435 4850 vel
1451 4802 1535 4851 cum
1548 4775 1639 4850 coelo
1656 4779 1765 4850 creati
1782 4801 1857 4850 esse

275 4898 529 4998 intelligantur,
548 4899 611 4996 qui
626 4899 728 4997 quasi
743 4897 902 4974 coelestes
916 4897 1139 4975 habitatores
1151 4897 1334 4990 dicuntur,
1347 4913 1388 4972 ut
1398 4896 1481 4973 licet
1496 4923 1623 4973 eorum
1638 4901 1858 4974 creationem

311 5143 319 5176 ⁸
331 5145 429 5210 Genea,
440 5161 496 5216 cap.
508 5163 541 5213 n,
553 5163 577 5202 t.
590 5146 796 5214 t.·-·1btt.‚v.
810 5149 851 5203 19.
