4510 6108
443 549 515 619 454
1041 549 1169 621 PETRI
1195 548 1430 622 luminum

443 690 536 761 male
552 690 692 760 locutus
709 711 806 776 sum,
828 690 1072 762 testimonium
1093 690 1242 789 perhibe
1262 691 1309 763 de
1329 692 1425 764 malo
1448 721 1456 762 ι
1477 694 1507 764 si
1529 708 1649 766 autem
1670 693 1779 786 bene,
1802 721 1867 769 cur
1888 723 1947 771 me
1968 725 2027 772 ua·

442 809 517 880 dis?
532 837 549 875 n
567 813 751 906 Tanquam
769 808 987 905 superfluam
1004 825 1040 880 et
1056 811 1370 882 inconvenientem
1388 812 1565 884 Dominus
1585 815 1701 910 arguit
1721 815 1901 913 pontificis
1922 820 2027 890 inter·

441 930 678 1024 rogationem.
702 928 889 1026 Superllua
912 929 1076 1027 quidem,
1096 931 1181 1028 quia
1206 927 1305 1028 quod
1331 929 1451 1029 palam
1476 931 1613 1004 dictum
1640 933 1771 1025 fuerat,
1800 952 1835 1008 et
1861 939 2025 1011 omnibus

441 1064 585 1138 notum,
615 1048 835 1120 documento
863 1073 938 1120 non
962 1065 1053 1145 eget.
1083 1055 1286 1146 lncongrua
1299 1049 1410 1140 vero,
1434 1053 1518 1148 quia
1540 1077 1649 1126 nemo
1670 1057 1819 1154 proprio
1845 1083 2025 1132 commen-

440 1166 581 1238 dandus
598 1182 651 1238 est
667 1168 886 1239 testimonio.
907 1166 1011 1238 Unde
1028 1167 1120 1238 bene
1138 1170 1314 1239 Dominus
1335 1193 1397 1240 eos
1419 1172 1481 1267 qui
1499 1171 1707 1263 audierunt,
1728 1175 1848 1273 potius
1864 1201 1974 1273 quam
1989 1203 2025 1250 se

438 1312 546 1384 super
562 1286 617 1357 his
639 1302 759 1358 censet
776 1286 1050 1381 interrogandos
1067 1312 1154 1360 esse.
1179 1291 1286 1358 «Hoc
1304 1304 1424 1361 autem
1440 1315 1554 1388 quum
1571 1292 1733 1383 dixisset,
1752 1319 1845 1367 unus
1862 1297 2025 1370 assistens

350 1495 357 1506 ι
439 1407 703 1495 ministrorum,
724 1422 791 1478 etc.
810 1435 828 1474 »
847 1411 1032 1503 Tanquam
1047 1421 1277 1507 contemptor
1293 1411 1461 1509 praecepti
1477 1412 1675 1509 pontilicis,
1692 1416 1755 1510 qui
1772 1414 1818 1486 de
1835 1441 1873 1487 se
1889 1417 1937 1488 ad
1954 1419 2026 1514 ejus

437 1530 629 1629 imperium
651 1529 895 1600 testimonium
921 1553 995 1599 non
1027 1528 1145 1618 dedit,
1170 1529 1274 1628 alapa
1294 1530 1453 1603 caeditur.
1484 1560 1501 1599 r<
1525 1535 1790 1608 Testimonium
1807 1537 1957 1633 perhibe
1981 1537 2025 1611 de

438 1649 551 1738 malo,
569 1677 586 1716 n
606 1649 690 1745 quia
708 1663 790 1719 ante
807 1672 953 1746 poenam
969 1649 1128 1719 criminis
1145 1663 1251 1722 testes
1269 1664 1352 1721 sunt
1369 1650 1577 1723 inducendi.
1603 1681 1621 1720 a
1644 1654 1825 1752 Principes
1841 1671 1962 1727 autem
1978 1683 2026 1730 sa·

437 1769 626 1841 cerdotum
642 1783 678 1838 et
694 1793 803 1838 omne
820 1768 1011 1840 consilium
1028 1767 1235 1866 quaerebant
1257 1769 1385 1842 salsum
1407 1773 1653 1843 testimonium
1676 1788 1804 1846 contra
1827 1780 1969 1866 lesum,
1987 1795 2026 1849 ut

437 1917 521 1963 eum
537 1891 645 1961 morti
662 1889 856 1961 traderent.
876 1895 921 1961 Et
937 1916 1011 1962 non
1036 1891 1267 1982 invenerunt,
1287 1917 1400 1989 quum
1423 1893 1526 1965 multi
1547 1893 1626 1966 falsi
1652 1909 1758 1966 testes
1784 1897 2022 1970 accessissent.

438 2011 634 2081 Novissime
651 2024 770 2081 autem
787 2026 963 2082 venerunt
980 2010 1054 2082 duo
1077 2010 1155 2084 salsi
1171 2026 1295 2100 testes,
1315 2027 1351 2083 et
1371 2012 1538 2084 dixerunt
1560 2042 1568 2083 ι
1592 2043 1609 2080 a
1626 2015 1692 2085 Hic
1714 2013 1828 2086 dixit:
1850 2021 2026 2089 «Possum

439 2132 647 2203 «destruere
664 2129 839 2229 templum
851 2133 934 2222 Dei,
947 2147 982 2202 et
994 2147 1076 2230 post
1094 2132 1253 2204 triduum
1269 2133 1484 2205 reaedificare
1501 2132 1620 2205 illud¹.
1637 2139 1855 2232 »Tanquam
1872 2139 2027 2209 occasio·

437 2279 521 2326 nem
536 2254 622 2325 hinc
639 2268 837 2342 sumentes,
857 2249 957 2349 quod
979 2252 1117 2325 dixerat
1138 2259 1237 2326 lesus
1260 2283 1268 2325 ε
1292 2283 1309 2321 a
1326 2255 1363 2325 Si
1384 2255 1477 2326 male
1498 2255 1639 2328 locutus
1661 2280 1759 2344 sum,
1784 2257 2026 2329 testimonium

436 2374 584 2474 perhibe
601 2374 647 2446 de
664 2373 772 2446 malo.
789 2402 806 2441 u
821 2373 942 2446 Falsos
958 2388 1064 2447 testes
1080 2375 1268 2473 inquirunt
1284 2374 1330 2447 de
1347 2375 1546 2448 maledictis
1558 2377 1651 2472 ejus,
1667 2379 1730 2474 qui
1741 2401 1847 2449 veros
1859 2378 2026 2454 inducere

437 2519 511 2564 non
528 2508 698 2592 possunt,
718 2517 785 2564 nec
802 2492 894 2565 facta
911 2493 986 2589 ejus
1002 2518 1162 2590 arguere.
1182 2499 1265 2565 Duo
1287 2493 1365 2566 falsi
1387 2509 1510 2584 testes,
1530 2509 1704 2592 tanquam
1726 2496 1763 2566 in
1786 2521 1850 2569 ore
1871 2496 2027 2569 duorum

437 2610 607 2684 salsorum
623 2612 752 2683 veritas
769 2626 894 2700 staret,
915 2609 1036 2684 salsos¹
1053 2637 1129 2684 esse
1145 2613 1410 2685 convincuntur
1428 2614 1465 2684 in
1483 2612 1632 2710 hisquae
1644 2614 1803 2684 Domino
1820 2615 2024 2712 imponunt.

435 2733 506 2818 Qui
523 2733 620 2803 enim
637 2731 773 2805 dixerat
794 2760 802 2802 ε
824 2732 990 2804 «Solvite
1006 2733 1182 2831 templum
1197 2733 1286 2823 hoc,
1302 2763 1320 2801 n
1340 2755 1570 2830 nequaquam
1586 2757 1624 2804 se
1641 2731 1731 2805 illud
1752 2733 1931 2806 facturum
1952 2759 2027 2807 esse

429 2855 490 2926 vel
508 2857 624 2928 facere
641 2883 746 2956 posse
762 2856 989 2960 praedixerat,
1004 2856 1067 2928 sed
1083 2858 1155 2928 hoc
1172 2856 1218 2928 ab
1234 2855 1302 2928 illis
1314 2857 1435 2955 potius
1447 2880 1523 2928 esse
1536 2855 1741 2927 laciendum
1756 2857 1936 2946 innuerat,
1952 2882 2026 2928 non

435 2976 583 3073 quidem
599 2977 645 3048 de
668 2977 803 3086 tegnplo
820 3002 931 3049 manu
948 2977 1060 3066 lactc,
1080 2978 1171 3048 sicut
1187 2976 1237 3046 illi
1256 2975 1535 3065 mentiebantur,
1555 2974 1619 3046 sed
1636 2973 1681 3045 de
1703 2976 1840 3074 templo
1867 2977 2028 3075 corporis

435 3099 490 3168 sui
507 3113 623 3172 morte
640 3123 782 3197 percos
799 3081 1042 3169 dissolvendo.
1058 3103 1133 3167 «Et
1148 3121 1296 3190 surgens
1313 3097 1479 3192 princeps
1496 3094 1724 3167 sacerdotum
1745 3097 1795 3168 ait
1811 3097 1883 3168 illi:
1899 3127 1917 3166 a
1936 3098 2030 3169 Nihil

436 3217 633 3316 respondes
650 3216 696 3288 ad
713 3239 850 3312 eaquae
871 3215 930 3285 isti
950 3212 1141 3284 adversum
1161 3228 1198 3302 te
1218 3211 1473 3284 testificantur?
1493 3239 1511 3280 >›
1537 3219 1636 3285 lesus
1662 3229 1782 3286 autem
1805 3214 1965 3302 tacebat,
1992 3231 2031 3286 et

437 3340 604 3438 princeps
621 3335 848 3410 sacerdotum
865 3335 914 3406 ait
931 3332 1003 3404 illi:
1026 3361 1044 3400 «
1059 3315 1193 3429 Adjuro
1210 3348 1245 3404 te
1262 3355 1326 3431 per
1343 3336 1460 3405 Deum
1477 3335 1617 3424 vivum,
1638 3348 1678 3405 ut
1699 3334 1798 3406 dicas
1821 3335 1925 3406 nobis
1942 3338 1972 3406 si
1990 3349 2030 3406 tu

438 3483 475 3528 es
497 3455 657 3527 Christus
677 3453 770 3525 filius
787 3455 853 3525 Dei
869 3453 954 3524 vivi.
972 3481 990 3520 n
1009 3457 1164 3548 Surgens
1184 3452 1362 3550 pontifex,
1382 3468 1417 3523 et
1433 3453 1640 3550 impatiens,
1660 3479 1774 3551 quum
1795 3477 1870 3524 non
1893 3455 2031 3524 inveni-

438 3591 492 3646 ret
517 3575 639 3645 locum
664 3571 867 3664 calumniae,
894 3588 996 3644 motu
1021 3573 1183 3670 corporis
1205 3572 1340 3644 indicat
1361 3573 1538 3644 insaniam
1560 3573 1707 3663 mentis,
1728 3589 1764 3645 et
1784 3589 1960 3672 provocat
1982 3574 2031 3645 ad

438 3693 749 3794 respondendnm,
769 3708 809 3764 ut
825 3691 1022 3790 quamlibet
1038 3694 1265 3764 occasionem
1282 3692 1474 3765 accusandi
1491 3694 1661 3765 inveniat.
1674 3698 1780 3765 Tacet
1791 3695 1969 3764 Dominus
1981 3693 2032 3765 ad

440 3816 622 3912 objectum
637 3815 899 3903 testimonium,
919 3814 1018 3912 quod
1034 3829 1109 3886 tam
1130 3815 1316 3887 manifeste
1337 3813 1465 3886 falsum
1488 3813 1585 3886 nulla
1609 3840 1652 3885 ex
1675 3816 1865 3886 occasione
1885 3813 1944 3884 vel
1970 3839 2032 3886 re·

439 3935 633 4036 sponsione
650 3951 771 4007 censet
782 3936 943 4032 dignum.
959 3935 1067 4022 Quod
1079 3950 1114 4006 et
1125 3934 1285 4033 pontifex
1296 3933 1496 4031 intelligens
1507 3932 1708 4032 adjurando
1720 3959 1803 4005 eum
1814 3950 2033 4031 extorquere

439 4060 564 4130 nititur
579 4055 857 4153 blasphemiam,
876 4079 948 4152 qua
965 4055 1150 4127 manifeste
1167 4055 1333 4126 convinci
1348 4054 1524 4146 videatur,
1540 4071 1576 4126 et
1587 4077 1735 4126 summae
1752 4053 1911 4126 salsitatis
1928 4077 2031 4140 reus,

438 4200 617 4248 summam
638 4173 811 4273 profitens
832 4175 1030 4246 veritatem.
1050 4173 1239 4270 adjuratus
1260 4175 1437 4244 Dominus
1457 4197 1523 4272 per
1545 4179 1662 4245 Deum
1690 4174 1813 4244 vivum
1843 4197 1890 4243 ne
1919 4187 2035 4243 tantae

438 4297 630 4393 majestatis
640 4295 728 4367 lcesae
745 4321 826 4368 reus
842 4295 958 4386 fieret,
976 4296 1162 4368 veritatem
1176 4293 1461 4394 profitetur,pro
1478 4295 1627 4367 veritate
1645 4293 1892 4383 damnandus,
1912 4294 1977 4390 qui
1996 4308 2036 4363 et

436 4420 514 4515 ipsa
530 4433 582 4490 est
598 4419 741 4490 veritas.
761 4419 856 4489 Dicit
872 4419 992 4515 itaque
1008 4418 1076 4490 illis
1092 4399 1203 4489 lesus.
1213 4472 1219 4487 .
1229 4472 1251 4488 ..
1283 4417 1442 4512 (Cratera
1462 4416 1624 4514 meant.)

471 4635 478 4660 ¹
498 4635 593 4696 blattis,
606 4651 662 4702 cap.
675 4653 747 4696 xxvi,
758 4652 780 4685 v.
795 4637 826 4685 ta
838 4645 863 4685 et
876 4651 912 4701 sq.
927 4663 958 4672 -
971 4633 981 4660 ¹
993 4633 1132 4702 legendum
1144 4637 1212 4696 salat.

1152 4913 1310 4927 *ιι-ιη
