<?xml version="1.0" encoding="UTF-8"?>
<!DOCTYPE html PUBLIC "-//W3C//DTD XHTML 1.0 Transitional//EN"
    "http://www.w3.org/TR/xhtml1/DTD/xhtml1-transitional.dtd">
<html xmlns="http://www.w3.org/1999/xhtml" xml:lang="en" lang="en">
 <head>
  <title>
</title>
<meta http-equiv="Content-Type" content="text/html;charset=utf-8" />
  <meta name='ocr-system' content='tesseract 3.04.00' />
  <meta name='ocr-capabilities' content='ocr_page ocr_carea ocr_par ocr_line ocrx_word'/>
</head>
<body>
  <div class='ocr_page' id='page_1' title='image "./petriablardiope01despgoog_0553.png"; bbox 0 0 4510 6108; ppageno 0'>
   <div class='ocr_carea' id='block_1_1' title="bbox 454 583 1438 657">
    <p class='ocr_par' dir='ltr' id='par_1_1' title="bbox 454 583 1438 657">
     <span class='ocr_line' id='line_1_1' title="bbox 454 583 1438 657; baseline 0.005 -6"><span class='ocrx_word' id='word_1_1' title='bbox 454 583 524 653; x_wconf 87' lang='lat'><strong>538</strong></span> <span class='ocrx_word' id='word_1_2' title='bbox 1056 583 1182 654; x_wconf 80' lang='lat' dir='ltr'>PETRI</span> <span class='ocrx_word' id='word_1_3' title='bbox 1208 585 1438 657; x_wconf 78' lang='lat' dir='ltr'><strong>ABAELAllDl</strong></span> 
     </span>
    </p>
   </div>
   <div class='ocr_carea' id='block_1_2' title="bbox 393 721 2070 5013">
    <p class='ocr_par' dir='ltr' id='par_1_2' title="bbox 447 721 2070 2020">
     <span class='ocr_line' id='line_1_2' title="bbox 450 721 2027 823; baseline 0.004 -31"><span class='ocrx_word' id='word_1_4' title='bbox 450 745 591 818; x_wconf 87' lang='lat' dir='ltr'><strong>egressa</strong></span> <span class='ocrx_word' id='word_1_5' title='bbox 606 721 767 792; x_wconf 82' lang='lat' dir='ltr'>circuivit</span> <span class='ocrx_word' id='word_1_6' title='bbox 783 723 980 812; x_wconf 88' lang='lat' dir='ltr'><strong>civitatem,</strong></span> <span class='ocrx_word' id='word_1_7' title='bbox 1005 747 1167 820; x_wconf 88' lang='lat' dir='ltr'><strong>quaerens</strong></span> <span class='ocrx_word' id='word_1_8' title='bbox 1184 723 1233 794; x_wconf 91' lang='lat' dir='ltr'><strong>ibi</strong></span> <span class='ocrx_word' id='word_1_9' title='bbox 1249 747 1423 822; x_wconf 89' lang='lat' dir='ltr'><strong>sponsum</strong></span> <span class='ocrx_word' id='word_1_10' title='bbox 1440 749 1504 823; x_wconf 90' lang='lat' dir='ltr'><strong>per</strong></span> <span class='ocrx_word' id='word_1_11' title='bbox 1525 724 1623 795; x_wconf 88' lang='lat' dir='ltr'><strong>vicos</strong></span> <span class='ocrx_word' id='word_1_12' title='bbox 1639 739 1675 794; x_wconf 88' lang='lat' dir='ltr'><strong>et</strong></span> <span class='ocrx_word' id='word_1_13' title='bbox 1695 722 1843 823; x_wconf 79' lang='lat' dir='ltr'><strong>plateas,</strong></span> <span class='ocrx_word' id='word_1_14' title='bbox 1871 749 1978 822; x_wconf 91' lang='lat' dir='ltr'><strong>quern</strong></span> <span class='ocrx_word' id='word_1_15' title='bbox 1996 730 2027 799; x_wconf 94' lang='lat' dir='ltr'><strong>in</strong></span> 
     </span>
     <span class='ocr_line' id='line_1_3' title="bbox 450 841 2028 940; baseline 0.005 -31"><span class='ocrx_word' id='word_1_16' title='bbox 450 841 580 911; x_wconf 88' lang='lat' dir='ltr'><strong>lectulo</strong></span> <span class='ocrx_word' id='word_1_17' title='bbox 599 842 754 938; x_wconf 90' lang='lat' dir='ltr'><strong>reperire</strong></span> <span class='ocrx_word' id='word_1_18' title='bbox 771 863 846 912; x_wconf 90' lang='lat' dir='ltr'><strong>non</strong></span> <span class='ocrx_word' id='word_1_19' title='bbox 863 842 981 940; x_wconf 90' lang='lat' dir='ltr'><strong>potuit</strong></span> <span class='ocrx_word' id='word_1_20' title='bbox 1001 869 1008 912; x_wconf 92' lang='lat'><strong>:</strong></span> <span class='ocrx_word' id='word_1_21' title='bbox 1028 843 1116 914; x_wconf 91' lang='lat' dir='ltr'><strong>dum</strong></span> <span class='ocrx_word' id='word_1_22' title='bbox 1134 857 1254 914; x_wconf 89' lang='lat' dir='ltr'><strong>mente</strong></span> <span class='ocrx_word' id='word_1_23' title='bbox 1276 844 1370 916; x_wconf 89' lang='lat' dir='ltr'><strong>soras</strong></span> <span class='ocrx_word' id='word_1_24' title='bbox 1390 846 1510 915; x_wconf 79' lang='lat' dir='ltr'><strong>exiens</strong></span> <span class='ocrx_word' id='word_1_25' title='bbox 1526 843 1662 916; x_wconf 89' lang='lat' dir='ltr'><strong>bonam</strong></span> <span class='ocrx_word' id='word_1_26' title='bbox 1678 845 1789 916; x_wconf 91' lang='lat' dir='ltr'><strong>vitam</strong></span> <span class='ocrx_word' id='word_1_27' title='bbox 1805 843 1964 918; x_wconf 87' lang='lat' dir='ltr'><strong>fidelium</strong></span> <span class='ocrx_word' id='word_1_28' title='bbox 1979 849 2028 918; x_wconf 90' lang='lat' dir='ltr'><strong>iu·</strong></span> 
     </span>
     <span class='ocr_line' id='line_1_4' title="bbox 450 961 2070 1063; baseline 0.006 -33"><span class='ocrx_word' id='word_1_29' title='bbox 450 976 582 1050; x_wconf 89' lang='lat' dir='ltr'><strong>tuetur,</strong></span> <span class='ocrx_word' id='word_1_30' title='bbox 602 961 663 1058; x_wconf 91' lang='lat' dir='ltr'><strong>qui</strong></span> <span class='ocrx_word' id='word_1_31' title='bbox 681 963 717 1032; x_wconf 95' lang='lat' dir='ltr'><strong>in</strong></span> <span class='ocrx_word' id='word_1_32' title='bbox 735 962 806 1033; x_wconf 94' lang='lat' dir='ltr'><strong>hoc</strong></span> <span class='ocrx_word' id='word_1_33' title='bbox 821 961 950 1034; x_wconf 89' lang='lat' dir='ltr'><strong>saeculo</strong></span> <span class='ocrx_word' id='word_1_34' title='bbox 967 978 1140 1060; x_wconf 80' lang='lat' dir='ltr'><strong>tanquam</strong></span> <span class='ocrx_word' id='word_1_35' title='bbox 1156 965 1193 1033; x_wconf 94' lang='lat' dir='ltr'><strong>in</strong></span> <span class='ocrx_word' id='word_1_36' title='bbox 1210 965 1369 1052; x_wconf 89' lang='lat' dir='ltr'><strong>civitate,</strong></span> <span class='ocrx_word' id='word_1_37' title='bbox 1389 989 1467 1061; x_wconf 88' lang='lat' dir='ltr'><strong>quae</strong></span> <span class='ocrx_word' id='word_1_38' title='bbox 1483 964 1615 1036; x_wconf 88' lang='lat' dir='ltr'><strong>multos</strong></span> <span class='ocrx_word' id='word_1_39' title='bbox 1631 966 1743 1063; x_wconf 84' lang='lat' dir='ltr'><strong>capit,</strong></span> <span class='ocrx_word' id='word_1_40' title='bbox 1763 982 2026 1058; x_wconf 88' lang='lat' dir='ltr'><strong>conversantur,</strong></span> <span class='ocrx_word' id='word_1_41' title='bbox 2066 1027 2070 1038; x_wconf 93' lang='lat'><strong>.</strong></span> 
     </span>
     <span class='ocr_line' id='line_1_5' title="bbox 449 1077 2028 1184; baseline 0.004 -31"><span class='ocrx_word' id='word_1_42' title='bbox 449 1097 484 1153; x_wconf 91' lang='lat' dir='ltr'><strong>et</strong></span> <span class='ocrx_word' id='word_1_43' title='bbox 501 1107 590 1179; x_wconf 88' lang='lat' dir='ltr'><strong>quas</strong></span> <span class='ocrx_word' id='word_1_44' title='bbox 606 1085 764 1154; x_wconf 86' lang='lat' dir='ltr'><strong>imitetur</strong></span> <span class='ocrx_word' id='word_1_45' title='bbox 780 1083 942 1182; x_wconf 82' lang='lat' dir='ltr'><strong>exempla</strong></span> <span class='ocrx_word' id='word_1_46' title='bbox 959 1085 1132 1156; x_wconf 92' lang='lat' dir='ltr'><strong>virtutum</strong></span> <span class='ocrx_word' id='word_1_47' title='bbox 1149 1084 1233 1155; x_wconf 92' lang='lat' dir='ltr'><strong>inde</strong></span> <span class='ocrx_word' id='word_1_48' title='bbox 1250 1086 1415 1174; x_wconf 86' lang='lat' dir='ltr'><strong>assumit,</strong></span> <span class='ocrx_word' id='word_1_49' title='bbox 1439 1087 1475 1156; x_wconf 91' lang='lat' dir='ltr'><strong>in</strong></span> <span class='ocrx_word' id='word_1_50' title='bbox 1493 1086 1623 1183; x_wconf 92' lang='lat' dir='ltr'><strong>quibus</strong></span> <span class='ocrx_word' id='word_1_51' title='bbox 1644 1111 1709 1184; x_wconf 90' lang='lat' dir='ltr'><strong>per</strong></span> <span class='ocrx_word' id='word_1_52' title='bbox 1725 1077 1875 1182; x_wconf 70' lang='lat' dir='ltr'><strong>gratiam</strong></span> <span class='ocrx_word' id='word_1_53' title='bbox 1890 1090 2028 1160; x_wconf 89' lang='lat' dir='ltr'><strong>Domini</strong></span> 
     </span>
     <span class='ocr_line' id='line_1_6' title="bbox 450 1201 2030 1302; baseline 0.003 -31"><span class='ocrx_word' id='word_1_54' title='bbox 450 1201 611 1273; x_wconf 88' lang='lat' dir='ltr'><strong>hahitare</strong></span> <span class='ocrx_word' id='word_1_55' title='bbox 628 1228 703 1273; x_wconf 89' lang='lat' dir='ltr'><strong>non</strong></span> <span class='ocrx_word' id='word_1_56' title='bbox 721 1203 898 1300; x_wconf 85' lang='lat' dir='ltr'><strong>desperat.</strong></span> <span class='ocrx_word' id='word_1_57' title='bbox 919 1209 962 1274; x_wconf 88' lang='lat' dir='ltr'><strong>Et</strong></span> <span class='ocrx_word' id='word_1_58' title='bbox 978 1205 1150 1300; x_wconf 88' lang='lat' dir='ltr'><strong>quoniam</strong></span> <span class='ocrx_word' id='word_1_59' title='bbox 1166 1204 1203 1274; x_wconf 92' lang='lat' dir='ltr'><strong>in</strong></span> <span class='ocrx_word' id='word_1_60' title='bbox 1221 1205 1320 1275; x_wconf 92' lang='lat' dir='ltr'><strong>omni</strong></span> <span class='ocrx_word' id='word_1_61' title='bbox 1333 1205 1446 1301; x_wconf 88' lang='lat' dir='ltr'><strong>gradu</strong></span> <span class='ocrx_word' id='word_1_62' title='bbox 1462 1204 1623 1276; x_wconf 87' lang='lat' dir='ltr'><strong>fidelium</strong></span> <span class='ocrx_word' id='word_1_63' title='bbox 1640 1205 1698 1276; x_wconf 87' lang='lat' dir='ltr'><strong>alii</strong></span> <span class='ocrx_word' id='word_1_64' title='bbox 1709 1205 1937 1302; x_wconf 79' lang='lat' dir='ltr'><strong>perfectiores</strong></span> <span class='ocrx_word' id='word_1_65' title='bbox 1953 1221 2030 1278; x_wconf 90' lang='lat' dir='ltr'><strong>sunt</strong></span> 
     </span>
     <span class='ocr_line' id='line_1_7' title="bbox 448 1320 2027 1424; baseline 0.005 -34"><span class='ocrx_word' id='word_1_66' title='bbox 448 1320 540 1410; x_wconf 89' lang='lat' dir='ltr'><strong>aliis,</strong></span> <span class='ocrx_word' id='word_1_67' title='bbox 560 1323 739 1418; x_wconf 90' lang='lat' dir='ltr'><strong>quosdam</strong></span> <span class='ocrx_word' id='word_1_68' title='bbox 759 1322 809 1393; x_wconf 94' lang='lat' dir='ltr'><strong>ibi</strong></span> <span class='ocrx_word' id='word_1_69' title='bbox 830 1325 867 1393; x_wconf 94' lang='lat' dir='ltr'><strong>in</strong></span> <span class='ocrx_word' id='word_1_70' title='bbox 888 1323 1032 1421; x_wconf 86' lang='lat' dir='ltr'><strong>plateis,</strong></span> <span class='ocrx_word' id='word_1_71' title='bbox 1056 1322 1234 1421; x_wconf 90' lang='lat' dir='ltr'><strong>quosdam</strong></span> <span class='ocrx_word' id='word_1_72' title='bbox 1256 1325 1294 1393; x_wconf 93' lang='lat' dir='ltr'><strong>in</strong></span> <span class='ocrx_word' id='word_1_73' title='bbox 1315 1325 1402 1395; x_wconf 86' lang='lat' dir='ltr'><strong>vicis</strong></span> <span class='ocrx_word' id='word_1_74' title='bbox 1423 1326 1574 1424; x_wconf 90' lang='lat' dir='ltr'><strong>reperit,</strong></span> <span class='ocrx_word' id='word_1_75' title='bbox 1597 1325 1683 1421; x_wconf 90' lang='lat' dir='ltr'><strong>quia</strong></span> <span class='ocrx_word' id='word_1_76' title='bbox 1697 1324 1942 1422; x_wconf 86' lang='lat' dir='ltr'><strong>quorumdam</strong></span> <span class='ocrx_word' id='word_1_77' title='bbox 1963 1327 2027 1398; x_wconf 91' lang='lat' dir='ltr'><strong>vita</strong></span> 
     </span>
     <span class='ocr_line' id='line_1_8' title="bbox 448 1440 2025 1542; baseline 0.003 -31"><span class='ocrx_word' id='word_1_78' title='bbox 448 1466 521 1536; x_wconf 92' lang='lat' dir='ltr'><strong>quo</strong></span> <span class='ocrx_word' id='word_1_79' title='bbox 543 1440 648 1512; x_wconf 89' lang='lat' dir='ltr'><strong>altior</strong></span> <span class='ocrx_word' id='word_1_80' title='bbox 666 1457 719 1513; x_wconf 89' lang='lat' dir='ltr'><strong>est</strong></span> <span class='ocrx_word' id='word_1_81' title='bbox 742 1444 780 1513; x_wconf 92' lang='lat' dir='ltr'><strong>in</strong></span> <span class='ocrx_word' id='word_1_82' title='bbox 798 1444 944 1514; x_wconf 86' lang='lat' dir='ltr'><strong>meritis</strong></span> <span class='ocrx_word' id='word_1_83' title='bbox 957 1444 994 1514; x_wconf 92' lang='lat' dir='ltr'><strong>in</strong></span> <span class='ocrx_word' id='word_1_84' title='bbox 1012 1442 1241 1541; x_wconf 89' lang='lat' dir='ltr'><strong>paucioribus</strong></span> <span class='ocrx_word' id='word_1_85' title='bbox 1267 1445 1449 1534; x_wconf 88' lang='lat' dir='ltr'><strong>consistit,</strong></span> <span class='ocrx_word' id='word_1_86' title='bbox 1475 1445 1537 1540; x_wconf 93' lang='lat' dir='ltr'><strong>qui</strong></span> <span class='ocrx_word' id='word_1_87' title='bbox 1553 1445 1656 1542; x_wconf 90' lang='lat' dir='ltr'><strong>quasi</strong></span> <span class='ocrx_word' id='word_1_88' title='bbox 1672 1445 1708 1514; x_wconf 93' lang='lat' dir='ltr'><strong>in</strong></span> <span class='ocrx_word' id='word_1_89' title='bbox 1730 1445 1816 1515; x_wconf 89' lang='lat' dir='ltr'><strong>vicis</strong></span> <span class='ocrx_word' id='word_1_90' title='bbox 1832 1460 2025 1533; x_wconf 89' lang='lat' dir='ltr'><strong>morantur,</strong></span> 
     </span>
     <span class='ocr_line' id='line_1_9' title="bbox 448 1562 2027 1663; baseline 0.003 -31"><span class='ocrx_word' id='word_1_91' title='bbox 448 1563 509 1657; x_wconf 87' lang='lat' dir='ltr'><strong>qui</strong></span> <span class='ocrx_word' id='word_1_92' title='bbox 526 1564 719 1634; x_wconf 86' lang='lat' dir='ltr'><strong>strictiores</strong></span> <span class='ocrx_word' id='word_1_93' title='bbox 737 1579 820 1634; x_wconf 94' lang='lat' dir='ltr'><strong>sunt</strong></span> <span class='ocrx_word' id='word_1_94' title='bbox 836 1588 945 1660; x_wconf 89' lang='lat' dir='ltr'><strong>quam</strong></span> <span class='ocrx_word' id='word_1_95' title='bbox 960 1562 1102 1661; x_wconf 83' lang='lat' dir='ltr'><strong>plateae,</strong></span> <span class='ocrx_word' id='word_1_96' title='bbox 1121 1563 1245 1660; x_wconf 89' lang='lat' dir='ltr'><strong>quales</strong></span> <span class='ocrx_word' id='word_1_97' title='bbox 1260 1564 1329 1635; x_wconf 87' lang='lat' dir='ltr'><strong>Joh</strong></span> <span class='ocrx_word' id='word_1_98' title='bbox 1347 1579 1383 1634; x_wconf 90' lang='lat' dir='ltr'><strong>et</strong></span> <span class='ocrx_word' id='word_1_99' title='bbox 1398 1568 1599 1637; x_wconf 88' lang='lat' dir='ltr'><strong>Susannam</strong></span> <span class='ocrx_word' id='word_1_100' title='bbox 1614 1564 1780 1660; x_wconf 84' lang='lat' dir='ltr'><strong>legimus,</strong></span> <span class='ocrx_word' id='word_1_101' title='bbox 1794 1578 1830 1636; x_wconf 89' lang='lat' dir='ltr'><strong>et</strong></span> <span class='ocrx_word' id='word_1_102' title='bbox 1845 1565 2027 1663; x_wconf 87' lang='lat' dir='ltr'><strong>plerosque</strong></span> 
     </span>
     <span class='ocr_line' id='line_1_10' title="bbox 448 1681 2026 1783; baseline 0.003 -31"><span class='ocrx_word' id='word_1_103' title='bbox 448 1681 553 1772; x_wconf 76' lang='lat' dir='ltr'><strong>aliea,</strong></span> <span class='ocrx_word' id='word_1_104' title='bbox 573 1685 635 1779; x_wconf 92' lang='lat' dir='ltr'><strong>qui</strong></span> <span class='ocrx_word' id='word_1_105' title='bbox 660 1684 705 1755; x_wconf 89' lang='lat' dir='ltr'><strong>de</strong></span> <span class='ocrx_word' id='word_1_106' title='bbox 727 1707 856 1780; x_wconf 89' lang='lat' dir='ltr'><strong>magna</strong></span> <span class='ocrx_word' id='word_1_107' title='bbox 877 1684 1050 1754; x_wconf 87' lang='lat' dir='ltr'><strong>virtutum</strong></span> <span class='ocrx_word' id='word_1_108' title='bbox 1070 1684 1291 1781; x_wconf 79' lang='lat' dir='ltr'><strong>perfectione</strong></span> <span class='ocrx_word' id='word_1_109' title='bbox 1311 1700 1385 1756; x_wconf 88' lang='lat' dir='ltr'><strong>tarn</strong></span> <span class='ocrx_word' id='word_1_110' title='bbox 1409 1685 1494 1756; x_wconf 87' lang='lat' dir='ltr'><strong>viris</strong></span> <span class='ocrx_word' id='word_1_111' title='bbox 1515 1710 1625 1783; x_wconf 91' lang='lat' dir='ltr'><strong>quarn</strong></span> <span class='ocrx_word' id='word_1_112' title='bbox 1650 1685 1791 1757; x_wconf 87' lang='lat' dir='ltr'><strong>seminis</strong></span> <span class='ocrx_word' id='word_1_113' title='bbox 1811 1686 1849 1756; x_wconf 90' lang='lat' dir='ltr'><strong>in</strong></span> <span class='ocrx_word' id='word_1_114' title='bbox 1870 1685 2026 1783; x_wconf 82' lang='lat' dir='ltr'><strong>exemplu</strong></span> 
     </span>
     <span class='ocr_line' id='line_1_11' title="bbox 447 1802 2027 1902; baseline 0.005 -32"><span class='ocrx_word' id='word_1_115' title='bbox 447 1817 531 1871; x_wconf 91' lang='lat' dir='ltr'><strong>sunt</strong></span> <span class='ocrx_word' id='word_1_116' title='bbox 547 1804 666 1899; x_wconf 89' lang='lat' dir='ltr'><strong>positi.</strong></span> <span class='ocrx_word' id='word_1_117' title='bbox 684 1807 848 1890; x_wconf 89' lang='lat' dir='ltr'><strong>Quorum</strong></span> <span class='ocrx_word' id='word_1_118' title='bbox 865 1818 966 1875; x_wconf 90' lang='lat' dir='ltr'><strong>tanto</strong></span> <span class='ocrx_word' id='word_1_119' title='bbox 982 1802 1196 1876; x_wconf 83' lang='lat' dir='ltr'><strong>laudabilior</strong></span> <span class='ocrx_word' id='word_1_120' title='bbox 1211 1805 1286 1876; x_wconf 88' lang='lat' dir='ltr'><strong>vita</strong></span> <span class='ocrx_word' id='word_1_121' title='bbox 1301 1805 1432 1895; x_wconf 86' lang='lat' dir='ltr'><strong>extitit,</strong></span> <span class='ocrx_word' id='word_1_122' title='bbox 1451 1821 1588 1902; x_wconf 89' lang='lat' dir='ltr'><strong>quanto</strong></span> <span class='ocrx_word' id='word_1_123' title='bbox 1611 1805 1649 1876; x_wconf 93' lang='lat' dir='ltr'><strong>in</strong></span> <span class='ocrx_word' id='word_1_124' title='bbox 1670 1805 1828 1878; x_wconf 85' lang='lat' dir='ltr'><strong>saeculari</strong></span> <span class='ocrx_word' id='word_1_125' title='bbox 1850 1829 2027 1878; x_wconf 85' lang='lat' dir='ltr'><strong>conversa·</strong></span> 
     </span>
     <span class='ocr_line' id='line_1_12' title="bbox 448 1921 1835 2020; baseline 0.005 -33"><span class='ocrx_word' id='word_1_126' title='bbox 448 1921 546 1991; x_wconf 90' lang='lat' dir='ltr'><strong>tione</strong></span> <span class='ocrx_word' id='word_1_127' title='bbox 563 1921 760 2016; x_wconf 81' lang='lat' dir='ltr'><strong>religiosior</strong></span> <span class='ocrx_word' id='word_1_128' title='bbox 776 1923 858 2007; x_wconf 85' lang='lat' dir='ltr'><strong>fuit,</strong></span> <span class='ocrx_word' id='word_1_129' title='bbox 873 1937 909 1994; x_wconf 93' lang='lat' dir='ltr'><strong>et</strong></span> <span class='ocrx_word' id='word_1_130' title='bbox 924 1925 1026 2020; x_wconf 87' lang='lat' dir='ltr'><strong>quasi</strong></span> <span class='ocrx_word' id='word_1_131' title='bbox 1043 1924 1274 2020; x_wconf 91' lang='lat' dir='ltr'><strong>purissimum</strong></span> <span class='ocrx_word' id='word_1_132' title='bbox 1286 1947 1414 1995; x_wconf 92' lang='lat' dir='ltr'><strong>aurum</strong></span> <span class='ocrx_word' id='word_1_133' title='bbox 1432 1925 1467 1994; x_wconf 93' lang='lat' dir='ltr'><strong>in</strong></span> <span class='ocrx_word' id='word_1_134' title='bbox 1486 1925 1631 1997; x_wconf 81' lang='lat' dir='ltr'><strong>fornace</strong></span> <span class='ocrx_word' id='word_1_135' title='bbox 1647 1948 1723 1995; x_wconf 92' lang='lat' dir='ltr'><strong>non</strong></span> <span class='ocrx_word' id='word_1_136' title='bbox 1739 1925 1835 1996; x_wconf 89' lang='lat' dir='ltr'><strong>arsit.</strong></span> 
     </span>
    </p>

    <p class='ocr_par' dir='ltr' id='par_1_3' title="bbox 393 2043 2028 5013">
     <span class='ocr_line' id='line_1_13' title="bbox 496 2043 2027 2143; baseline 0.003 -32"><span class='ocrx_word' id='word_1_137' title='bbox 496 2047 540 2112; x_wconf 88' lang='lat' dir='ltr'><strong>Et</strong></span> <span class='ocrx_word' id='word_1_138' title='bbox 556 2045 727 2139; x_wconf 85' lang='lat' dir='ltr'><strong>quoniam</strong></span> <span class='ocrx_word' id='word_1_139' title='bbox 744 2043 790 2114; x_wconf 90' lang='lat' dir='ltr'><strong>de</strong></span> <span class='ocrx_word' id='word_1_140' title='bbox 806 2045 996 2115; x_wconf 88' lang='lat' dir='ltr'><strong>virtutibus</strong></span> <span class='ocrx_word' id='word_1_141' title='bbox 1012 2044 1101 2133; x_wconf 85' lang='lat' dir='ltr'><strong>lob,</strong></span> <span class='ocrx_word' id='word_1_142' title='bbox 1120 2069 1209 2142; x_wconf 91' lang='lat' dir='ltr'><strong>quas</strong></span> <span class='ocrx_word' id='word_1_143' title='bbox 1226 2044 1414 2140; x_wconf 82' lang='lat' dir='ltr'><strong>diligenter</strong></span> <span class='ocrx_word' id='word_1_144' title='bbox 1429 2060 1691 2116; x_wconf 85' lang='lat' dir='ltr'><strong>commemorat</strong></span> <span class='ocrx_word' id='word_1_145' title='bbox 1706 2046 1900 2143; x_wconf 87' lang='lat' dir='ltr'><strong>Scriptura,</strong></span> <span class='ocrx_word' id='word_1_146' title='bbox 1911 2069 2027 2142; x_wconf 89' lang='lat' dir='ltr'><strong>super·</strong></span> 
     </span>
     <span class='ocr_line' id='line_1_14' title="bbox 448 2161 2027 2259; baseline 0.001 -29"><span class='ocrx_word' id='word_1_147' title='bbox 448 2185 600 2232; x_wconf 87' lang='lat' dir='ltr'><strong>vacuum</strong></span> <span class='ocrx_word' id='word_1_148' title='bbox 626 2187 683 2233; x_wconf 92' lang='lat' dir='ltr'><strong>me</strong></span> <span class='ocrx_word' id='word_1_149' title='bbox 704 2189 801 2233; x_wconf 91' lang='lat' dir='ltr'><strong>nunc</strong></span> <span class='ocrx_word' id='word_1_150' title='bbox 824 2161 927 2234; x_wconf 87' lang='lat' dir='ltr'><strong>vobis</strong></span> <span class='ocrx_word' id='word_1_151' title='bbox 947 2163 1102 2234; x_wconf 88' lang='lat' dir='ltr'><strong>scribere</strong></span> <span class='ocrx_word' id='word_1_152' title='bbox 1123 2163 1296 2251; x_wconf 89' lang='lat' dir='ltr'><strong>arbitror,</strong></span> <span class='ocrx_word' id='word_1_153' title='bbox 1326 2163 1371 2235; x_wconf 91' lang='lat' dir='ltr'><strong>ad</strong></span> <span class='ocrx_word' id='word_1_154' title='bbox 1393 2167 1594 2235; x_wconf 88' lang='lat' dir='ltr'><strong>Susannam</strong></span> <span class='ocrx_word' id='word_1_155' title='bbox 1615 2164 1859 2258; x_wconf 87' lang='lat' dir='ltr'><strong>conjugatam,</strong></span> <span class='ocrx_word' id='word_1_156' title='bbox 1883 2187 1963 2259; x_wconf 84' lang='lat' dir='ltr'><strong>quae</strong></span> <span class='ocrx_word' id='word_1_157' title='bbox 1977 2186 2027 2233; x_wconf 79' lang='lat' dir='ltr'><strong>ve</strong></span> 
     </span>
     <span class='ocr_line' id='line_1_15' title="bbox 447 2282 2026 2380; baseline 0 -30"><span class='ocrx_word' id='word_1_158' title='bbox 447 2283 529 2351; x_wconf 90' lang='lat' dir='ltr'><strong>stri¹</strong></span> <span class='ocrx_word' id='word_1_159' title='bbox 535 2336 606 2351; x_wconf 94' lang='grc'><strong>.....</strong></span> <span class='ocrx_word' id='word_1_160' title='bbox 627 2283 776 2352; x_wconf 90' lang='lat' dir='ltr'><strong>minoris</strong></span> <span class='ocrx_word' id='word_1_161' title='bbox 792 2282 969 2380; x_wconf 89' lang='lat' dir='ltr'><strong>propositi</strong></span> <span class='ocrx_word' id='word_1_162' title='bbox 991 2295 1027 2352; x_wconf 88' lang='lat' dir='ltr'><strong>et</strong></span> <span class='ocrx_word' id='word_1_163' title='bbox 1050 2283 1195 2377; x_wconf 87' lang='lat' dir='ltr'><strong>majoris</strong></span> <span class='ocrx_word' id='word_1_164' title='bbox 1216 2283 1355 2354; x_wconf 92' lang='lat' dir='ltr'><strong>virtutis</strong></span> <span class='ocrx_word' id='word_1_165' title='bbox 1378 2283 1459 2371; x_wconf 83' lang='lat' dir='ltr'><strong>fuit,</strong></span> <span class='ocrx_word' id='word_1_166' title='bbox 1483 2283 1604 2354; x_wconf 90' lang='lat' dir='ltr'><strong>stilum</strong></span> <span class='ocrx_word' id='word_1_167' title='bbox 1625 2297 1816 2369; x_wconf 80' lang='lat' dir='ltr'><strong>convert03</strong></span> <span class='ocrx_word' id='word_1_168' title='bbox 1840 2296 1879 2352; x_wconf 90' lang='lat' dir='ltr'><strong>ut</strong></span> <span class='ocrx_word' id='word_1_169' title='bbox 1899 2283 1937 2352; x_wconf 95' lang='lat' dir='ltr'><strong>in</strong></span> <span class='ocrx_word' id='word_1_170' title='bbox 1959 2282 2026 2376; x_wconf 88' lang='lat' dir='ltr'><strong>ejus</strong></span> 
     </span>
     <span class='ocr_line' id='line_1_16' title="bbox 446 2403 2026 2504; baseline -0.001 -31"><span class='ocrx_word' id='word_1_171' title='bbox 446 2407 715 2502; x_wconf 88' lang='lat' dir='ltr'><strong>comparatione</strong></span> <span class='ocrx_word' id='word_1_172' title='bbox 733 2461 741 2493; x_wconf 97' lang='lat'><strong>,</strong></span> <span class='ocrx_word' id='word_1_173' title='bbox 760 2405 789 2476; x_wconf 88' lang='lat' dir='ltr'><strong>si</strong></span> <span class='ocrx_word' id='word_1_174' title='bbox 806 2429 885 2502; x_wconf 82' lang='lat' dir='ltr'><strong>quae</strong></span> <span class='ocrx_word' id='word_1_175' title='bbox 901 2406 991 2476; x_wconf 89' lang='lat' dir='ltr'><strong>sacri</strong></span> <span class='ocrx_word' id='word_1_176' title='bbox 1007 2406 1182 2503; x_wconf 89' lang='lat' dir='ltr'><strong>propositi</strong></span> <span class='ocrx_word' id='word_1_177' title='bbox 1199 2405 1338 2476; x_wconf 85' lang='lat' dir='ltr'><strong>feminae</strong></span> <span class='ocrx_word' id='word_1_178' title='bbox 1354 2407 1472 2478; x_wconf 91' lang='lat' dir='ltr'><strong>minus</strong></span> <span class='ocrx_word' id='word_1_179' title='bbox 1489 2430 1599 2504; x_wconf 90' lang='lat' dir='ltr'><strong>quarn</strong></span> <span class='ocrx_word' id='word_1_180' title='bbox 1615 2406 1782 2476; x_wconf 90' lang='lat' dir='ltr'><strong>noverint</strong></span> <span class='ocrx_word' id='word_1_181' title='bbox 1797 2403 1968 2492; x_wconf 85' lang='lat' dir='ltr'><strong>habeant,</strong></span> <span class='ocrx_word' id='word_1_182' title='bbox 1985 2403 2026 2472; x_wconf 89' lang='lat' dir='ltr'><strong>de</strong></span> 
     </span>
     <span class='ocr_line' id='line_1_17' title="bbox 446 2522 2026 2622; baseline 0 -30"><span class='ocrx_word' id='word_1_183' title='bbox 446 2548 511 2593; x_wconf 91' lang='lat' dir='ltr'><strong>suo</strong></span> <span class='ocrx_word' id='word_1_184' title='bbox 529 2522 670 2595; x_wconf 84' lang='lat' dir='ltr'><strong>delectu</strong></span> <span class='ocrx_word' id='word_1_185' title='bbox 691 2525 915 2596; x_wconf 88' lang='lat' dir='ltr'><strong>erubescant.</strong></span> <span class='ocrx_word' id='word_1_186' title='bbox 939 2524 1056 2596; x_wconf 87' lang='lat' dir='ltr'><strong>Prima</strong></span> <span class='ocrx_word' id='word_1_187' title='bbox 1071 2547 1158 2595; x_wconf 89' lang='lat' dir='ltr'><strong>vero</strong></span> <span class='ocrx_word' id='word_1_188' title='bbox 1176 2524 1252 2594; x_wconf 90' lang='lat' dir='ltr'><strong>laus</strong></span> <span class='ocrx_word' id='word_1_189' title='bbox 1269 2525 1344 2620; x_wconf 89' lang='lat' dir='ltr'><strong>ejus</strong></span> <span class='ocrx_word' id='word_1_190' title='bbox 1361 2524 1591 2614; x_wconf 89' lang='lat' dir='ltr'><strong>describitur,</strong></span> <span class='ocrx_word' id='word_1_191' title='bbox 1615 2548 1727 2622; x_wconf 91' lang='lat' dir='ltr'><strong>quum</strong></span> <span class='ocrx_word' id='word_1_192' title='bbox 1744 2548 1824 2594; x_wconf 87' lang='lat' dir='ltr'><strong>eam</strong></span> <span class='ocrx_word' id='word_1_193' title='bbox 1844 2522 2026 2621; x_wconf 90' lang='lat' dir='ltr'><strong>pulchram</strong></span> 
     </span>
     <span class='ocr_line' id='line_1_18' title="bbox 446 2623 2025 2742; baseline 0 -31"><span class='ocrx_word' id='word_1_194' title='bbox 446 2643 569 2731; x_wconf 91' lang='lat' dir='ltr'><strong>nimis,</strong></span> <span class='ocrx_word' id='word_1_195' title='bbox 591 2659 626 2714; x_wconf 97' lang='lat' dir='ltr'><strong>et</strong></span> <span class='ocrx_word' id='word_1_196' title='bbox 649 2645 834 2715; x_wconf 88' lang='lat' dir='ltr'><strong>timentem</strong></span> <span class='ocrx_word' id='word_1_197' title='bbox 860 2644 1057 2714; x_wconf 89' lang='lat' dir='ltr'><strong>Dominum</strong></span> <span class='ocrx_word' id='word_1_198' title='bbox 1079 2645 1261 2742; x_wconf 89' lang='lat' dir='ltr'><strong>Scriptura</strong></span> <span class='ocrx_word' id='word_1_199' title='bbox 1286 2648 1577 2716; x_wconf 86' lang='lat' dir='ltr'><strong>commemorat¹.</strong></span> <span class='ocrx_word' id='word_1_200' title='bbox 1606 2649 1633 2713; x_wconf 87' lang='grc' dir='ltr'><strong>Α</strong></span> <span class='ocrx_word' id='word_1_201' title='bbox 1659 2623 1927 2742; x_wconf 89' lang='lat' dir='ltr'><strong>pulchritudine</strong></span> <span class='ocrx_word' id='word_1_202' title='bbox 1954 2666 2025 2713; x_wconf 90' lang='lat' dir='ltr'><strong>cor-</strong></span> 
     </span>
     <span class='ocr_line' id='line_1_19' title="bbox 446 2760 2025 2858; baseline 0 -28"><span class='ocrx_word' id='word_1_203' title='bbox 446 2762 542 2857; x_wconf 88' lang='lat' dir='ltr'><strong>poris</strong></span> <span class='ocrx_word' id='word_1_204' title='bbox 560 2761 605 2832; x_wconf 89' lang='lat' dir='ltr'><strong>ad</strong></span> <span class='ocrx_word' id='word_1_205' title='bbox 623 2763 791 2833; x_wconf 88' lang='lat' dir='ltr'><strong>decorem</strong></span> <span class='ocrx_word' id='word_1_206' title='bbox 807 2761 937 2832; x_wconf 91' lang='lat' dir='ltr'><strong>mentis</strong></span> <span class='ocrx_word' id='word_1_207' title='bbox 954 2760 1127 2850; x_wconf 89' lang='lat' dir='ltr'><strong>ascendit,</strong></span> <span class='ocrx_word' id='word_1_208' title='bbox 1143 2761 1243 2858; x_wconf 79' lang='lat' dir='ltr'><strong>juxta</strong></span> <span class='ocrx_word' id='word_1_209' title='bbox 1259 2761 1348 2833; x_wconf 92' lang='lat' dir='ltr'><strong>illud</strong></span> <span class='ocrx_word' id='word_1_210' title='bbox 1365 2764 1526 2858; x_wconf 88' lang='lat' dir='ltr'><strong>Gregorii</strong></span> <span class='ocrx_word' id='word_1_211' title='bbox 1542 2790 1550 2832; x_wconf 74' lang='grc' dir='ltr'><strong><em>ε</em></strong></span> <span class='ocrx_word' id='word_1_212' title='bbox 1566 2791 1582 2830; x_wconf 84' lang='lat' dir='ltr'><strong>u</strong></span> <span class='ocrx_word' id='word_1_213' title='bbox 1596 2765 1624 2832; x_wconf 80' lang='grc' dir='ltr'><strong>Α</strong></span> <span class='ocrx_word' id='word_1_214' title='bbox 1638 2761 1795 2832; x_wconf 89' lang='lat' dir='ltr'><strong>minimis</strong></span> <span class='ocrx_word' id='word_1_215' title='bbox 1809 2762 1961 2858; x_wconf 89' lang='lat' dir='ltr'><strong>quisque</strong></span> <span class='ocrx_word' id='word_1_216' title='bbox 1976 2762 2025 2830; x_wconf 91' lang='lat' dir='ltr'><strong>in·</strong></span> 
     </span>
     <span class='ocr_line' id='line_1_20' title="bbox 444 2879 2026 2980; baseline -0.001 -30"><span class='ocrx_word' id='word_1_217' title='bbox 444 2879 565 2970; x_wconf 91' lang='lat' dir='ltr'><strong>choat,</strong></span> <span class='ocrx_word' id='word_1_218' title='bbox 577 2896 617 2952; x_wconf 92' lang='lat' dir='ltr'><strong>ut</strong></span> <span class='ocrx_word' id='word_1_219' title='bbox 629 2881 674 2952; x_wconf 90' lang='lat' dir='ltr'><strong>ad</strong></span> <span class='ocrx_word' id='word_1_220' title='bbox 687 2882 822 2976; x_wconf 90' lang='lat' dir='ltr'><strong>majora</strong></span> <span class='ocrx_word' id='word_1_221' title='bbox 833 2883 1030 2979; x_wconf 88' lang='lat' dir='ltr'><strong>perveniat.</strong></span> <span class='ocrx_word' id='word_1_222' title='bbox 1046 2909 1064 2948; x_wconf 82' lang='lat' dir='ltr'><strong>u</strong></span> <span class='ocrx_word' id='word_1_223' title='bbox 1083 2880 1234 2953; x_wconf 91' lang='lat' dir='ltr'><strong>Pulchra</strong></span> <span class='ocrx_word' id='word_1_224' title='bbox 1241 2906 1408 2980; x_wconf 88' lang='lat' dir='ltr'><strong>corpore,</strong></span> <span class='ocrx_word' id='word_1_225' title='bbox 1424 2883 1487 2954; x_wconf 90' lang='lat' dir='ltr'><strong>sed</strong></span> <span class='ocrx_word' id='word_1_226' title='bbox 1496 2881 1680 2979; x_wconf 88' lang='lat' dir='ltr'><strong>pulchrior</strong></span> <span class='ocrx_word' id='word_1_227' title='bbox 1695 2895 1828 2968; x_wconf 87' lang='lat' dir='ltr'><strong>mente,</strong></span> <span class='ocrx_word' id='word_1_228' title='bbox 1846 2895 1949 2952; x_wconf 90' lang='lat' dir='ltr'><strong>tanto</strong></span> <span class='ocrx_word' id='word_1_229' title='bbox 1961 2881 2026 2950; x_wconf 89' lang='lat' dir='ltr'><strong>lau·</strong></span> 
     </span>
     <span class='ocr_line' id='line_1_21' title="bbox 445 2998 2024 3098; baseline -0.001 -28"><span class='ocrx_word' id='word_1_230' title='bbox 445 2999 596 3072; x_wconf 87' lang='lat' dir='ltr'><strong>dabilius</strong></span> <span class='ocrx_word' id='word_1_231' title='bbox 605 3000 681 3073; x_wconf 82' lang='lat' dir='ltr'><strong>haec</strong></span> <span class='ocrx_word' id='word_1_232' title='bbox 693 3001 768 3073; x_wconf 91' lang='lat' dir='ltr'><strong>duo</strong></span> <span class='ocrx_word' id='word_1_233' title='bbox 780 3001 899 3090; x_wconf 93' lang='lat' dir='ltr'><strong>simul,</strong></span> <span class='ocrx_word' id='word_1_234' title='bbox 912 3016 1048 3098; x_wconf 90' lang='lat' dir='ltr'><strong>quanto</strong></span> <span class='ocrx_word' id='word_1_235' title='bbox 1060 3000 1239 3072; x_wconf 89' lang='lat' dir='ltr'><strong>difficilius</strong></span> <span class='ocrx_word' id='word_1_236' title='bbox 1247 3001 1485 3073; x_wconf 89' lang='lat' dir='ltr'><strong>custodiebat.</strong></span> <span class='ocrx_word' id='word_1_237' title='bbox 1506 3007 1546 3073; x_wconf 92' lang='lat' dir='ltr'><strong>ln</strong></span> <span class='ocrx_word' id='word_1_238' title='bbox 1558 3001 1670 3073; x_wconf 91' lang='lat' dir='ltr'><strong>altero</strong></span> <span class='ocrx_word' id='word_1_239' title='bbox 1680 2999 1836 3072; x_wconf 88' lang='lat' dir='ltr'><strong>habehat</strong></span> <span class='ocrx_word' id='word_1_240' title='bbox 1844 2998 2024 3097; x_wconf 86' lang='lat' dir='ltr'><strong>pugnandi</strong></span> 
     </span>
     <span class='ocr_line' id='line_1_22' title="bbox 445 3119 2025 3218; baseline -0.001 -28"><span class='ocrx_word' id='word_1_241' title='bbox 445 3123 647 3209; x_wconf 88' lang='lat' dir='ltr'><strong>materiam,</strong></span> <span class='ocrx_word' id='word_1_242' title='bbox 671 3147 711 3192; x_wconf 84' lang='lat' dir='ltr'><strong>ex</strong></span> <span class='ocrx_word' id='word_1_243' title='bbox 738 3121 851 3192; x_wconf 91' lang='lat' dir='ltr'><strong>altero</strong></span> <span class='ocrx_word' id='word_1_244' title='bbox 877 3121 985 3218; x_wconf 88' lang='lat' dir='ltr'><strong>coepit</strong></span> <span class='ocrx_word' id='word_1_245' title='bbox 1005 3122 1163 3193; x_wconf 80' lang='lat' dir='ltr'><strong>victoriae</strong></span> <span class='ocrx_word' id='word_1_246' title='bbox 1188 3146 1375 3193; x_wconf 90' lang='lat' dir='ltr'><strong>eoronam.</strong></span> <span class='ocrx_word' id='word_1_247' title='bbox 1400 3127 1450 3192; x_wconf 84' lang='lat' dir='ltr'><strong>Ex</strong></span> <span class='ocrx_word' id='word_1_248' title='bbox 1471 3121 1533 3192; x_wconf 92' lang='lat' dir='ltr'><strong>illo</strong></span> <span class='ocrx_word' id='word_1_249' title='bbox 1554 3122 1590 3191; x_wconf 91' lang='lat' dir='ltr'><strong>in</strong></span> <span class='ocrx_word' id='word_1_250' title='bbox 1610 3119 1941 3218; x_wconf 89' lang='lat' dir='ltr'><strong>concupiscentiam</strong></span> <span class='ocrx_word' id='word_1_251' title='bbox 1957 3120 2025 3213; x_wconf 87' lang='lat' dir='ltr'><strong>ejus</strong></span> 
     </span>
     <span class='ocr_line' id='line_1_23' title="bbox 444 3237 2024 3337; baseline -0.001 -29"><span class='ocrx_word' id='word_1_252' title='bbox 444 3253 649 3310; x_wconf 88' lang='lat' dir='ltr'><strong>exarserunt</strong></span> <span class='ocrx_word' id='word_1_253' title='bbox 665 3238 886 3329; x_wconf 89' lang='lat' dir='ltr'><strong>sacerdotes,</strong></span> <span class='ocrx_word' id='word_1_254' title='bbox 905 3254 945 3309; x_wconf 94' lang='lat' dir='ltr'><strong>ut</strong></span> <span class='ocrx_word' id='word_1_255' title='bbox 960 3238 1032 3310; x_wconf 90' lang='lat' dir='ltr'><strong>hoc</strong></span> <span class='ocrx_word' id='word_1_256' title='bbox 1050 3264 1114 3337; x_wconf 88' lang='lat' dir='ltr'><strong>per</strong></span> <span class='ocrx_word' id='word_1_257' title='bbox 1130 3241 1369 3311; x_wconf 88' lang='lat' dir='ltr'><strong>constantiam</strong></span> <span class='ocrx_word' id='word_1_258' title='bbox 1386 3241 1526 3310; x_wconf 88' lang='lat' dir='ltr'><strong>virtutis</strong></span> <span class='ocrx_word' id='word_1_259' title='bbox 1543 3238 1773 3337; x_wconf 88' lang='lat' dir='ltr'><strong>probaretur,</strong></span> <span class='ocrx_word' id='word_1_260' title='bbox 1792 3262 1906 3335; x_wconf 91' lang='lat' dir='ltr'><strong>quum</strong></span> <span class='ocrx_word' id='word_1_261' title='bbox 1924 3237 2024 3308; x_wconf 89' lang='lat' dir='ltr'><strong>morti</strong></span> 
     </span>
     <span class='ocr_line' id='line_1_24' title="bbox 445 3358 2024 3457; baseline -0.001 -29"><span class='ocrx_word' id='word_1_262' title='bbox 445 3359 587 3430; x_wconf 88' lang='lat' dir='ltr'><strong>addicta</strong></span> <span class='ocrx_word' id='word_1_263' title='bbox 607 3360 687 3430; x_wconf 86' lang='lat' dir='ltr'><strong>vitae</strong></span> <span class='ocrx_word' id='word_1_264' title='bbox 707 3359 906 3457; x_wconf 90' lang='lat' dir='ltr'><strong>periculum</strong></span> <span class='ocrx_word' id='word_1_265' title='bbox 928 3358 1053 3454; x_wconf 88' lang='lat' dir='ltr'><strong>elegit,</strong></span> <span class='ocrx_word' id='word_1_266' title='bbox 1082 3385 1128 3430; x_wconf 93' lang='lat' dir='ltr'><strong>ne</strong></span> <span class='ocrx_word' id='word_1_267' title='bbox 1149 3362 1356 3456; x_wconf 88' lang='lat' dir='ltr'><strong>contagium</strong></span> <span class='ocrx_word' id='word_1_268' title='bbox 1374 3363 1571 3432; x_wconf 89' lang='lat' dir='ltr'><strong>incurreret</strong></span> <span class='ocrx_word' id='word_1_269' title='bbox 1590 3359 1770 3456; x_wconf 77' lang='lat' dir='ltr'><strong>corporiS,</strong></span> <span class='ocrx_word' id='word_1_270' title='bbox 1788 3371 1895 3455; x_wconf 87' lang='lat' dir='ltr'><strong>atque</strong></span> <span class='ocrx_word' id='word_1_271' title='bbox 1913 3358 2024 3456; x_wconf 84' lang='lat' dir='ltr'><strong>ipsunr</strong></span> 
     </span>
     <span class='ocr_line' id='line_1_25' title="bbox 445 3475 2024 3576; baseline 0.001 -29"><span class='ocrx_word' id='word_1_272' title='bbox 445 3503 575 3574; x_wconf 92' lang='lat' dir='ltr'><strong>corpus</strong></span> <span class='ocrx_word' id='word_1_273' title='bbox 593 3478 693 3575; x_wconf 93' lang='lat' dir='ltr'><strong>quod</strong></span> <span class='ocrx_word' id='word_1_274' title='bbox 709 3478 945 3576; x_wconf 90' lang='lat' dir='ltr'><strong>appetebatur</strong></span> <span class='ocrx_word' id='word_1_275' title='bbox 963 3477 1008 3548; x_wconf 92' lang='lat' dir='ltr'><strong>ad</strong></span> <span class='ocrx_word' id='word_1_276' title='bbox 1026 3478 1186 3576; x_wconf 87' lang='lat' dir='ltr'><strong>culpam,</strong></span> <span class='ocrx_word' id='word_1_277' title='bbox 1207 3478 1363 3551; x_wconf 91' lang='lat' dir='ltr'><strong>hostiam</strong></span> <span class='ocrx_word' id='word_1_278' title='bbox 1380 3479 1525 3551; x_wconf 80' lang='lat' dir='ltr'><strong>ollerret</strong></span> <span class='ocrx_word' id='word_1_279' title='bbox 1546 3479 1823 3562; x_wconf 88' lang='lat' dir='ltr'><strong>immaculatam.</strong></span> <span class='ocrx_word' id='word_1_280' title='bbox 1850 3475 1944 3546; x_wconf 91' lang='lat' dir='ltr'><strong>Proh</strong></span> <span class='ocrx_word' id='word_1_281' title='bbox 1962 3476 2024 3548; x_wconf 91' lang='lat' dir='ltr'><strong>do·</strong></span> 
     </span>
     <span class='ocr_line' id='line_1_26' title="bbox 444 3593 2022 3697; baseline -0.002 -32"><span class='ocrx_word' id='word_1_282' title='bbox 444 3595 516 3667; x_wconf 89' lang='lat' dir='ltr'><strong>lor!</strong></span> <span class='ocrx_word' id='word_1_283' title='bbox 532 3596 626 3695; x_wconf 93' lang='lat' dir='ltr'><strong>proh</strong></span> <span class='ocrx_word' id='word_1_284' title='bbox 638 3595 773 3695; x_wconf 87' lang='lat' dir='ltr'><strong>pudor!</strong></span> <span class='ocrx_word' id='word_1_285' title='bbox 793 3602 860 3668; x_wconf 91' lang='lat' dir='ltr'><strong>Tot</strong></span> <span class='ocrx_word' id='word_1_286' title='bbox 876 3597 1040 3668; x_wconf 90' lang='lat' dir='ltr'><strong>videmus</strong></span> <span class='ocrx_word' id='word_1_287' title='bbox 1056 3597 1093 3668; x_wconf 94' lang='lat' dir='ltr'><strong>in</strong></span> <span class='ocrx_word' id='word_1_288' title='bbox 1110 3622 1211 3668; x_wconf 89' lang='lat' dir='ltr'><strong>sacro</strong></span> <span class='ocrx_word' id='word_1_289' title='bbox 1229 3599 1415 3697; x_wconf 90' lang='lat' dir='ltr'><strong>proposito</strong></span> <span class='ocrx_word' id='word_1_290' title='bbox 1433 3598 1643 3670; x_wconf 89' lang='lat' dir='ltr'><strong>constitutas</strong></span> <span class='ocrx_word' id='word_1_291' title='bbox 1659 3596 1750 3668; x_wconf 89' lang='lat' dir='ltr'><strong>adeo</strong></span> <span class='ocrx_word' id='word_1_292' title='bbox 1767 3593 1960 3684; x_wconf 81' lang='lat' dir='ltr'><strong>deformes,</strong></span> <span class='ocrx_word' id='word_1_293' title='bbox 1974 3607 2022 3683; x_wconf 87' lang='lat' dir='ltr'><strong>ut,</strong></span> 
     </span>
     <span class='ocr_line' id='line_1_27' title="bbox 444 3716 2024 3816; baseline -0.001 -30"><span class='ocrx_word' id='word_1_294' title='bbox 444 3717 535 3787; x_wconf 91' lang='lat' dir='ltr'><strong>sicut</strong></span> <span class='ocrx_word' id='word_1_295' title='bbox 550 3717 722 3814; x_wconf 91' lang='lat' dir='ltr'><strong>scriptum</strong></span> <span class='ocrx_word' id='word_1_296' title='bbox 738 3732 792 3787; x_wconf 92' lang='lat' dir='ltr'><strong>est</strong></span> <span class='ocrx_word' id='word_1_297' title='bbox 806 3716 905 3790; x_wconf 88' lang='lat' dir='ltr'><strong>larva</strong></span> <span class='ocrx_word' id='word_1_298' title='bbox 921 3743 995 3789; x_wconf 92' lang='lat' dir='ltr'><strong>non</strong></span> <span class='ocrx_word' id='word_1_299' title='bbox 1012 3718 1208 3814; x_wconf 87' lang='lat' dir='ltr'><strong>indigeant,</strong></span> <span class='ocrx_word' id='word_1_300' title='bbox 1228 3743 1316 3816; x_wconf 89' lang='lat' dir='ltr'><strong>quas</strong></span> <span class='ocrx_word' id='word_1_301' title='bbox 1333 3719 1462 3790; x_wconf 74' lang='lat' dir='ltr'><strong>divinae</strong></span> <span class='ocrx_word' id='word_1_302' title='bbox 1478 3719 1695 3807; x_wconf 83' lang='lat' dir='ltr'><strong>reverentiae,</strong></span> <span class='ocrx_word' id='word_1_303' title='bbox 1710 3740 1751 3788; x_wconf 89' lang='lat' dir='ltr'><strong>ac</strong></span> <span class='ocrx_word' id='word_1_304' title='bbox 1762 3716 1838 3788; x_wconf 88' lang='lat' dir='ltr'><strong>voti</strong></span> <span class='ocrx_word' id='word_1_305' title='bbox 1853 3717 1909 3786; x_wconf 92' lang='lat' dir='ltr'><strong>sui</strong></span> <span class='ocrx_word' id='word_1_306' title='bbox 1925 3741 2024 3814; x_wconf 93' lang='lat' dir='ltr'><strong>pror·</strong></span> 
     </span>
     <span class='ocr_line' id='line_1_28' title="bbox 443 3835 2025 3935; baseline -0.001 -29"><span class='ocrx_word' id='word_1_307' title='bbox 443 3861 502 3906; x_wconf 91' lang='lat' dir='ltr'><strong>sus</strong></span> <span class='ocrx_word' id='word_1_308' title='bbox 528 3835 655 3908; x_wconf 88' lang='lat' dir='ltr'><strong>oblitas</strong></span> <span class='ocrx_word' id='word_1_309' title='bbox 680 3838 729 3907; x_wconf 92' lang='lat' dir='ltr'><strong>ita</strong></span> <span class='ocrx_word' id='word_1_310' title='bbox 750 3835 908 3908; x_wconf 89' lang='lat' dir='ltr'><strong>libidinis</strong></span> <span class='ocrx_word' id='word_1_311' title='bbox 933 3836 1032 3908; x_wconf 80' lang='lat' dir='ltr'><strong>furor</strong></span> <span class='ocrx_word' id='word_1_312' title='bbox 1053 3838 1222 3933; x_wconf 86' lang='lat' dir='ltr'><strong>exagitat,</strong></span> <span class='ocrx_word' id='word_1_313' title='bbox 1247 3852 1288 3908; x_wconf 94' lang='lat' dir='ltr'><strong>ut</strong></span> <span class='ocrx_word' id='word_1_314' title='bbox 1310 3863 1422 3934; x_wconf 90' lang='lat' dir='ltr'><strong>quum</strong></span> <span class='ocrx_word' id='word_1_315' title='bbox 1444 3837 1489 3908; x_wconf 93' lang='lat' dir='ltr'><strong>ad</strong></span> <span class='ocrx_word' id='word_1_316' title='bbox 1511 3835 1770 3935; x_wconf 89' lang='lat' dir='ltr'><strong>turpitudinem</strong></span> <span class='ocrx_word' id='word_1_317' title='bbox 1787 3835 2025 3933; x_wconf 88' lang='lat' dir='ltr'><strong>peragendam</strong></span> 
     </span>
     <span class='ocr_line' id='line_1_29' title="bbox 444 3952 2025 4054; baseline -0.003 -28"><span class='ocrx_word' id='word_1_318' title='bbox 444 3956 549 4052; x_wconf 87' lang='lat' dir='ltr'><strong>gratis</strong></span> <span class='ocrx_word' id='word_1_319' title='bbox 566 3956 704 4054; x_wconf 90' lang='lat' dir='ltr'><strong>aliquos</strong></span> <span class='ocrx_word' id='word_1_320' title='bbox 719 3955 852 4027; x_wconf 91' lang='lat' dir='ltr'><strong>hahere</strong></span> <span class='ocrx_word' id='word_1_321' title='bbox 869 3971 1066 4054; x_wconf 87' lang='lat' dir='ltr'><strong>nequeant,</strong></span> <span class='ocrx_word' id='word_1_322' title='bbox 1086 3981 1204 4028; x_wconf 91' lang='lat' dir='ltr'><strong>emere</strong></span> <span class='ocrx_word' id='word_1_323' title='bbox 1226 3958 1448 4027; x_wconf 90' lang='lat' dir='ltr'><strong>incestuosos</strong></span> <span class='ocrx_word' id='word_1_324' title='bbox 1470 3970 1662 4052; x_wconf 91' lang='lat' dir='ltr'><strong>cogantur,</strong></span> <span class='ocrx_word' id='word_1_325' title='bbox 1686 3969 1721 4025; x_wconf 91' lang='lat' dir='ltr'><strong>et</strong></span> <span class='ocrx_word' id='word_1_326' title='bbox 1742 3979 1820 4052; x_wconf 86' lang='lat' dir='ltr'><strong>quae</strong></span> <span class='ocrx_word' id='word_1_327' title='bbox 1845 3952 1891 4023; x_wconf 93' lang='lat' dir='ltr'><strong>de</strong></span> <span class='ocrx_word' id='word_1_328' title='bbox 1914 3952 2025 4024; x_wconf 82' lang='lat' dir='ltr'><strong>forma</strong></span> 
     </span>
     <span class='ocr_line' id='line_1_30' title="bbox 443 4071 2026 4174; baseline -0.004 -27"><span class='ocrx_word' id='word_1_329' title='bbox 443 4075 651 4164; x_wconf 82' lang='lat' dir='ltr'><strong>confidunt,</strong></span> <span class='ocrx_word' id='word_1_330' title='bbox 677 4076 819 4148; x_wconf 89' lang='lat' dir='ltr'><strong>venales</strong></span> <span class='ocrx_word' id='word_1_331' title='bbox 845 4101 921 4148; x_wconf 89' lang='lat' dir='ltr'><strong>sese</strong></span> <span class='ocrx_word' id='word_1_332' title='bbox 938 4077 1175 4174; x_wconf 75' lang='lat' dir='ltr'><strong>prostituunt,</strong></span> <span class='ocrx_word' id='word_1_333' title='bbox 1200 4091 1261 4147; x_wconf 91' lang='lat' dir='ltr'><strong>aut</strong></span> <span class='ocrx_word' id='word_1_334' title='bbox 1277 4077 1306 4147; x_wconf 92' lang='lat' dir='ltr'><strong>si</strong></span> <span class='ocrx_word' id='word_1_335' title='bbox 1323 4076 1368 4147; x_wconf 97' lang='lat' dir='ltr'><strong>de</strong></span> <span class='ocrx_word' id='word_1_336' title='bbox 1385 4076 1550 4147; x_wconf 89' lang='lat' dir='ltr'><strong>mercede</strong></span> <span class='ocrx_word' id='word_1_337' title='bbox 1567 4073 1753 4161; x_wconf 86' lang='lat' dir='ltr'><strong>diffidunt,</strong></span> <span class='ocrx_word' id='word_1_338' title='bbox 1772 4075 1866 4172; x_wconf 90' lang='lat' dir='ltr'><strong>ipsas</strong></span> <span class='ocrx_word' id='word_1_339' title='bbox 1882 4071 2026 4144; x_wconf 80' lang='lat' dir='ltr'><strong>luxuriae</strong></span> 
     </span>
     <span class='ocr_line' id='line_1_31' title="bbox 444 4191 2024 4294; baseline -0.003 -30"><span class='ocrx_word' id='word_1_340' title='bbox 444 4195 567 4267; x_wconf 90' lang='lat' dir='ltr'><strong>sordes</strong></span> <span class='ocrx_word' id='word_1_341' title='bbox 588 4221 677 4293; x_wconf 90' lang='lat' dir='ltr'><strong>quas</strong></span> <span class='ocrx_word' id='word_1_342' title='bbox 698 4197 879 4293; x_wconf 85' lang='lat' dir='ltr'><strong>excipiunt</strong></span> <span class='ocrx_word' id='word_1_343' title='bbox 894 4220 962 4294; x_wconf 92' lang='lat' dir='ltr'><strong>pro</strong></span> <span class='ocrx_word' id='word_1_344' title='bbox 980 4196 1145 4267; x_wconf 88' lang='lat' dir='ltr'><strong>mercede</strong></span> <span class='ocrx_word' id='word_1_345' title='bbox 1167 4195 1235 4266; x_wconf 92' lang='lat' dir='ltr'><strong>sibi</strong></span> <span class='ocrx_word' id='word_1_346' title='bbox 1251 4197 1486 4268; x_wconf 90' lang='lat' dir='ltr'><strong>constituunt.</strong></span> <span class='ocrx_word' id='word_1_347' title='bbox 1507 4194 1692 4267; x_wconf 80' lang='lat' dir='ltr'><strong>Adulteras</strong></span> <span class='ocrx_word' id='word_1_348' title='bbox 1709 4209 1783 4265; x_wconf 88' lang='lat' dir='ltr'><strong>tam</strong></span> <span class='ocrx_word' id='word_1_349' title='bbox 1799 4193 1894 4290; x_wconf 90' lang='lat' dir='ltr'><strong>leges</strong></span> <span class='ocrx_word' id='word_1_350' title='bbox 1911 4191 2024 4264; x_wconf 78' lang='lat' dir='ltr'><strong>saeculi</strong></span> 
     </span>
     <span class='ocr_line' id='line_1_32' title="bbox 393 4313 2026 4412; baseline -0.005 -26"><span class='ocrx_word' id='word_1_351' title='bbox 393 4315 399 4326; x_wconf 90' lang='lat'>&#39;</span> <span class='ocrx_word' id='word_1_352' title='bbox 442 4340 551 4411; x_wconf 89' lang='lat' dir='ltr'><strong>quam</strong></span> <span class='ocrx_word' id='word_1_353' title='bbox 571 4314 700 4387; x_wconf 86' lang='lat' dir='ltr'><strong>divinae</strong></span> <span class='ocrx_word' id='word_1_354' title='bbox 726 4329 842 4385; x_wconf 91' lang='lat' dir='ltr'><strong>morte</strong></span> <span class='ocrx_word' id='word_1_355' title='bbox 863 4313 1064 4412; x_wconf 89' lang='lat' dir='ltr'><strong>puniendas</strong></span> <span class='ocrx_word' id='word_1_356' title='bbox 1087 4329 1316 4386; x_wconf 89' lang='lat' dir='ltr'><strong>censuerunt.</strong></span> <span class='ocrx_word' id='word_1_357' title='bbox 1342 4319 1485 4402; x_wconf 88' lang='lat' dir='ltr'><strong>Quanta</strong></span> <span class='ocrx_word' id='word_1_358' title='bbox 1506 4330 1626 4385; x_wconf 90' lang='lat' dir='ltr'><strong>autem</strong></span> <span class='ocrx_word' id='word_1_359' title='bbox 1642 4313 1802 4384; x_wconf 85' lang='lat' dir='ltr'><strong>vindicta</strong></span> <span class='ocrx_word' id='word_1_360' title='bbox 1822 4313 1859 4382; x_wconf 95' lang='lat' dir='ltr'><strong>in</strong></span> <span class='ocrx_word' id='word_1_361' title='bbox 1877 4333 2026 4410; x_wconf 88' lang='lat' dir='ltr'><strong>sponsas</strong></span> 
     </span>
     <span class='ocr_line' id='line_1_33' title="bbox 442 4429 2028 4533; baseline -0.004 -27"><span class='ocrx_word' id='word_1_362' title='bbox 442 4435 571 4506; x_wconf 91' lang='lat' dir='ltr'><strong>Christi</strong></span> <span class='ocrx_word' id='word_1_363' title='bbox 596 4448 782 4533; x_wconf 88' lang='lat' dir='ltr'><strong>corruptas</strong></span> <span class='ocrx_word' id='word_1_364' title='bbox 803 4433 1000 4504; x_wconf 82' lang='lat' dir='ltr'><strong>exercenda</strong></span> <span class='ocrx_word' id='word_1_365' title='bbox 1020 4435 1081 4523; x_wconf 92' lang='lat' dir='ltr'><strong>sit,</strong></span> <span class='ocrx_word' id='word_1_366' title='bbox 1106 4434 1211 4505; x_wconf 88' lang='lat' dir='ltr'><strong>datur</strong></span> <span class='ocrx_word' id='word_1_367' title='bbox 1232 4433 1397 4530; x_wconf 90' lang='lat' dir='ltr'><strong>intelligi,</strong></span> <span class='ocrx_word' id='word_1_368' title='bbox 1425 4433 1555 4531; x_wconf 89' lang='lat' dir='ltr'><strong>quibus</strong></span> <span class='ocrx_word' id='word_1_369' title='bbox 1571 4433 1629 4504; x_wconf 80' lang='lat' dir='ltr'><strong>vix</strong></span> <span class='ocrx_word' id='word_1_370' title='bbox 1650 4431 1771 4502; x_wconf 91' lang='lat' dir='ltr'><strong>locum</strong></span> <span class='ocrx_word' id='word_1_371' title='bbox 1792 4432 1900 4502; x_wconf 89' lang='lat' dir='ltr'><strong>etiarn</strong></span> <span class='ocrx_word' id='word_1_372' title='bbox 1917 4429 2028 4528; x_wconf 84' lang='lat' dir='ltr'><strong>poeni·</strong></span> 
     </span>
     <span class='ocr_line' id='line_1_34' title="bbox 442 4547 2027 4650; baseline -0.004 -26"><span class='ocrx_word' id='word_1_373' title='bbox 442 4556 559 4626; x_wconf 84' lang='lat' dir='ltr'><strong>tentiae</strong></span> <span class='ocrx_word' id='word_1_374' title='bbox 579 4579 736 4646; x_wconf 86' lang='lat' dir='ltr'><strong>canones</strong></span> <span class='ocrx_word' id='word_1_375' title='bbox 757 4552 989 4650; x_wconf 91' lang='lat' dir='ltr'><strong>reliquerunt.</strong></span> <span class='ocrx_word' id='word_1_376' title='bbox 1014 4547 1104 4624; x_wconf 87' lang='lat' dir='ltr'><strong>Sunt</strong></span> <span class='ocrx_word' id='word_1_377' title='bbox 1121 4568 1156 4624; x_wconf 92' lang='lat' dir='ltr'><strong>et</strong></span> <span class='ocrx_word' id='word_1_378' title='bbox 1172 4553 1353 4624; x_wconf 87' lang='lat' dir='ltr'><strong>nonnullae</strong></span> <span class='ocrx_word' id='word_1_379' title='bbox 1376 4554 1468 4624; x_wconf 89' lang='lat' dir='ltr'><strong>inter</strong></span> <span class='ocrx_word' id='word_1_380' title='bbox 1489 4576 1548 4624; x_wconf 84' lang='lat' dir='ltr'><strong>eas</strong></span> <span class='ocrx_word' id='word_1_381' title='bbox 1564 4551 1691 4623; x_wconf 82' lang='lat' dir='ltr'><strong>vetulae</strong></span> <span class='ocrx_word' id='word_1_382' title='bbox 1709 4551 1928 4638; x_wconf 87' lang='lat' dir='ltr'><strong>meretrices,</strong></span> <span class='ocrx_word' id='word_1_383' title='bbox 1947 4571 2027 4646; x_wconf 81' lang='lat' dir='ltr'><strong>quae</strong></span> 
     </span>
     <span class='ocr_line' id='line_1_35' title="bbox 441 4660 2027 4772; baseline -0.005 -26"><span class='ocrx_word' id='word_1_384' title='bbox 441 4699 554 4772; x_wconf 92' lang='lat' dir='ltr'><strong>quum</strong></span> <span class='ocrx_word' id='word_1_385' title='bbox 577 4675 653 4770; x_wconf 86' lang='lat' dir='ltr'><strong>jam</strong></span> <span class='ocrx_word' id='word_1_386' title='bbox 673 4698 710 4746; x_wconf 91' lang='lat' dir='ltr'><strong>se</strong></span> <span class='ocrx_word' id='word_1_387' title='bbox 736 4674 886 4745; x_wconf 90' lang='lat' dir='ltr'><strong>omnino</strong></span> <span class='ocrx_word' id='word_1_388' title='bbox 914 4674 1108 4744; x_wconf 90' lang='lat' dir='ltr'><strong>contemni</strong></span> <span class='ocrx_word' id='word_1_389' title='bbox 1122 4675 1370 4771; x_wconf 84' lang='lat' dir='ltr'><strong>praesenserint</strong></span> <span class='ocrx_word' id='word_1_390' title='bbox 1385 4671 1500 4745; x_wconf 90' lang='lat' dir='ltr'><strong>aliena</strong></span> <span class='ocrx_word' id='word_1_391' title='bbox 1517 4660 1671 4769; x_wconf 87' lang='lat' dir='ltr'><strong>corpora</strong></span> <span class='ocrx_word' id='word_1_392' title='bbox 1686 4669 1893 4759; x_wconf 90' lang='lat' dir='ltr'><strong>vendendo,</strong></span> <span class='ocrx_word' id='word_1_393' title='bbox 1912 4693 2027 4765; x_wconf 91' lang='lat' dir='ltr'><strong>quum</strong></span> 
     </span>
     <span class='ocr_line' id='line_1_36' title="bbox 441 4788 2025 4893; baseline -0.005 -29"><span class='ocrx_word' id='word_1_394' title='bbox 441 4795 587 4893; x_wconf 88' lang='lat' dir='ltr'><strong>propria</strong></span> <span class='ocrx_word' id='word_1_395' title='bbox 603 4819 676 4865; x_wconf 92' lang='lat' dir='ltr'><strong>non</strong></span> <span class='ocrx_word' id='word_1_396' title='bbox 694 4808 862 4892; x_wconf 89' lang='lat' dir='ltr'><strong>possunt,</strong></span> <span class='ocrx_word' id='word_1_397' title='bbox 882 4792 1092 4864; x_wconf 87' lang='lat' dir='ltr'><strong>detestanda</strong></span> <span class='ocrx_word' id='word_1_398' title='bbox 1108 4807 1273 4864; x_wconf 75' lang='lat' dir='ltr'><strong>exercent</strong></span> <span class='ocrx_word' id='word_1_399' title='bbox 1290 4792 1480 4863; x_wconf 88' lang='lat' dir='ltr'><strong>lenocinia.</strong></span> <span class='ocrx_word' id='word_1_400' title='bbox 1506 4795 1559 4862; x_wconf 88' lang='lat' dir='ltr'><strong>De</strong></span> <span class='ocrx_word' id='word_1_401' title='bbox 1580 4789 1745 4888; x_wconf 87' lang='lat' dir='ltr'><strong>qualibus</strong></span> <span class='ocrx_word' id='word_1_402' title='bbox 1765 4788 1924 4885; x_wconf 88' lang='lat' dir='ltr'><strong>quodam</strong></span> <span class='ocrx_word' id='word_1_403' title='bbox 1941 4788 2025 4858; x_wconf 91' lang='lat' dir='ltr'><strong>loco</strong></span> 
     </span>
     <span class='ocr_line' id='line_1_37' title="bbox 442 4910 1776 5013; baseline -0.003 -29"><span class='ocrx_word' id='word_1_404' title='bbox 442 4939 499 4984; x_wconf 91' lang='lat' dir='ltr'><strong>me</strong></span> <span class='ocrx_word' id='word_1_405' title='bbox 516 4915 695 5011; x_wconf 89' lang='lat' dir='ltr'><strong>scripsisse</strong></span> <span class='ocrx_word' id='word_1_406' title='bbox 711 4912 833 4986; x_wconf 87' lang='lat' dir='ltr'><strong>recolo</strong></span> <span class='ocrx_word' id='word_1_407' title='bbox 854 4943 861 4983; x_wconf 94' lang='lat'><strong>:</strong></span> <span class='ocrx_word' id='word_1_408' title='bbox 881 4917 992 4985; x_wconf 87' lang='lat' dir='ltr'><strong>Vetus</strong></span> <span class='ocrx_word' id='word_1_409' title='bbox 1008 4915 1174 4986; x_wconf 83' lang='lat' dir='ltr'><strong>meretrix</strong></span> <span class='ocrx_word' id='word_1_410' title='bbox 1191 4939 1229 4987; x_wconf 86' lang='lat' dir='ltr'><strong>se</strong></span> <span class='ocrx_word' id='word_1_411' title='bbox 1245 4929 1420 5013; x_wconf 88' lang='lat' dir='ltr'><strong>propagat</strong></span> <span class='ocrx_word' id='word_1_412' title='bbox 1437 4913 1474 4984; x_wconf 92' lang='lat' dir='ltr'><strong>in</strong></span> <span class='ocrx_word' id='word_1_413' title='bbox 1492 4910 1776 4984; x_wconf 88' lang='lat' dir='ltr'><strong>adolescentulis.</strong></span> 
     </span>
    </p>
   </div>
   <div class='ocr_carea' id='block_1_3' title="bbox 476 5180 1094 5249">
    <p class='ocr_par' dir='ltr' id='par_1_4' title="bbox 476 5180 1094 5249">
     <span class='ocr_line' id='line_1_38' title="bbox 476 5180 1094 5249; baseline 0.006 -19"><span class='ocrx_word' id='word_1_414' title='bbox 476 5180 484 5208; x_wconf 82' lang='lat'><strong>¹</strong></span> <span class='ocrx_word' id='word_1_415' title='bbox 502 5181 580 5232; x_wconf 87' lang='lat' dir='ltr'><strong>Locus</strong></span> <span class='ocrx_word' id='word_1_416' title='bbox 595 5192 731 5248; x_wconf 83' lang='lat' dir='ltr'><strong>corruptus.</strong></span> <span class='ocrx_word' id='word_1_417' title='bbox 743 5181 793 5219; x_wconf 78' lang='lat'><strong>-&#39;</strong></span> <span class='ocrx_word' id='word_1_418' title='bbox 807 5183 879 5245; x_wconf 63' lang='lat' dir='ltr'><strong>Dan„</strong></span> <span class='ocrx_word' id='word_1_419' title='bbox 892 5199 948 5249; x_wconf 89' lang='lat' dir='ltr'><strong>cap.</strong></span> <span class='ocrx_word' id='word_1_420' title='bbox 961 5200 1018 5244; x_wconf 85' lang='lat' dir='ltr'><strong>xur,</strong></span> <span class='ocrx_word' id='word_1_421' title='bbox 1032 5199 1056 5236; x_wconf 78' lang='lat' dir='ltr'><strong>r.</strong></span> <span class='ocrx_word' id='word_1_422' title='bbox 1068 5185 1094 5234; x_wconf 84' lang='lat'><strong>2.</strong></span> 
     </span>
    </p>
   </div>
   <div class='ocr_carea' id='block_1_4' title="bbox 0 0 2260 6103">
    <p class='ocr_par' dir='ltr' id='par_1_5' title="bbox 0 0 2260 6103">
     <span class='ocr_line' id='line_1_39' title="bbox 0 0 2260 6103; baseline 0 0"><span class='ocrx_word' id='word_1_423' title='bbox 0 0 2260 6103; x_wconf 95' lang='lat' dir='ltr'><strong> </strong></span> 
     </span>
    </p>
   </div>
  </div>
 </body>
</html>
