4522 6104
461 508 533 578 656
649 523 655 538 ·
1058 507 1186 582 PETRI
1213 505 1445 580 tuAEttnnt

461 648 652 744 imaginem
668 673 787 735 suam,
806 649 851 720 ad
867 650 1060 745 imaginem
1076 650 1142 722 Dei
1157 649 1291 722 creavit
1305 649 1419 722 illum.
1438 676 1456 716 u
1474 648 1605 720 Dicant
1622 647 1734 720 ludaei
1748 650 1779 720 si
1797 665 1969 747 possunt,
1986 649 2040 723 vel

461 769 649 842 nobiscum
675 770 851 843 fateantur
869 773 906 841 in
929 794 1002 841 una
1022 769 1216 844 divinitatis
1238 770 1390 842 essentia
1413 768 1651 867 pluralitatem
1675 793 1912 865 personarum
1933 772 2042 868 magis

460 912 569 984 quam
586 913 706 960 rerum
723 913 811 962 esse.
836 888 944 976 Quod
965 889 1154 985 diligenter
1168 889 1348 985 Propheta
1362 887 1594 960 considerans
1614 886 1659 958 ad
1678 887 1948 960 distinctionem
1963 913 2041 985 per·

460 1030 632 1078 sonarum
657 1006 876 1096 faciendam,
900 1008 987 1079 dicit
1007 989 1190 1105 pluraliter
1213 1036 1230 1076 a
1251 1007 1438 1096 iaciamus3
1460 1035 1478 1074 a
1496 1006 1542 1078 ad
1568 1007 1741 1080 unitatem
1761 1031 1848 1078 vero
1870 1008 1939 1078 Dei
1959 1008 2041 1078 assi·

461 1125 641 1221 gnandam
664 1126 846 1224 subjunxit
869 1127 1110 1224 singulariter,
1131 1156 1150 1195 n
1165 1142 1201 1200 et
1216 1129 1350 1199 creavit
1370 1132 1465 1198 Deus
1481 1127 1686 1216 bominem,
1706 1141 1775 1198 etc.
1798 1155 1815 1196 n
1834 1128 1945 1214 Quasi
1960 1152 2041 1222 ergo

460 1246 587 1343 aliquis
603 1271 725 1318 secum
741 1247 893 1344 loquens
909 1273 947 1319 se
964 1262 999 1320 et
1016 1239 1193 1321 rationem
1210 1273 1311 1320 suam
1328 1247 1429 1344 quasi
1446 1245 1520 1319 duo
1537 1247 1722 1320 constituit
1737 1265 1850 1343 quum
1866 1271 1947 1318 eam
1963 1273 2041 1324 con·

460 1366 559 1456 sulit,
578 1369 670 1439 sicut
685 1369 828 1440 Boetius
844 1369 882 1438 in
899 1368 992 1440 libro
1008 1367 1052 1440 de
1069 1368 1315 1441 Consolatione
1332 1366 1584 1463 Philosophiae,
1604 1367 1657 1438 vel
1675 1353 1888 1462 Augustinus
1901 1369 1935 1438 in
1949 1366 2042 1438 libro

460 1485 746 1584 Solr'loquiorum.
772 1488 829 1558 Sic
854 1491 951 1558 Deus
977 1492 1080 1559 Pater
1105 1486 1151 1558 ad
1176 1487 1395 1558 creationem
1419 1485 1577 1560 hominis
1598 1500 1672 1558 tam
1697 1486 1917 1582 Sapientiam·
1931 1508 2042 1580 quam

461 1607 681 1695 Bonitatem,
697 1605 769 1678 hoo
786 1622 840 1679 est
859 1608 986 1679 Filium
1002 1622 1038 1678 et
1056 1608 1227 1705 Spiritum
1247 1621 1410 1680 sanctum
1427 1607 1529 1704 quasi
1549 1607 1703 1678 invitans
1722 1605 1831 1677 dicit:
1844 1607 2039 1691 Faciamus,

462 1748 544 1795 eum
561 1725 667 1796 talem
685 1739 721 1796 et
736 1740 895 1815 tantum,
914 1741 955 1797 ut
977 1728 1095 1822 imago
1117 1740 1239 1797 nostra
1262 1724 1379 1812 situel
1400 1724 1609 1796 similitudo.
1636 1727 1723 1811 Quae
1744 1724 1892 1821 quidem
1911 1726 2042 1796 creatio

462 1867 570 1940 quarn
588 1843 762 1916 excellens
778 1847 843 1933 sit,
863 1861 899 1918 et
914 1847 1049 1918 ceteris
1065 1869 1173 1944 supra
1189 1846 1314 1943 positis
1329 1846 1436 1940 longe
1457 1845 1637 1943 superior,
1660 1845 1745 1942 ipsis
1767 1869 1912 1941 quoque
1929 1843 2042 1916 verbis

462 1963 671 2059 exprimitur
686 1978 859 2061 tanquam
876 1965 912 2035 in
930 1963 1080 2035 consilio
1103 1963 1263 2060 quodam
1284 1963 1421 2034 collatis
1440 1962 1486 2034 ad
1504 1987 1674 2059 magnum
1690 1961 1824 2058 aliquid
1843 1961 2042 2034 laciendum

462 2107 575 2180 quum
588 2083 741 2156 dicitur:
758 2111 776 2154 a
790 2087 986 2156 Faciamus.
995 2113 1012 2151 n
1024 2090 1064 2156 ln
1081 2085 1216 2157 caeteris
1227 2109 1314 2156 vero
1327 2083 1569 2156 creationibus
1585 2107 1660 2156 non
1678 2085 1727 2156 ita
1742 2083 1880 2156 dietum
1895 2099 1965 2174 est,
1983 2084 2041 2155 sed

465 2203 697 2275 solummodo
723 2219 763 2276 ut
789 2203 851 2276 frat
876 2205 947 2275 hoc
964 2204 1021 2276 vel
1043 2203 1148 2293 illud,
1173 2204 1228 2276 vel
1248 2219 1341 2276 terra
1363 2205 1437 2276 sive
1457 2227 1550 2301 aqua
1566 2203 1637 2274 hoc
1660 2202 1717 2276 vel
1741 2201 1830 2275 illud
1854 2202 2039 2300 producat.

464 2327 584 2410 Quum
610 2337 729 2395 autem
756 2323 869 2394 homo
897 2349 1090 2396 commune
1112 2349 1246 2396 nomen
1274 2327 1320 2396 sit
1349 2339 1424 2396 tam
1449 2325 1517 2395 viri
1545 2347 1654 2420 quam
1682 2323 1838 2414 semina,
1866 2348 1978 2420 quum
2002 2325 2040 2394 sit

464 2455 659 2537 utrumque
678 2427 811 2513 animal
826 2442 1001 2514 rationale
1018 2441 1187 2530 mortale;
1205 2443 1303 2514 unde
1317 2457 1352 2514 et
1363 2445 1400 2514 in
1416 2443 1648 2541 sequentibus
1658 2467 1770 2540 quum
1784 2441 1916 2514 dicitur
1931 2471 1950 2509 rr
1964 2443 2041 2540 quia

464 2559 597 2630 creavit
617 2563 713 2632 Deus
734 2560 941 2650 hominem,
964 2562 1121 2634 »statim
1142 2561 1380 2650 subinfertur,
1402 2590 1420 2631 r
1440 2562 1637 2636 masculum
1660 2574 1696 2635 et
1721 2562 1892 2634 seminam
1917 2563 2042 2634 creavit

464 2703 542 2766 eos,
565 2707 583 2746 a
602 2679 831 2776 intelligimus
850 2682 966 2753 virum
987 2680 1035 2753 ad
1052 2681 1244 2776 imaginem
1260 2683 1327 2762 Dei
1342 2698 1503 2754 creatum
1511 2705 1531 2771 ,·
1540 2682 1710 2756 seminam
1725 2706 1812 2754 vero
1829 2681 1876 2754 ad
1891 2682 2043 2754 similitu·

464 2797 599 2870 dinem.
629 2800 682 2869 De
701 2801 781 2870 viro
807 2801 941 2898 quippe
965 2799 1155 2897 Apostolus
1183 2801 1253 2872 ait¹
1268 2829 1276 2872 :
1294 2802 1389 2875 «Vir
1410 2801 1556 2899 quidem
1577 2825 1652 2874 nou
1675 2799 1784 2872 debet
1804 2799 1922 2873 velare
1942 2815 2042 2899 caput

464 2943 587 3008 suum,
606 2921 691 3026 quia
707 2921 825 3016 imago
842 2934 879 2992 et
894 2919 1006 3016 gloria
1017 2921 1084 2992 Dei
1100 2935 1166 2992 est.
1187 2926 1296 2993 »Hoc
1312 2937 1382 3011 est,
1402 2921 1590 3019 gloriosior
1605 2936 1642 2994 et
1657 2922 1848 3020 pretiosior
1863 2922 1940 3016 ejus
1951 2922 2043 2993 simi-

406 3022 411 3030 ’
463 3035 591 3108 litudo.
607 3039 723 3114 Distat
734 3055 854 3112 autem
871 3041 965 3112 inter
977 3041 1169 3135 imaginem
1185 3056 1222 3113 et
1236 3041 1523 3131 similitudinem,
1538 3042 1638 3138 quod
1650 3040 1850 3117 similitudo
1865 3042 1915 3112 rei
1930 3057 2044 3138 potest

465 3156 535 3229 dici
552 3157 652 3255 quod
669 3159 959 3230 convenientiam
981 3158 1139 3255 aliquam
1155 3159 1266 3232 habet
1288 3185 1371 3232 curn
1394 3162 1488 3258 ipsa,
1515 3161 1613 3234 unde
1628 3159 1742 3234 simile
1765 3159 1816 3232 illi
1835 3159 1904 3264 diei
1924 3176 2042 3257 queat.

464 3280 585 3372 lmago
608 3301 696 3348 vero
713 3301 878 3375 expressa
894 3292 1035 3348 tantum
1051 3275 1248 3348 similitudo
1265 3277 1415 3368 dicitur,
1433 3279 1525 3352 sicut
1545 3257 1666 3376 figura
1686 3278 1878 3353 bominum
1892 3304 1971 3376 quae
1986 3304 2045 3377 per

464 3397 603 3492 singula
619 3396 782 3468 membra
793 3396 1062 3494 perfectius'eos
1078 3411 1345 3494 repraesentant.
1363 3398 1457 3484 Quia
1469 3423 1555 3495 ergo
1571 3401 1627 3470 vir
1640 3397 1783 3494 dignior
1793 3423 1903 3497 quam
1921 3399 2044 3470 lamina

466 3527 538 3600 est,
558 3528 593 3583 et
609 3537 673 3610 per
688 3513 760 3584 hoc
777 3517 854 3585 Deo
872 3512 1040 3603 similior,
1058 3515 1177 3610 imago
1195 3515 1271 3610 ejus
1287 3515 1434 3606 dicitur;
1454 3507 1688 3590 seminavero
1704 3517 1921 3604 similitudo,
1938 3543 2044 3615 quum

465 3631 543 3727 ipsa
558 3631 666 3702 etiam
683 3631 774 3702 sicut
789 3633 844 3702 vir
864 3655 929 3729 per
945 3633 1121 3706 rationem
1138 3648 1173 3706 et
1192 3635 1496 3713 immortalitatem
1517 3638 1645 3710 animae
1666 3640 1783 3711 Deum
1799 3638 1970 3744 imitenq.
1989 3639 2046 3708 Vir

467 3764 587 3822 autern
604 3750 675 3822 hoc
692 3751 837 3848 insuper
853 3751 963 3824 habet
978 3778 1051 3850 quo
1066 3757 1143 3826 Deo
1159 3754 1308 3844 similior
1320 3754 1399 3845 liat,
1418 3757 1517 3854 quod
1529 3758 1620 3830 sicut
1630 3757 1753 3831 omnia
1766 3781 1809 3830 ex
1822 3761 1900 3830 Deo
1916 3757 2045 3830 babent

467 3893 562 3957 esse,
581 3869 629 3940 ita
646 3893 689 3940 ex
705 3851 779 3940 und
795 3869 875 3941 viro
888 3870 1089 3970 secundum
1105 3873 1290 3946 traducem
1306 3876 1468 3973 corporis
1481 3865 1558 3948 'tam
1575 3875 1707 3948 semina
1722 3877 1800 3974 ipsa
1810 3901 1921 3974 quarn
1933 3892 2046 3950 totum

466 4013 577 4085 genus
603 3989 804 4077 humanum
826 3991 969 4064 initium
994 3991 1116 4066 habet.
1145 3994 1182 4066 Si
1201 3995 1282 4092 quis
1306 4010 1427 4070 autem
1452 3995 1655 4092 diligentius
1679 4021 1722 4069 ac
1744 3997 1935 4096 perfectius
1958 3998 2046 4070 hanc

466 4108 658 4204 imaginem
672 4109 728 4180 vel
745 4109 1015 4183 similitudinem
1031 4112 1110 4201 Dei,
1126 4111 1294 4210 adquam
1310 4113 1422 4188 homo
1440 4113 1551 4188 iactus
1567 4114 1710 4204 dicitur,
1728 4115 1956 4190 considerare
1969 4115 2047 4188 velit

462 4225 563 4320 juxta
584 4229 744 4326 ipsarum
770 4253 1006 4326 personarum
1031 4231 1316 4322 distinctionem,
1339 4232 1473 4308 videbit
1494 4234 1681 4308 hominem
1702 4238 1820 4332 ipsum
1844 4249 1919 4306 tam
1941 4235 2049 4307 Patris
2086 4216 2091 4228 ⁵

454 4371 575 4420 uuam
586 4345 663 4417 Filii
674 4345 731 4417 vel
746 4347 897 4445 Spiritus
915 4350 1028 4421 saneti
1043 4375 1085 4424 ex
1096 4375 1161 4424 sua
1171 4349 1380 4425 conditione
1392 4351 1663 4427 similitudinem
1676 4354 1869 4427 maximam
1881 4353 2049 4451 adeptum

467 4489 556 4538 esse.
576 4468 725 4538 Constat
741 4468 875 4564 quippe
891 4471 968 4541 Deo
984 4471 1095 4562 Patri,
1114 4471 1176 4568 qui
1191 4495 1214 4542 a
1228 4471 1345 4569 seipso
1361 4497 1435 4546 non
1455 4471 1502 4546 ab
1517 4471 1588 4546 alio
1607 4497 1682 4546 esse
1698 4471 1836 4562 habet,
1842 4473 1944 4568 juxta
1958 4471 2052 4544 hane

466 4586 541 4680 ejus
557 4586 837 4683 proprietatem,
854 4587 892 4659 id
909 4588 1009 4686 quod
1025 4589 1072 4662 ad
1087 4592 1287 4688 potentiam
1301 4593 1457 4690 pertinet
1472 4593 1632 4666 divinam
1643 4592 1853 4692 'specialiter
1876 4590 2048 4678 adscribi3

466 4702 557 4773 sicut
573 4717 610 4774 et
625 4702 732 4794 Filio,
750 4705 813 4802 qui
825 4705 901 4801 ejus
922 4707 1102 4806 Sapientia
1119 4709 1267 4800 dicitur,
1286 4710 1386 4808 quod
1401 4712 1584 4810 sapientiae
1599 4725 1669 4800 est;
1688 4725 1724 4784 et
1743 4711 1890 4810 Spiritui
1905 4723 2051 4800 sancto,

467 4825 529 4916 qni
546 4823 736 4896 amborum
755 4829 863 4898 Amor
879 4843 1028 4903 vocatur
1051 4844 1088 4902 et
1111 4832 1257 4929 proprie
1280 4833 1416 4906 Caritas
1437 4832 1585 4922 dicitur,
1604 4832 1643 4905 id
1658 4831 1758 4930 quod
1784 4830 1830 4904 ad
1853 4829 2056 4902 bonitatem

503 5089 512 5130 .¹
531 5089 684 5158 tiorintltal,
699 5107 755 5160 etp.
769 5111 808 5160 rr,
823 5113 847 5148 r.
861 5099 887 5158 7,
975 5127 978 5134 ·
