4496 6102
450 653 523 724 382
902 681 908 696 „
1049 651 1178 724 PETRI
1204 653 1437 728 ABAELARDl

451 791 606 889 singulas
619 791 700 862 istas
715 788 946 860 revelationes
962 790 1106 861 Domini
1119 791 1246 864 ordine
1264 808 1538 893 prosequentes,
1554 792 1601 865 ad
1612 794 1793 891 praesentis
1805 792 1875 865 diei
1890 793 2036 891 gloriam

452 913 645 1007 incoeptam
658 933 949 982 consummemus
964 935 1124 1009 operam.

501 1039 596 1105 Bene
610 1033 720 1129 magi,
737 1032 899 1129 primitiae
918 1031 1094 1130 gentium,
1111 1032 1157 1105 ad
1178 1032 1287 1106 fidem
1304 1035 1424 1134 primo
1441 1036 1542 1106 tracti
1562 1035 1723 1124 luerunt,
1745 1049 1784 1106 ut
1802 1036 1865 1132 qui
1883 1035 2037 1106 maxime

346 1253 350 1260 ¹
452 1155 582 1226 erroris
595 1168 783 1224 tenuerant
796 1152 1055 1248 magisterium,
1073 1154 1139 1252 ipsi
1152 1154 1385 1252 postmodum
1402 1155 1509 1226 etiam
1523 1179 1594 1226 suae
1607 1155 1851 1228 conversionis
1872 1153 2036 1252 exemplo

451 1274 535 1346 fidei
562 1276 716 1345 lacerent
741 1268 1017 1364 documentum,
1046 1289 1081 1345 et
1106 1275 1356 1372 magistrorum
1388 1277 1575 1348 conversio
1600 1275 1858 1375 discipulorum
1885 1277 2036 1346 maxima

452 1397 553 1468 fieret
577 1394 763 1467 aedificatio
785 1423 792 1465 :
816 1396 906 1466 sicut
926 1409 961 1466 et
983 1397 1020 1465 in
1048 1385 1258 1486 Gameliele,
1283 1396 1497 1489 Nicodemo,
1523 1396 1653 1488 Paulo,
1682 1397 1854 1494 Dionysio
1883 1401 2036 1493 Areopa·

453 1519 540 1612 gita,
562 1530 596 1586 et
611 1513 730 1586 mtdtis
746 1513 820 1585 aliis'
835 1529 906 1585 tam
921 1514 957 1585 in
971 1514 1048 1611 lege
1059 1537 1168 1612 quam
1183 1516 1220 1586 in
1234 1515 1461 1615 philosophia
1475 1514 1784 1615 praeminentibus,
1805 1513 2037 1614 postmodum

453 1652 573 1708 actum
586 1650 650 1706 est.
665 1629 763 1724 ¹Quis
779 1635 875 1706 enim
893 1659 1032 1730 magoS,
1047 1635 1119 1706 sive
1131 1634 1264 1708 ariolos
1274 1637 1311 1706 in
1326 1650 1464 1708 tantum
1478 1635 1706 1708 detestandos
1722 1661 1797 1708 esse
1816 1637 1974 1733 ignoret,
2001 1650 2037 1705 ut

453 1781 527 1828 non
550 1753 668 1828 solum
686 1755 799 1852 ipsos,
823 1753 887 1826 sed
907 1755 1013 1825 etiam
1032 1753 1226 1852 quemlibet
1245 1755 1291 1828 ad
1309 1779 1371 1827 eos
1391 1755 1630 1828 declinantem
1644 1755 1701 1856 lert
1716 1753 1868 1826 interfici
1886 1751 2037 1849 jubeat?

452 1882 616 1963 Quorum
639 1875 810 1947 nefariam
832 1890 868 1946 et
888 1875 1122 1948 execrabilem
1144 1877 1345 1949 doctrinam
1370 1901 1391 1948 a
1410 1877 1633 1949 daemonibus
1656 1877 1837 1948 inventam
1860 1890 1968 1972 atque
1987 1900 2038 1946 as·

454 2011 653 2095 sumptam,
678 1995 753 2093 ipse
782 2019 926 2091 quoque
948 1997 1188 2093 Hieronymus
1213 2000 1252 2066 in
1281 1999 1417 2067 Isurium
1434 1997 1490 2068 his
1510 1998 1632 2069 asserit
1650 1994 1809 2069 verbis¹:
1842 1995 1969 2090 «Magi
1993 1993 2038 2064 ab

453 2119 589 2189 oriente
617 2116 714 2188 docti
732 2141 752 2188 a
768 2115 1007 2207 daemonibus,
1038 2117 1093 2189 vel
1115 2118 1215 2213 juxta
1241 2118 1467 2218 prophetiam
1490 2117 1631 2190 Balaam
1656 2116 1890 2213 intelligentes
1915 2130 2038 2186 natum

453 2236 564 2309 lilium
587 2239 670 2325 Dei,
691 2237 753 2333 qui
771 2261 917 2310 ornnem
929 2239 1013 2311 artis
1027 2262 1150 2309 eorum
1165 2238 1363 2311 destrueret
1375 2252 1605 2335 potestatem,
1621 2249 1798 2308 venerunt
1811 2234 2035 2324 Bethlehem,

454 2374 490 2430 et
512 2357 722 2432 ostendente
742 2357 861 2447 stella,
885 2357 1125 2428 adoraverunt
1144 2383 1310 2456 puerum.
1331 2385 1348 2425 a
1373 2357 1539 2430 lsidorus'
1552 2381 1715 2456 quoque,
1735 2355 2038 2453 Etymologituum

456 2479 517 2551 lib.
536 2483 623 2569 lll',
646 2502 833 2575 magorum
852 2476 959 2548 etiam
978 2478 1234 2577 proprietatem
1260 2477 1510 2575 distinguens:
1535 2477 1662 2573 «Magi
1690 2489 1791 2566 sunt,
1818 2475 1953 2571 inquit,
1979 2475 2039 2570 qui

456 2600 563 2696 vulgo
578 2596 749 2689 malefici,
771 2596 820 2669 ob
840 2595 1038 2668 facinorum
1052 2596 1334 2694 magnitudinem
1353 2611 1619 2696 nuncupantur.
1641 2597 1685 2666 lli
1705 2595 1881 2667 elementa
1894 2618 2041 2666 conver-

456 2738 553 2814 tunt,
576 2721 720 2794 turbant
738 2734 875 2792 mentes
892 2718 1099 2812 hominum,
1127 2744 1169 2791 ac
1190 2723 1266 2792 sine
1295 2719 1368 2792 ullo
1393 2722 1522 2792 veneni
1548 2720 1679 2792 haustu
1706 2719 1874 2792 violentia
1904 2734 2041 2794 tantum

455 2843 639 2916 carminis³
656 2843 877 2914 interimunt.
897 2869 914 2909 rr
937 2839 1041 2913 Unde
1059 2855 1095 2912 et
1112 2834 1292 2912 Lucanus*
1314 2868 1321 2910 :

834 3038 921 3098 llens
933 3033 1033 3098 hausti
1047 3033 1130 3130 nulle
1144 3033 1228 3098 sanie
1241 3032 1357 3116 polluta
1369 3035 1479 3096 veneni

837 3143 994 3202 incantata
1007 3139 1096 3220 perit.

456 3345 686 3418 Daemonibus
706 3344 801 3415 enim
823 3343 944 3414 accitis
965 3342 1099 3414 audent
1122 3343 1311 3433 ventilare,
1332 3357 1373 3414 ut
1390 3341 1540 3440 quisque
1561 3366 1645 3413 suos
1667 3341 1819 3440 perimat
1838 3339 2043 3412 malis'arti-

455 3464 522 3536 bus
541 3465 716 3536 inimicos.
740 3463 782 3534 Hi
798 3463 904 3534 etiam
919 3462 1252 3562 sanguineutuntur
1265 3478 1300 3535 et
1315 3462 1482 3553 victimis,
1504 3477 1539 3534 et
1556 3485 1647 3561 saepe
1661 3462 1873 3559 contingunt
1891 3483 2045 3559 corpora

456 3599 696 3655 mortuorum.
725 3580 832 3668 Quod
850 3606 937 3653 vero
958 3583 1006 3655 ait
1024 3583 1279 3680 Hieronymus,
1300 3581 1400 3680 quod
1419 3581 1538 3654 edocti
1552 3607 1573 3652 a
1586 3581 1808 3653 daemonibus
1827 3580 1919 3676 magi
1938 3603 2046 3652 vene·

457 3702 528 3773 rint
541 3724 698 3799 quaerere
712 3699 947 3792 Salvatorem,
965 3727 1151 3801 perquem
1171 3703 1411 3800 magisterium
1429 3725 1534 3773 sunm
1547 3700 1681 3772 destrui
1695 3697 1952 3788 formidabant,
1969 3722 2044 3769 non

455 3825 502 3894 ita
526 3825 687 3919 accipere
717 3822 898 3918 cogimur,
922 3838 962 3893 ut
985 3821 1053 3893 hac
1070 3847 1132 3895 eos
1153 3824 1351 3895 intentione
1373 3821 1550 3893 diabolica
1572 3819 1747 3917 suggestio
1765 3817 1822 3892 vel
1844 3817 2045 3889 exhortatio

456 3941 627 4031 mitteret,
656 3954 695 4011 ut
717 3965 754 4011 se
773 3939 819 4011 ad
837 3940 1034 4011 Dominum
1056 3941 1237 4012 Christum
1261 3929 1528 4028 conveherent,
1549 3938 1613 4011 sed
1631 3939 1743 4035 magis
1761 3952 1801 4008 ut
1818 3960 1902 4008 eum
1928 3937 2048 4032 inqui-

455 4060 568 4131 rendo
583 4059 797 4161 proderent,
819 4082 927 4154 quem
941 4058 1092 4131 Herodis
1109 4060 1182 4130 sive
1200 4057 1406 4129 ludaeorum
1424 4057 1582 4155 nequitia
1601 4056 1647 4128 ad
1664 4053 1892 4155 perdendum
1905 4053 2047 4125 inveni·

454 4195 529 4273 ret;
551 4183 652 4278 quasi
665 4179 766 4251 abeo
781 4194 998 4268 metuentes,
1014 4180 1069 4252 vel
1079 4204 1261 4254 summurn
1275 4203 1358 4251 eum
1374 4202 1535 4275 magum,
1551 4177 1609 4250 vel
1622 4175 1825 4249 maleficum
1839 4175 2045 4276 opinantes,

453 4301 499 4374 ad
526 4328 634 4400 quem
657 4317 729 4374 tam
752 4301 822 4372 cito
843 4323 964 4398 magos
984 4301 1166 4373 confluere
1183 4299 1358 4372 viderent.
1379 4298 1484 4371 Unde
1502 4314 1538 4372 et
1555 4297 1683 4371 callide
1709 4323 1771 4371 eos
1793 4297 1839 4370 ad
1862 4296 2050 4434 Quem

455 4439 490 4494 et
514 4421 742 4528 metropolim
768 4419 973 4492 ludaeorum
993 4418 1119 4492 urbem
1144 4421 1262 4518 primo
1281 4419 1429 4510 direxit,
1453 4433 1493 4491 ut
1514 4418 1739 4491 consulendo
1761 4443 1824 4492 eos
1849 4417 2051 4516 proderent

454 4569 562 4640 quem
581 4541 799 4641 quaerebant.
826 4543 897 4629 Qui
916 4542 1012 4613 enim
1033 4541 1246 4613 concubitus
1262 4541 1454 4613 hominum
1479 4538 1626 4637 quando
1645 4539 1768 4611 fuerit⁸
1785 4562 1860 4610 non
1883 4540 2047 4635 ignorat,

454 4688 530 4734 non
547 4663 727 4734 immerito
741 4661 883 4734 videtur
896 4660 1079 4756 agnovisse
1097 4685 1179 4732 eum
1199 4659 1245 4731 de
1261 4660 1404 4757 Virgine
1423 4676 1547 4732 natum
1561 4660 1685 4750 luisse,
1702 4659 1804 4756 cujus
1820 4657 1961 4730 nullum
1978 4682 2054 4729 no·

453 4796 552 4853 verat
570 4779 821 4870 concubitum,
841 4795 876 4851 et
894 4779 967 4850 sive
986 4805 1050 4878 per
1067 4778 1233 4876 angelum
1247 4778 1294 4851 ad
1307 4779 1454 4850 Mariam
1474 4779 1592 4878 primo
1607 4780 1773 4868 missum,
1795 4778 1868 4848 sive
1889 4800 1955 4873 per
1974 4779 2053 4846 An-

454 4901 551 4996 gelos
569 4900 802 5000 postmodum
820 4899 1021 4998 pastoribus
1038 4912 1268 4998 apparentes,
1291 4898 1348 4971 vel
1371 4915 1507 4972 certum
1521 4898 1655 4971 habere
1667 4899 1724 4972 vel
1737 4897 1957 4997 suspicatum
1969 4920 2055 4968 esse

489 5186 495 5210 ¹
509 5183 561 5234 Lib.
575 5183 617 5234 Vll
627 5200 697 5250 ,cap
707 5201 760 5248 xix,
772 5184 833 5247 opp.
843 5193 862 5234 t.
875 5184 920 5246 ΙΙΙ,
931 5185 979 5234 col.
994 5182 1297 5252 rer.-·ub.tt1tr,cap.
1309 5200 1344 5245 rx,
1360 5183 1421 5248 opp.
1432 5193 1450 5234 t.
1462 5183 1508 5246 tlt,
1516 5183 1565 5235 col.
1576 5184 1680 5236 atos-⁸
1689 5183 1752 5235 liele
1760 5181 1849 5249 legitur
1860 5181 1885 5232 iu
1897 5181 1957 5232 edit.
1968 5181 2058 5234 hmb.

452 5277 571 5330 ,cuntem
585 5303 611 5313 ·-
623 5274 634 5302 ⁴
646 5275 737 5326 Phara.
751 5275 796 5337 Vl,
811 5291 834 5326 v.
849 5277 907 5326 ttt.
922 5273 1188 5326 -⁸rtunrt18.uins.
