4496 6102
636 762 679 833 lN
705 756 1040 832 ClllCUMClSlONE
1064 756 1221 829 DOMINI
1248 757 1412 829 SERMO.
1745 761 1816 832 375

232 901 395 976 nondum
420 899 587 998 gentilem
610 900 786 999 populum
805 923 935 972 vocare
958 901 1053 969 Deus
1076 897 1290 988 decreverit,
1312 897 1375 970 sed
1400 912 1538 969 tanturn
1553 897 1751 993 judaicum.
1779 903 1819 969 ln

234 1019 453 1119 plenitudine
466 1043 552 1091 vero
567 1021 737 1118 temporis
751 1019 885 1116 gratiae,
900 1042 1011 1120 quum
1024 1016 1189 1114 gentilem
1205 1041 1350 1114 quoque
1363 1017 1538 1116 populum
1557 1042 1620 1088 sua
1633 1018 1822 1122 vocatione

234 1142 437 1240 dignaretur
451 1146 559 1232 Deus,
577 1156 617 1213 ut
630 1141 823 1212 Ecclesiam
840 1140 877 1210 in
890 1138 982 1210 duos
1000 1138 1153 1236 populos
1166 1138 1345 1227 dilataret,
1363 1152 1397 1209 et
1411 1161 1473 1210 eos
1490 1137 1556 1208 sibi
1570 1139 1676 1236 capiti
1695 1139 1731 1208 in
1749 1161 1824 1207 uno

212 1251 386 1360 'corpore
403 1261 654 1357 conjungeret,
677 1275 712 1332 et
725 1283 853 1356 magna
869 1259 1022 1332 invicem
1033 1257 1226 1329 concordia
1245 1257 1386 1354 ligaret,
1408 1256 1504 1329 illam
1521 1257 1686 1355 legalium
1703 1257 1825 1330 obser·

235 1383 420 1454 vationum
438 1382 630 1452 maceriam
649 1381 818 1468 removit,
839 1403 918 1475 quae
941 1378 1140 1450 inimicitias
1162 1394 1392 1476 pepererant,
1418 1393 1459 1448 ut
1478 1379 1527 1449 sic
1545 1404 1607 1451 eos
1625 1379 1825 1452 adinvicem

238 1501 378 1573 vinculo
399 1503 552 1573 caritatis
571 1500 763 1598 colligaret.
787 1503 905 1586 Quam
925 1497 1071 1596 quidem
1093 1497 1204 1569 divini
1224 1498 1363 1571 consilii
1385 1499 1646 1596 providentiam
1667 1524 1827 1572 summus

239 1621 399 1694 Ecclesiae
421 1622 549 1694 doctor
573 1637 608 1694 et
633 1621 793 1721 specialis
819 1621 976 1718 gentium
1003 1620 1168 1716 magister
1190 1619 1237 1691 ad
1262 1618 1434 1718 Ephesios
1457 1620 1614 1692 scribens
1637 1622 1692 1692 his
1715 1622 1828 1720 aperit

237 1741 392 1814 verbis':
415 1769 433 1809 «
450 1747 599 1840 Propter
620 1742 719 1839 quod
740 1765 918 1812 memores
940 1754 1069 1830 estote,
1095 1738 1195 1836 quod
1216 1739 1410 1837 aliquando
1432 1764 1497 1810 vos
1520 1757 1641 1838 gentes
1664 1742 1768 1812 eratis
1790 1743 1826 1811 in

237 1886 362 1951 carne,
378 1864 442 1960 qui
459 1861 618 1933 dicimini
639 1863 870 1961 praeputium,
894 1860 940 1932 ab
961 1885 1003 1933 ea
1026 1885 1104 1957 quae
1125 1859 1255 1932 dicitur
1275 1861 1498 1932 circumcisio
1519 1862 1556 1932 in
1574 1886 1681 1933 carne
1697 1886 1828 1932 manu·
1898 1896 1900 1900 >
1939 1949 1942 1960 Ι

237 1983 349 2072 facta,
370 1983 454 2079 quia
477 1983 582 2054 eratis
605 1982 666 2054 illo
689 1997 851 2080 tempore
873 1982 949 2052 sine
966 1981 1123 2071 Christo,
1150 1981 1292 2078 alienati
1314 2007 1334 2053 a
1354 1983 1624 2053 conversatione
1644 1981 1768 2072 lsrael,
1795 1996 1830 2052 et

237 2101 396 2198 hospites
419 2095 728 2173 Testamentorum
740 2154 750 2191 ,
778 2102 1022 2198 promissionis
1046 2125 1147 2199 spem
1172 2125 1246 2171 non
1269 2100 1462 2192 hahentes;
1493 2103 1570 2173 sine
1595 2105 1673 2173 Deo
1696 2104 1734 2172 in
1759 2101 1831 2172 hoc

124 2255 127 2264 λ
238 2221 390 2294 mundo.
412 2225 515 2292 Nunc
532 2237 651 2293 autem
669 2223 707 2294 in
724 2221 864 2293 Christo
882 2225 982 2312 lesu,
1002 2245 1068 2293 vos
1086 2221 1148 2317 qui
1167 2219 1360 2317 aliquando
1375 2221 1479 2293 eratis
1499 2222 1623 2318 longe,
1646 2222 1727 2293 facti
1750 2221 1832 2292 estis

239 2365 354 2438 prope
374 2341 411 2411 in
430 2342 602 2437 sanguine
621 2340 762 2413 Christi.
792 2344 870 2440 lpse
892 2355 946 2413 est
969 2341 1066 2412 enim
1088 2364 1155 2439 pax
1178 2355 1317 2431 nostra,
1341 2342 1403 2438 qui
1426 2340 1508 2412 fecit
1529 2357 1679 2440 utraque
1697 2367 1829 2431 unum,

240 2474 276 2530 et
293 2459 453 2530 medium
472 2460 644 2556 parietem
662 2460 822 2531 maccriae
845 2460 985 2531 solvens
1003 2458 1202 2531 inimicitias
1223 2459 1260 2530 in
1281 2479 1388 2531 carne
1408 2484 1489 2551 sua,
1512 2460 1627 2558 legem
1648 2459 1834 2532 mandato·

240 2601 322 2654 rum
340 2576 492 2649 decretis
510 2603 706 2670 evacuaus;
733 2594 771 2651 ut
793 2579 885 2650 duos
905 2579 1038 2651 condat
1054 2579 1090 2650 in
1110 2579 1356 2676 semetipsum,
1378 2580 1415 2650 in
1436 2605 1548 2651 unum
1568 2605 1701 2651 novum
1717 2579 1834 2650 homi-

239 2720 350 2786 nem,
378 2697 510 2769 lacieus
535 2721 681 2796 pacem,
706 2713 742 2770 et
765 2699 971 2770 reconciliet
990 2697 1116 2771 ambos
1139 2699 1176 2769 in
1201 2723 1274 2770 uno
1299 2724 1451 2798 corpore
1473 2689 1580 2792 Deo,¹
1595 2715 1663 2772 etc.
1678 2728 1697 2769 a
1724 2698 1835 2770 Judaei

239 2817 376 2915 quippe
398 2819 500 2913 quasi
523 2818 710 2916 peculiaris
731 2817 886 2917 populus
906 2819 972 2890 Dei
994 2817 1039 2890 de
1064 2818 1228 2914 legitimis
1253 2819 1325 2890 suis
1350 2819 1566 2916 gloriantes,
1592 2819 1752 2917 quandiu
1778 2818 1833 2891 lex

239 2951 373 3006 statum
391 2961 496 3007 suum
516 2936 711 3026 obtineret,
732 2962 874 3033 semper
892 2952 1014 3035 gentes
1031 2935 1266 3035 despicerent,
1287 2961 1355 3009 nec
1372 2963 1409 3009 se
1427 2939 1495 3010 illis
1520 2939 1651 3035 aequari
1670 2953 1834 3036 pateren-
1915 2923 1919 2930 ⁵

238 3069 312 3125 tur.
332 3056 402 3142 Qui
421 3057 527 3128 etiarn
546 3070 627 3154 post
646 3057 876 3153 Evangelium
893 3057 939 3129 de
956 3057 1134 3155 preterito
1150 3072 1242 3128 statu
1264 3056 1348 3154 legis
1366 3057 1456 3130 adeo
1473 3056 1773 3148 intumescebant,
1795 3071 1835 3128 ut

237 3173 314 3244 hoc
337 3173 404 3244 sihi
427 3174 611 3272 privilegio
632 3176 846 3272 singularem
867 3177 903 3246 in
929 3177 1083 3247 Ecclesia
1104 3178 1371 3275 prerogativam
1393 3177 1626 3248 vindicarent.
1650 3175 1703 3247 Ad
1724 3199 1834 3272 quarn

237 3292 392 3390 quidem
410 3293 614 3392 superbiam
628 3297 781 3368 maxime
797 3295 1061 3394 reprimendam
1077 3297 1265 3394 Apostolus
1281 3296 1484 3394 frequenter
1500 3299 1536 3368 in
1551 3295 1709 3395 epistolis
1725 3319 1835 3392 opera

235 3413 331 3510 legis
357 3429 391 3484 et
414 3414 490 3510 ejus
511 3413 760 3510 gloriationem
783 3415 984 3514 deprimere
1006 3417 1063 3487 vel
1084 3431 1274 3489 extenuare
1299 3416 1537 3516 compellitur,
1563 3433 1599 3488 et
1621 3440 1664 3488 ea
1686 3414 1836 3486 omnino

235 3557 431 3606 removere
453 3532 632 3625 decrevit3
653 3559 699 3606 ne
726 3535 890 3608 videlicet
914 3536 958 3608 de
979 3535 1035 3608 bis
1056 3536 1168 3608 tudaei
1194 3536 1357 3633 gentibus
1380 3537 1608 3628 insultarent,
1636 3551 1698 3607 aut
1719 3548 1840 3632 gentes

233 3678 374 3726 eorum
393 3653 462 3751 legi
483 3679 521 3726 se
544 3654 696 3730 subdere
719 3681 865 3754 prorsus
885 3657 1176 3754 dedignarentur,
1200 3657 1245 3730 de
1262 3683 1333 3756 qua
1348 3658 1400 3730 illi
1418 3659 1572 3730 maxime
1588 3657 1758 3730 adversus
1778 3679 1840 3727 eos

230 3772 503 3871 gloriabantur.
522 3779 639 3862 Quam
653 3776 800 3873 quidem
814 3777 974 3875 Apostoli
988 3777 1240 3850 discretionem
1256 3780 1293 3850 iu
1308 3794 1446 3850 tantum
1461 3793 1585 3876 postea
1600 3777 1710 3848 sancti
1723 3790 1841 3875 patres

229 3891 402 3964 aemulati
423 3909 523 3982 sunt,
548 3909 587 3965 ut
604 3919 718 3990 quum
736 3896 773 3965 in
792 3894 956 3991 gentibus
974 3895 1224 3967 ecclesiasticas
1244 3896 1431 3992 dignitates
1450 3897 1649 3968 secundum
1673 3897 1841 3994 pristinos

226 4013 432 4086 civitatum
452 4012 581 4109 gradus
603 4014 830 4101 ordinarent,
854 4015 891 4082 in
913 4011 973 4083 illo
996 4011 1279 4107 Hierosolymam
1300 4013 1439 4086 honore
1458 4015 1554 4087 illam
1573 4014 1758 4111 quondam
1776 4016 1841 4084 Dei

227 4135 427 4232 egregiam
445 4134 623 4204 civitatem
645 4133 867 4222 extulerunt,
898 4133 972 4202 imo
997 4132 1111 4229 ipsam
1135 4131 1227 4203 adeo
1250 4131 1518 4230 depresserunt,
1544 4149 1584 4205 ut
1602 4159 1681 4205 carn
1706 4149 1843 4203 metro-

223 4253 321 4353 poli
345 4251 600 4348 subjugarent:
620 4276 666 4323 ne
688 4253 779 4324 forte
802 4251 986 4350 privilegio
1012 4251 1160 4322 civitatis
1185 4276 1256 4322 suae
1280 4251 1335 4323 vel
1359 4253 1480 4352 templi
1505 4251 1647 4350 gloriari
1668 4251 1843 4349 superbus

220 4373 301 4446 ille
331 4386 454 4471 posset
477 4371 650 4470 populus,
671 4373 763 4444 sicut
781 4396 849 4444 nec
866 4371 923 4442 vel
942 4371 1152 4442 caerimoniis
1172 4373 1255 4442 suis.
1281 4372 1385 4444 Unde
1408 4375 1533 4445 necin
1557 4372 1623 4443 illis
1647 4396 1842 4470 parascevae

220 4493 424 4565 solemnis
440 4491 678 4584 oratiopibus,
695 4516 808 4589 quum
825 4517 892 4590 pro
912 4491 1100 4589 gentilibus
1120 4507 1155 4565 et
1174 4491 1338 4564 hereticis
1358 4517 1503 4590 quoque
1523 4494 1596 4564 sive
1612 4493 1842 4564 schismaticis

214 4635 370 4712 genua
394 4611 595 4703 flectamus,
623 4611 720 4684 solos
746 4614 782 4683 in
808 4612 879 4685 hoc
907 4612 1309 4710 Judaeospraeterimus,
1336 4614 1398 4711 qui
1422 4639 1514 4710 genu
1539 4614 1632 4685 llexo
1655 4611 1844 4684 illudentes

210 4734 413 4807 Domino
428 4731 616 4804 dicebant:
636 4763 653 4801 u
669 4737 762 4824 Ave,
783 4757 844 4806 rex
862 4733 1078 4806 Judaeorum.
1093 4761 1110 4800 a

276 4853 402 4925 Sicut
415 4867 536 4958 autem
550 4852 627 4950 lege
645 4868 823 4945 cessante,
839 4853 1028 4952 perfectior
1042 4853 1223 4950 Evangelii
1234 4853 1396 4926 doctrina
1414 4855 1596 4944 successit,
1618 4855 1665 4924 ita
1685 4867 1767 4951 post
1780 4853 1846 4924 cir-

205 4971 529 5064 cumcisionem,
546 4972 714 5072 baptismi
726 4973 834 5046 subiit
851 4988 1129 5064 sacramentum,
1144 4973 1243 5071 quod
1258 4990 1330 5046 tam
1347 4977 1442 5047 viros
1460 5000 1568 5072 quam
1586 4973 1733 5044 seminas
1746 4997 1847 5070 aeque

204 5091 471 5183 sanctificat,
495 5109 531 5164 et
549 5118 630 5164 eum
645 5094 719 5188 jam
741 5094 877 5166 venisse
898 5093 1137 5184 demonstrat,
1165 5096 1227 5191 qui
1252 5120 1319 5166 nos
1338 5120 1357 5167 a
1379 5109 1525 5195 peccato
1547 5096 1687 5194 penitus
1707 5094 1844 5186 abluat,

249 5368 259 5393 ¹
287 5365 426 5428 ephee,
441 5377 544 5454 capgu,
556 5379 579 5412 v.
595 5367 621 5414 tt
642 5373 666 5414 et
682 5380 721 5429 eq.
