4520 6104
475 585 548 657 254
995 583 1221 658 HELOESSAE
1245 581 1540 656 Pronuntiare

472 742 619 826 agente,
650 750 758 823 quarn
784 749 892 826 super
914 728 1108 823 nonaginta
1126 750 1257 798 novem
1274 727 1398 822 justis,
1420 726 1483 822 qui
1502 749 1576 795 non
1603 723 1762 822 indigent
1780 727 2010 824 paenitentia?
2030 761 2045 797 r

473 847 592 920 Multo
611 847 744 946 quippe
776 845 902 918 melius
930 861 983 918 est
1009 871 1052 918 ac
1077 846 1265 946 perfectius
1291 861 1478 946 peccatum
1507 869 1653 935 cavere,
1688 869 1798 941 quam
1825 849 2046 920 commissum

475 966 686 1058 emendare,
722 979 758 1037 et
783 959 921 1072 multos
946 989 1054 1062 quam
1076 989 1190 1036 unum
1215 963 1307 1037 bene
1327 989 1431 1062 agere
1460 991 1468 1034 :
1499 964 1596 1035 unde
1618 962 1690 1036 hoc
1709 966 1819 1062 magis
1836 989 1945 1062 quam
1967 967 2047 1040 illud

473 1089 551 1155 Deo
581 1098 721 1174 constat
747 1084 900 1180 placere.
929 1083 1026 1172 Quid
1048 1099 1099 1155 est
1125 1107 1210 1182 ergo
1231 1084 1331 1182 quod
1349 1089 1445 1156 Deus
1466 1085 1570 1156 unius
1596 1086 1791 1181 peccatoris
1810 1086 2047 1188 poeniteptianr

473 1201 552 1298 plus
571 1202 765 1300 approbat,
786 1226 894 1298 quam
919 1202 1114 1273 multorum
1131 1203 1310 1299 justorum
1328 1203 1655 1301 perseverantiam?

1084 1413 1218 1484 Solutr'o
1234 1411 1435 1500 ,Abaeurdt

520 1604 601 1687 Quo
620 1599 770 1694 quisque
788 1596 940 1695 amplius
958 1596 1004 1668 de
1022 1601 1168 1695 peccato
1189 1594 1338 1692 alicujus
1363 1596 1483 1686 dolet,
1505 1597 1617 1693 magis
1635 1596 1680 1668 de
1699 1599 1927 1696 correptione
1945 1598 2049 1695 ipsius

472 1719 624 1819 gaudet,
645 1733 679 1791 et
702 1742 775 1816 quo
793 1716 899 1788 dolor
919 1716 1041 1788 damni
1059 1717 1174 1812 major
1192 1717 1369 1806 extiterat,
1391 1715 1488 1788 etde
1506 1715 1706 1815 reparando
1725 1717 1922 1788 commodo
1938 1717 2050 1811 minus

465 1838 690 1938 sperandum
709 1837 913 1927 videbatur,
958 1852 993 1907 et
1020 1838 1163 1933 gravius
1188 1851 1227 1906 ut
1246 1837 1420 1926 eveniret,
1451 1837 1603 1933 majore·
1622 1861 1734 1932 quum
1762 1839 1907 1907 evenit¹
1939 1835 2049 1906 laetitia

472 1959 679 2057 suscipitur,
702 1971 737 2028 ct
757 1956 883 2053 majori
903 1955 1133 2027 sollicitudini
1155 1953 1201 2027 de
1220 1954 1353 2026 damno
1378 1955 1491 2051 majus
1517 1954 1685 2050 gaudium
1710 1954 1867 2026 succedit
1889 1954 1937 2026 de
1958 1979 2052 2025 com-

473 2077 596 2149 modo.
623 2082 676 2149 De
690 2077 794 2173 justis
810 2089 931 2147 autern
950 2099 1041 2172 quos
1059 2073 1096 2144 in
1115 2074 1213 2146 bono
1233 2099 1459 2173 perseverare
1480 2073 1694 2146 confidimus
1707 2127 1716 2162 ,
1727 2089 1768 2172 et
1780 2074 1861 2146 ideo
1875 2074 1993 2146 minus
2007 2072 2051 2144 illi

471 2181 717 2286 intendimus,
740 2195 786 2266 de
815 2195 945 2293 quibus
967 2197 1162 2265 securiores
1191 2219 1331 2282 sumus,
1364 2185 1503 2265 minore
1527 2193 1657 2289 gaudio
1685 2193 1770 2264 hinc
1798 2192 2048 2280 accendimur,

472 2317 647 2412 quamde
674 2316 910 2388 conversione
935 2314 1152 2412 peccatoris,
1179 2337 1257 2411 quae
1283 2312 1489 2385 difficillima
1515 2311 1713 2385 videbatur.
1735 2317 1815 2383 Non
1834 2327 1953 2384 tamen
1972 2293 2075 2383 ideo'

471 2437 551 2534 plus
570 2434 665 2508 valet
682 2435 788 2531 hujus
806 2436 1015 2524 conversio,
1044 2459 1152 2530 quam
1170 2432 1313 2505 illorum
1331 2435 1593 2532 perseverantia
1614 2461 1622 2502 ε
1646 2431 1708 2504 sed
1728 2431 1807 2528 plus
1825 2430 1908 2502 inde
1927 2431 2053 2528 gaude·

473 2581 552 2627 mus
572 2580 686 2652 quum
703 2553 891 2644 acciderit,
913 2553 1010 2625 unde
1027 2551 1222 2651 plurimum
1235 2551 1376 2623 solliciti
1393 2552 1573 2624 fueramus
1587 2567 1625 2621 ut
1643 2549 1830 2622 accideret.
1848 2550 1957 2637 Quod
1970 2574 2053 2646 ergo

471 2672 599 2745 dicitur
625 2701 633 2741 :
670 2703 686 2740 a
712 2673 891 2762 Gaudium
920 2674 986 2744 erit
1013 2673 1048 2742 in
1068 2669 1179 2758 coelo,
1210 2699 1227 2736 a
1257 2671 1294 2741 in
1316 2669 1470 2741 Ecclesia
1490 2669 1654 2767 praesenti
1672 2667 1830 2740 fidelium
1850 2667 2055 2764 intelligitur

362 2777 368 2788 ⁹
472 2794 661 2882 exultati0,
680 2818 759 2891 quae
775 2817 1036 2885 nonnunquam
1056 2794 1161 2860 etiam
1181 2815 1329 2884 regnum
1348 2790 1522 2860 coelorum
1540 2814 1560 2861 a
1580 2789 1736 2868 Domino
1756 2806 1993 2887 nuncupatur.

1033 3019 1213 3065 PROBLEMA
1239 3016 1405 3065 HELotssAE
1431 3019 1490 3064 1111.

518 3186 610 3259 lllud
626 3207 771 3281 quoque
790 3179 957 3253 nonnihil
975 3165 1178 3276 quaestionis
1195 3180 1302 3252 habet
1320 3180 1419 3276 quod
1437 3183 1473 3251 in
1492 3181 1678 3252 Matthaeo¹
1695 3181 1845 3279 legimus
1863 3183 1909 3256 de
1930 3208 2056 3282 opera-

471 3309 531 3377 riis
549 3309 585 3375 in
611 3306 752 3376 vineam
771 3301 909 3372 missis:
932 3323 1089 3396 quorum
1108 3300 1247 3397 priores
1265 3315 1403 3372 tantum
1421 3302 1622 3373 novissimis
1635 3301 1803 3376 invidisse
1814 3304 1999 3396 videntur,
2020 3320 2055 3376 et

471 3426 641 3498 adversus
657 3419 943 3521 patremfamilias
963 3443 1219 3509 murmurasse,
1235 3435 1274 3491 ut
1293 3420 1360 3492 tale
1374 3438 1596 3494 mererentur
1610 3447 1821 3521 responsum
1839 3453 1847 3496 ε
1871 3456 1889 3493 «
1905 3433 1958 3497 An
1972 3451 2060 3498 ocu·

470 3543 625 3615 lustaus
641 3563 797 3638 nequam
814 3531 883 3628 est,
903 3539 987 3635 quia
1007 3561 1072 3633 ego
1089 3537 1208 3609 bonus
1226 3538 1332 3609 sum?
1349 3567 1367 3606 u
1394 3545 1433 3611 ln
1453 3541 1570 3614 sutura
1590 3543 1723 3641 quippe
1748 3543 1840 3632 vita,
1857 3545 1905 3616 ita
1924 3545 2058 3642 cuique

470 3661 658 3734 beatorum
677 3657 828 3732 sufficiet
841 3657 1005 3729 bravium
1023 3673 1243 3754 susceptum,
1265 3674 1306 3730 ut
1322 3683 1430 3731 nemo
1449 3659 1529 3757 plus
1548 3659 1597 3732 ibi
1616 3661 1748 3734 habere
1765 3678 1926 3761 appetat,
1941 3687 2057 3761 quam

471 3781 643 3878 accipiet:
665 3778 727 3851 uhi
744 3779 810 3849 erit
828 3792 923 3849 tanta
944 3778 1105 3848 omnium
1126 3779 1271 3867 caritas,
1299 3792 1337 3850 nt
1355 3781 1599 3877 unusquisque
1617 3779 1758 3852 alterius
1773 3779 1911 3855 honum
1931 3782 2060 3880 diligat

471 3913 642 3996 tanquam
667 3923 790 3989 suum,
815 3921 921 3969 neca
942 3896 1124 3969 voluntate
1147 3898 1292 3968 Domini
1316 3899 1505 3996 quisquam
1526 3899 1726 4000 discrepare
1746 3905 1878 4000 possit,
1898 3928 1966 3975 nec
1988 3929 2060 4002 per

471 4019 605 4090 mdum
623 4017 763 4091 invidiae
775 4018 944 4092 adversus
955 4016 1131 4130 aliquem,
1147 4018 1259 4115 possit
1271 4042 1427 4115 nequam
1441 4019 1587 4091 oculum
1598 4019 1730 4094 habere
1746 4049 1754 4092 :
1774 4023 1924 4094 maxime
1938 4049 2061 4120 quum

436 4163 443 4178 ·
472 4138 604 4210 invidia
621 4139 711 4228 hos,
731 4140 768 4208 in
787 4136 918 4234 quibus
935 4150 1005 4222 est,
1027 4149 1164 4206 tantum
1183 4135 1315 4231 affligat
1333 4151 1367 4208 et
1387 4139 1533 4228 cruciet,
1558 4153 1597 4210 ut
1613 4138 1659 4210 de
1677 4141 1752 4238 ipsa
1765 4157 1870 4240 poeta
1883 4139 2057 4214 dixerit⁸:

850 4332 968 4395 invidia
981 4332 1074 4396 Siculi
1088 4350 1151 4394 non
1165 4334 1307 4398 invenere
1321 4337 1442 4416 tyranni

853 4436 950 4515 Majus
964 4443 1148 4497 tormentum
1158 4435 1178 4494 ⁶.

864 4797 988 4862 invidus
1000 4798 1125 4862 alterius
1137 4801 1228 4866 rebus
1243 4805 1401 4867 macrescit
1417 4805 1558 4882 opimist

477 5071 597 5210 'l'biglod
620 5071 681 5209 {ipa
694 5075 805 5125 -ssomtt
823 5075 892 5127 deest
903 5075 967 5128 Edd.
977 5103 1010 5116 -
1021 5077 1031 5106 ¹
1044 5077 1140 5144 mm..
1159 5096 1215 5148 cap.
1235 5097 1278 5133 xx.
1294 5083 1343 5122 -⁸
1361 5084 1463 5135 murat
1480 5069 1610 5134 God.'-·⁴
1625 5084 1709 5139 llorat.
1722 5087 1812 5150 Epiro,
1827 5088 1854 5149 1,
1872 5103 1888 5139 u
1897 5124 1905 5150 ,
1919 5103 1942 5138 v.
1959 5089 2007 5137 18.
2026 5117 2070 5127 -

554 5193 573 5220 .,
587 5175 613 5212 r.
662 5195 670 5210 .
