4510 6108
578 609 622 683 lN
647 607 947 682 ASSUMPTIONE
970 609 1130 684 BnlrAE
1152 609 1309 684 MARIAE
1332 609 1495 684 SERMO.
1755 605 1819 680 52⁴

245 738 406 847 jacerent
420 749 564 848 exlege,
578 752 641 850 qui
657 775 779 822 semen
795 751 833 822 in
853 751 960 824 lsrael
976 777 1052 824 non
1067 727 1328 852 relinquerent,
1343 765 1379 825 et
1391 748 1555 851 quaedam
1568 747 1655 846 legis
1669 745 1828 821 coactio·

249 895 314 944 nes
330 870 377 944 ad
392 871 534 970 nuptias
550 869 818 969 compellerent.
840 876 961 970 Usque
979 871 1071 945 adeo
1092 896 1249 972 namque
1270 872 1326 945 lex
1347 873 1414 946 ista
1431 870 1652 945 matrimonii
1666 866 1826 966 vigebat,

248 1005 289 1064 ut
303 992 381 1089 ipsa
397 1015 542 1089 quoque
558 1005 672 1063 mater
692 991 839 1062 Domini
858 1006 971 1064 tama
990 992 1201 1090 parentibus
1215 1015 1362 1092 quama
1382 990 1459 1090 lege
1475 1005 1600 1064 coacta
1619 986 1829 1087 desponsari
1899 1054 1903 1063 .

248 1113 450 1185 sustineret.
469 1112 599 1184 Divina
623 1126 743 1184 umen
766 1112 984 1214 revelatione
1004 1112 1191 1186 confidens
1213 1113 1388 1211 virginem
1407 1135 1553 1212 quoque
1572 1109 1694 1200 illum,
1716 1109 1775 1182 cui
1795 1121 1831 1180 et

249 1235 351 1331 virgo
367 1232 547 1324 nubebat,
570 1233 617 1305 ad
632 1234 843 1332 virginitatis
858 1234 1041 1308 servandae
1056 1259 1274 1308 consensum
1289 1261 1327 1309 se
1347 1235 1489 1314 trahere
1509 1258 1585 1307 non
1601 1231 1827 1332 desperabat.

250 1357 319 1426 Pro
335 1378 410 1452 quo
426 1354 578 1427 maxime
594 1354 821 1456 impetrando
837 1355 875 1427 in
891 1356 971 1455 ipso
983 1356 1271 1456 desponsationis
1286 1371 1451 1456 tempore
1465 1368 1643 1428 secretum
1658 1351 1831 1426 orationis

249 1473 455 1548 cubiculum
469 1491 593 1549 tenere
604 1475 784 1549 credenda
801 1491 855 1550 est
874 1502 949 1575 quo
971 1479 1149 1574 ingressus
1159 1477 1275 1550 luisse
1291 1476 1437 1573 angelus
1453 1487 1673 1549 memoratur
1689 1470 1832 1547 adeam

249 1597 390 1670 missus.
408 1599 489 1668 Non
507 1597 604 1672 enim
620 1621 701 1671 eam
716 1599 868 1672 exterius
883 1623 967 1672 cum
983 1598 1202 1672 sectdaribus
1221 1597 1363 1672 seminis
1383 1613 1586 1671 morantem
1600 1597 1751 1697 reperit,
1769 1595 1834 1669 sed

250 1715 410 1790 abditam
431 1716 611 1816 pudicitiae
626 1730 662 1789 et
681 1716 837 1790 cubiculi
859 1718 953 1790 ostio
974 1717 1096 1790 clauso
1118 1716 1249 1790 devote
1268 1717 1467 1790 Dominum
1491 1731 1676 1807 orantem,
1698 1729 1735 1788 et
1758 1716 1832 1788 sin·

249 1860 338 1910 cerae
350 1837 523 1910 orationis
534 1838 688 1937 puritate
703 1837 878 1938 propositi
894 1839 950 1910 sui
964 1837 1198 1912 concordiam
1212 1839 1371 1910 Domino
1387 1834 1716 1911 commendantem.
1729 1835 1834 1910 Unde

247 1973 285 2031 et
301 1958 338 2030 in
354 1945 482 2030 mediis
497 1957 664 2056 precibus
680 1957 752 2030 suis
763 1956 960 2055 angelicam
975 1959 1152 2031 visionem
1167 1957 1316 2049 meruit,
1334 1981 1407 2057 qua
1421 1959 1472 2030 sic
1488 1957 1535 2031 ad
1551 1959 1730 2054 integrum
1745 1981 1835 2030 con·

251 2076 459 2169 formetur,
473 2093 514 2152 ut
529 2091 566 2150 et
579 2094 706 2151 votum
721 2077 932 2176 virginitatis
947 2078 981 2152 ei
992 2079 1171 2151 Dominus
1180 2078 1393 2168 custodiret,
1406 2093 1443 2152 et
1453 2102 1475 2152 a
1486 2077 1738 2153 maledictione
1749 2076 1835 2175 legis

249 2194 296 2270 de
319 2197 397 2297 ipsa
417 2195 600 2270 nascendo
624 2199 658 2269 ei
680 2199 813 2296 pariter
828 2196 1053 2297 provideret,
1071 2211 1108 2270 et
1123 2221 1188 2297 per
1208 2221 1289 2270 eam
1308 2197 1346 2268 in
1363 2195 1572 2269 mulieribus
1586 2195 1833 2286 benedictam,

250 2315 341 2388 sicut
355 2330 392 2389 et
408 2317 484 2415 ipse
499 2341 584 2390 mox
605 2311 751 2416 angelus
767 2332 1046 2408 commemorat,
1064 2318 1232 2392 universo
1253 2315 1393 2390 mundo
1407 2314 1699 2391 benedictionem
1714 2315 1835 2388 infun·

251 2433 365 2526 deret,
383 2434 471 2509 illud
488 2437 522 2508 ei
536 2436 670 2511 scilicet
685 2462 807 2512 semen
823 2436 1023 2536 largiend0,
1037 2437 1084 2512 de
1098 2463 1173 2538 quo
1191 2436 1339 2511 Abrahae
1354 2437 1580 2536 promiserat,
1592 2436 1732 2509 dicens¹
1745 2463 1753 2508 :
1764 2465 1782 2506 c<
1794 2441 1834 2508 ln

245 2556 460 2636 seminetuo
475 2556 736 2632 benedicentur
752 2544 879 2633 omnes
894 2572 1063 2657 gentes.»
1748 2561 1758 2580 ⁹

298 2679 380 2750 llaec
396 2678 515 2777 itaqu'e
534 2693 707 2778 tanquam
723 2702 853 2754 aurora
867 2703 1105 2780 consurgens,
1121 2681 1239 2783 prima
1257 2679 1415 2757 claritate
1432 2677 1610 2754 mundum
1629 2677 1835 2768 illustravit,

250 2796 335 2894 quia
350 2798 468 2896 prima
482 2800 700 2875 castimoniae
718 2801 894 2892 nitorem,
912 2818 949 2876 et
963 2816 1094 2876 sanctae
1109 2803 1321 2901 virginitatis
1337 2801 1565 2904 propositum
1580 2801 1618 2873 in
1634 2796 1837 2898 exemplum

250 2921 452 3017 proposuit.
470 2919 542 2994 Sed
561 2921 646 3018 quia
660 2923 837 2998 nonsatis
853 2937 907 2998 est
923 2924 970 2996 ad
985 2921 1132 2997 laudem
1148 2923 1260 3024 ipsius
1275 2948 1389 2996 unum
1404 2921 1616 3019 virginitatis
1630 2918 1790 3006 honum,
1808 2917 1837 2989 si

247 3025 462 3111 ⁸caeterorum
478 3040 591 3138 gratia
605 3039 716 3134 desi-t,
729 3041 823 3116 lunae
843 3069 989 3148 quoque
1009 3058 1241 3144 comparatur
1260 3043 1336 3142 ejus
1356 3038 1606 3143 pulchritudo,
1625 3038 1710 3137 quia
1728 3037 1838 3110 totius
1890 3083 1894 3094 ι

251 3156 414 3244 Ecclesiae
425 3157 524 3233 dona
533 3161 572 3232 in
586 3183 629 3234 ea
644 3176 728 3234 sunt
743 3161 892 3255 collata,
909 3177 946 3236 et
961 3161 1062 3262 quod
1077 3188 1143 3264 per
1156 3177 1275 3262 partes
1291 3161 1423 3235 diversi
1438 3158 1561 3233 fideles
1576 3171 1835 3258 perceperunt,

249 3278 287 3348 in
305 3301 385 3368 eam
403 3279 622 3353 transfusum
638 3296 692 3354 est
706 3296 841 3375 tomm,
864 3297 901 3356 et
916 3308 996 3381 quae
1014 3283 1053 3376 in
1070 3284 1205 3357 caeteris
1221 3282 1338 3357 divisa
1351 3296 1436 3356 sunt
1450 3280 1571 3372 dona,
1589 3280 1626 3352 in
1643 3279 1720 3378 ipsa
1734 3303 1839 3378 repe·

249 3397 390 3470 riuntur
415 3401 620 3498 conjuncta.
646 3405 692 3475 Et
715 3404 890 3502 quoniam
912 3428 1044 3504 parum
1068 3419 1123 3478 est
1144 3418 1461 3504 quantamcunque
1483 3403 1632 3500 gratiam
1656 3400 1840 3472 donorum

250 3516 397 3608 habere,
412 3519 442 3591 si
457 3511 549 3593 desit
561 3521 600 3594 in
616 3523 666 3595 eis
681 3524 794 3597 virtus
806 3526 1090 3624 perseverantiae,
1104 3525 1150 3599 de
1165 3548 1239 3624 qua
1253 3524 1427 3625 scriptum
1443 3527 1534 3596 est¹:
1551 3552 1572 3592 u
1587 3521 1659 3610 Qui
1674 3544 1839 3620 perseve-

251 3638 399 3728 raverit,
416 3638 476 3711 hic
490 3639 610 3715 salvus
625 3643 710 3734 erit,
724 3670 743 3712 »
762 3641 972 3740 adjunctum
984 3661 1058 3719 est:
1080 3644 1234 3718 «Electa
1249 3660 1291 3718 ut
1305 3642 1373 3716 sol.
1388 3671 1408 3714 n
1427 3647 1508 3716 Non
1521 3642 1619 3715 enim
1638 3641 1730 3714 sicut
1747 3633 1840 3714 lunae

251 3757 393 3832 claritas
413 3759 498 3834 solis
517 3760 674 3835 defectui
693 3761 838 3837 subdita
858 3779 929 3856 est,
947 3765 1012 3838 sed
1034 3765 1072 3837 in
1092 3789 1161 3838 suo
1180 3766 1305 3862 vigore
1329 3776 1546 3864 perseverat.
1569 3763 1649 3835 Tria
1664 3763 1785 3860 itaque
1801 3761 1840 3834 in

250 3877 357 3952 laude
364 3877 471 3978 hujus
479 3881 626 3979 virginis
637 3884 818 3981 praemissa
829 3899 926 3958 sunt.
938 3885 1058 3957 Primo
1070 3885 1205 3984 quippe
1218 3897 1428 3982 comparata
1438 3898 1491 3957 est
1504 3907 1642 3956 aurorae
1650 3907 1718 3981 pro
1727 3905 1842 3955 exem·

251 3997 314 4096 plo
329 3998 531 4096 pudicitiae,
548 4025 628 4100 quae
644 4026 710 4100 per
729 4026 810 4076 eam
826 4002 965 4076 mundo
981 4002 1140 4076 innotuit
1158 4029 1168 4074 τ
1186 4014 1270 4102 post
1289 4000 1443 4076 modum
1462 4000 1574 4092 lunae,
1591 4024 1659 4099 pro
1684 3999 1840 4098 plenitu-

251 4113 339 4190 dine
354 4119 520 4192 0mnium
536 4121 731 4218 gratiarum
749 4149 759 4195 ε
777 4121 909 4196 deinde
924 4121 1010 4215 soli,
1028 4146 1097 4222 pro
1112 4120 1378 4221 perseverantia
1392 4121 1430 4192 in
1451 4121 1502 4193 eis
1523 4133 1683 4218 accepta.
1702 4115 1841 4205 Quibus

251 4237 401 4337 quidem
417 4239 524 4315 donis
533 4237 733 4338 edomata,
751 4258 787 4318 et
805 4245 909 4343 quasi
927 4243 1145 4344 quibusdam
1160 4241 1378 4344 spiritalibus
1394 4243 1502 4317 armis
1518 4242 1675 4332 munita,
1693 4236 1841 4312 tandem

252 4357 420 4433 terribilis
436 4377 659 4436 memoratur
674 4378 716 4436 ut
730 4379 931 4451 castrorum
954 4364 1046 4438 acies
1067 4363 1246 4436 ordinata.
1268 4362 1360 4435 Talis
1381 4362 1516 4461 quippe
1536 4361 1630 4434 acies
1646 4374 1683 4432 et
1701 4359 1773 4431 suis
1789 4371 1842 4431 est

253 4475 435 4569 amabilis,
454 4494 491 4552 et
510 4481 721 4577 adversariis
745 4481 913 4556 terribilis
938 4509 948 4554 ι
970 4483 1001 4556 si
1021 4481 1188 4556 videlicet
1207 4483 1256 4556 ita
1278 4496 1320 4555 ut
1340 4481 1511 4554 convenit
1532 4478 1699 4552 ordinata
1720 4476 1838 4550 fuerit.

252 4602 351 4672 Tunc
362 4623 449 4674 vero
460 4599 554 4674 bene
564 4616 619 4675 est
629 4600 934 4702 ordinata,quum
950 4599 1120 4675 adversus
1135 4601 1374 4699 singulos⁸....
1388 4601 1563 4673 irruentes
1573 4596 1696 4670 hostes
1707 4595 1842 4697 provisi

253 4732 352 4808 suut,
370 4719 432 4816 qui
449 4719 499 4792 eis
514 4721 677 4795 resistere
692 4720 847 4812 valeant,
865 4745 913 4794 ne
923 4721 1003 4820 quis
1013 4721 1115 4794 locus
1128 4735 1262 4821 pateat,
1280 4745 1353 4818 quo
1365 4719 1564 4818 irrumpere
1577 4715 1624 4790 ad
1640 4705 1843 4790 feriendum

255 4835 370 4909 hostis
392 4853 513 4936 queat.
538 4840 676 4914 Scimus
696 4841 870 4940 scripturn
890 4864 967 4914 esse
987 4841 1097 4939 quia*
1114 4869 1133 4909 «
1151 4839 1278 4913 militia
1298 4854 1352 4913 est
1371 4837 1445 4912 vita
1465 4836 1624 4910 hominis
1642 4859 1752 4935 super
1770 4849 1842 4907 ter·

256 4977 359 5046 ram3
379 4983 399 5023 u
417 4972 454 5030 et
469 4959 585 5057 quiin
606 4982 722 5058 agone
741 4959 803 5032 illo
823 4958 1029 5053 contendit,
1047 4959 1095 5034 de
1109 4983 1184 5058 quo
1200 4959 1347 5033 dicitur⁸
1359 4965 1376 5032 ε’
1390 4987 1409 5028 κ
1427 4961 1509 5030 Non
1524 4953 1760 5030 coronabitur
1774 4952 1844 5028 nisi

290 5133 299 5163 ‘
319 5137 417 5195 Germ,
430 5151 487 5206 cap.
499 5153 564 5203 un,
579 5155 602 5191 v.
619 5141 690 5191 tt.-
702 5138 821 5203 'Restm
831 5153 887 5208 cap.
899 5157 930 5204 r,
941 5155 964 5194 r.
978 5142 1020 5191 2².
1031 5167 1059 5180 -
1072 5139 1172 5215 'Locus
1185 5149 1355 5226 corruptae·-
1367 5139 1378 5168 ⁴
1388 5136 1451 5204 tou,
1463 5153 1518 5222 cap.
1532 5153 1582 5203 nr,
1592 5153 1617 5202 v.
1633 5140 1696 5188 1.·-
1709 5133 1844 5196 'mlh

250 5226 424 5318 aaut·
1679 5311 1722 5384 ω
