4486 6100
584 637 672 710 eun
698 637 825 710 rarat
855 589 1086 740 ananiam
1111 635 1433 710 soturtorvtssus.
1727 642 1800 715 arr

221 803 259 852 se
273 802 338 877 per
349 776 597 851 humilitatem.
620 777 840 850 Profundum
852 777 986 876 quippe
999 779 1112 850 imum
1121 777 1207 851 dicit
1217 777 1273 850 vel
1287 777 1433 850 humile.
1451 780 1568 866 Quam
1582 779 1701 875 magni
1715 803 1800 852 vero

170 923 175 932 ·
221 903 348 970 sintae
366 897 536 971 sublimes
553 903 651 990 Deo,
669 899 705 970 in
721 897 1007 970 remuneratione
1021 921 1084 970 sua
1094 899 1341 998 experientur,
1363 898 1422 969 ubi
1440 912 1539 970 tanto
1558 898 1710 997 amplius
1728 925 1802 972 me-

222 1031 345 1091 rentur
362 1018 525 1110 exaltari,
545 1032 680 1116 quanto
697 1017 760 1090 hio
775 1016 982 1092 humiliores
1002 1019 1197 1105 extiterint;
1214 1033 1250 1091 et
1263 1033 1361 1091 tanto
1380 1018 1460 1118 plus
1482 1021 1600 1090 aDeo
1616 1020 1797 1118 recipere,

221 1153 356 1236 quanto
377 1140 493 1210 minus
506 1138 565 1210 hic
577 1163 621 1210 ex
633 1162 673 1210 se
689 1153 951 1234 recognoscunt
963 1137 1108 1210 hahere.
1126 1143 1207 1210 Haec
1224 1153 1344 1211 autem
1362 1151 1529 1236 quatuor,
1545 1136 1716 1210 latitudo¹
1734 1141 1799 1210 sci·

222 1255 302 1328 licet
325 1271 545 1347 sanctorum,
561 1257 616 1330 vel
630 1256 804 1346 Ecclesiae,
821 1281 899 1354 quae
909 1235 1047 1355 'corpus
1059 1256 1187 1328 Christi
1205 1273 1274 1347 est,
1289 1257 1326 1328 in
1339 1257 1415 1355 ipsa
1429 1257 1640 1353 ejuscroce,
1653 1258 1710 1330 cui
1724 1259 1801 1354 ejus

221 1399 353 1474 corpus
370 1375 514 1448 affixum
533 1392 606 1466 est,
628 1374 890 1475 praefiguratum
908 1400 983 1448 esse
1001 1375 1212 1474 intelligunt.
1234 1381 1274 1447 ln
1290 1375 1475 1448 latitudine
1495 1375 1642 1473 quidem
1660 1377 1797 1468 crucis,

220 1492 266 1564 ad
289 1493 470 1566 dexteram
486 1510 521 1567 et
541 1497 578 1566 in
597 1495 793 1585 sinistram,
816 1494 876 1568 ubi
896 1494 1058 1566 manibus
1076 1493 1188 1568 affixis
1206 1510 1370 1586 extensus
1388 1494 1630 1585 est,'latitudo
1647 1498 1800 1568 caritatis

221 1613 384 1687 inimicos
396 1617 503 1688 etiam
522 1615 786 1714 amplectentis,
801 1616 864 1713 qui
882 1614 986 1688 nobis
1003 1630 1172 1714 tanquam
1185 1617 1221 1686 in
1238 1615 1377 1688 sinistra
1390 1629 1489 1706 sunt,
1510 1615 1581 1686 hoc
1599 1631 1674 1709 est,
1687 1617 1724 1687 iu
1739 1616 1801 1688 ad·

222 1735 400 1826 versitate,
417 1737 508 1808 sicut
529 1737 634 1810 amici
651 1738 688 1808 in
703 1734 868 1824 dextera,
889 1736 1103 1834 designatur.
1123 1741 1249 1810 Manus
1267 1735 1378 1808 affixae
1390 1737 1426 1808 in
1446 1735 1592 1808 dextera
1608 1751 1643 1808 et
1661 1738 1801 1810 sinistra
1866 1811 1869 1820 ,

220 1856 336 1926 crucis
357 1871 458 1954 parte
478 1869 589 1954 opum
605 1871 688 1930 sunt
705 1856 879 1946 caritatis,
899 1856 944 1927 ad
968 1857 1129 1928 inimicos
1146 1858 1278 1955 pariter
1294 1871 1330 1928 et
1346 1857 1481 1928 amicos
1499 1855 1536 1928 in
1553 1854 1735 1928 beneficiis
1748 1857 1801 1928 di-

220 1973 337 2046 latata.
357 1979 472 2062 Quam
492 1978 653 2074 prolecto
676 1975 901 2048 latitudinem
922 1977 1076 2048 caritatis
1096 1976 1143 2048 de
1160 1978 1234 2074 ipsa
1258 2000 1363 2048 cruce
1382 1977 1556 2048 Dominus
1580 1974 1684 2048 uobis
1704 1975 1803 2047 exhi·

221 2093 315 2186 buit,
334 2121 446 2194 quum
465 2113 500 2169 et
511 2121 636 2169 curam
649 2099 770 2169 matris
787 2121 931 2194 gerens,
946 2121 1025 2170 eam
1038 2097 1214 2196 discipulo
1233 2096 1514 2187 commendavit,
1531 2109 1567 2170 et
1579 2122 1647 2196 pro
1663 2099 1800 2170 crucifr-

220 2215 384 2312 gentibus
404 2218 573 2288 exoravit.
599 2219 697 2289 Sicut
716 2232 835 2290 autem
862 2216 1013 2289 latitudo
1031 2215 1256 2289 dextrorsum
1274 2232 1310 2289 et
1331 2217 1572 2289 sinistrorsum
1595 2217 1730 2308 tendit,
1753 2221 1802 2290 ita

219 2335 407 2432 longitudo
425 2361 564 2408 sursum
583 2352 619 2408 et
635 2335 803 2408 deorsum
823 2337 983 2436 respicit,
1008 2339 1044 2407 in
1062 2361 1134 2435 qua
1151 2337 1227 2434 ipse
1245 2338 1421 2408 Dominus
1443 2361 1463 2408 a
1484 2338 1599 2436 capite
1620 2363 1732 2436 usque
1753 2340 1799 2412 ad

220 2457 330 2554 pedes
343 2458 379 2527 in
394 2481 499 2530 cruce
516 2457 611 2529 stetit
625 2473 777 2530 erectus.
798 2461 847 2529 Ex
871 2481 942 2556 qua
962 2457 1108 2554 quidem
1126 2454 1347 2554 longitudine
1369 2456 1428 2528 illa
1445 2457 1521 2553 ejus
1539 2461 1800 2558 perseverantia

219 2577 397 2674 patientiae
415 2577 598 2676 figuratur,
624 2603 736 2676 usque
759 2577 805 2650 ad
825 2578 1170 2651 consummationem
1194 2579 1273 2650 vitae
1297 2579 1425 2678 ipsius,
1446 2581 1519 2651 sive
1544 2579 1801 2679 redemptionis

221 2712 361 2770 nostrae.
384 2702 437 2770 De
450 2723 520 2797 qua
542 2699 692 2798 ipsemet
709 2697 798 2769 ait¹:
818 2727 835 2766 ιι
851 2702 1147 2770 Consummatum
1165 2713 1229 2769 est.
1248 2727 1265 2764 ιι
1284 2703 1325 2768 Et
1339 2699 1544 2797 Apostolus⁸
1559 2727 1567 2770 ι
1585 2729 1602 2768 ιι
1619 2705 1765 2792 Factus,
1780 2731 1798 2768 n

221 2816 355 2913 inquit,
395 2845 413 2884 ιι
439 2817 611 2890 obediens
631 2843 743 2915 usque
765 2817 811 2888 ad
826 2832 992 2889 mortem.
1016 2815 1257 2888 »Sublimitas
1286 2819 1417 2907 crucis,
1438 2815 1573 2890 additio
1590 2805 1649 2890 illa
1671 2835 1740 2912 est,
1762 2823 1798 2894 in

221 2961 291 3034 qua
307 2938 428 3010 titulus
444 2938 595 3035 scriptus
606 2952 777 3037 estsuper
793 2953 899 3036 caput
917 2937 1076 3009 Domini.
1097 2941 1138 3007 ln
1151 2961 1224 3034 quo
1237 2951 1331 3010 certe
1348 2937 1450 3009 titulo
1468 2963 1605 3012 nomen
1615 2940 1690 3036 ejus
1707 2966 1798 3039 prae-

221 3058 412 3155 scriptum,
429 3058 528 3154 quod
542 3072 611 3143 est,
628 3062 749 3148 lesus,
777 3055 865 3128 illud
883 3072 937 3128 est
958 3055 1307 3146 excellentissimum,
1332 3056 1469 3154 dequo
1492 3057 1587 3130 idem
1611 3059 1800 3158 Apostolus

220 3176 391 3274 adjecit⁸z
411 3207 429 3247 ιι
455 3183 604 3277 Propter
621 3177 721 3275 quod
739 3193 791 3250 est
810 3181 906 3250 Deus
928 3175 1091 3250 exaltavit
1112 3176 1230 3265 illum,
1252 3190 1286 3248 et
1303 3175 1450 3250 donavit
1476 3176 1525 3248 illi
1543 3201 1677 3252 nornen
1699 3179 1799 3277 quod

220 3313 273 3370 est
292 3324 400 3399 super
415 3325 523 3375 omne
546 3325 691 3372 nomen.
719 3329 737 3368 ιι
758 3303 798 3371 Ιιι
824 3299 945 3372 electis
963 3323 1108 3397 quoque
1121 3298 1180 3370 illa
1206 3299 1368 3396 superior
1384 3323 1467 3398 pars
1485 3297 1605 3372 addita
1626 3299 1798 3399 significat

221 3419 309 3492 illud
321 3421 357 3492 in
372 3422 658 3494 remuneratione
671 3436 889 3509 sanctorum,
901 3421 1001 3518 quod
1019 3443 1127 3518 supra
1140 3418 1265 3491 merita
1273 3419 1357 3519 ipsis
1370 3433 1422 3490 est
1435 3418 1603 3492 collatum
1619 3445 1662 3492 ex
1674 3422 1796 3518 gratia,

215 3541 317 3634 juxta
330 3540 418 3617 illud
438 3539 597 3637 ejusdem
614 3539 812 3640 Apostolilz
833 3569 850 3606 ιι
864 3544 943 3610 Νοιι
960 3523 1047 3613 Ιειιιιῑ
1060 3539 1245 3636 condignae
1257 3539 1439 3637 passiones
1450 3538 1556 3634 hujus
1571 3542 1741 3638 temporis
1754 3541 1801 3613 ad

220 3661 375 3734 loturam
386 3661 533 3758 gloriam
546 3715 556 3752 ,
571 3685 650 3759 quae
660 3659 881 3732 ‘revelabitur
896 3660 933 3731 iu
954 3659 1071 3732 nobis.
1087 3687 1105 3728 ιι
1122 3659 1363 3749 Profundum,
1385 3658 1456 3730 hoc
1469 3674 1538 3749 est,
1555 3657 1700 3732 inferior
1718 3685 1801 3759 pars

220 3782 352 3873 crucis,
376 3806 441 3881 per
462 3807 571 3880 quam
599 3795 700 3854 terrae
717 3780 822 3854 allisa
841 3795 930 3869 stat,
954 3779 1091 3851 humile
1108 3793 1161 3852 est
1181 3793 1216 3850 et
1238 3779 1416 3875 abjectum
1437 3779 1552 3851 crucis
1579 3779 1798 3879 patibulum,

219 3904 293 3976 sive
312 3929 424 4002 genus
435 3905 560 3976 mortis
578 3903 874 4002 ignominiosum,
891 3925 965 4001 quo
986 3903 1138 3973 maxima
1158 3900 1287 3972 Christi
1304 3901 1485 3977 humilitas
1506 3903 1798 3994 commendatur,

221 4039 258 4096 et
275 4027 351 4124 ipse
365 4025 515 4125 amplius
533 4024 676 4097 exaltari
695 4025 844 4114 meruit,
869 4024 959 4095 sicut
981 4047 1087 4122 supra
1102 4021 1329 4092 meminimus
1350 4020 1426 4111 ibi',
1449 4051 1467 4088 u
1489 4023 1748 4122 propterquod
1766 4041 1802 4097 et

219 4148 318 4218 Deus
332 4147 495 4232 exaltavit
511 4146 633 4237 illurn,
650 4161 717 4220 etc.
737 4175 754 4214 ιι
774 4150 828 4217 De
845 4145 916 4216 hoc
934 4168 1064 4242 genere
1087 4142 1211 4214 mortis
1230 4140 1439 4240 praedictum
1456 4141 1569 4213 luerat
1585 4167 1628 4214 ex
1648 4168 1801 4241 persona

220 4265 438 4365 impioruml
453 4293 460 4337 :
473 4296 490 4333 ιι
506 4269 619 4338 Morte
633 4265 834 4366 turpissima
846 4263 1130 4336 condemnemus
1138 4285 1234 4333 eum.
1254 4289 1273 4326 n
1284 4266 1323 4332 ln
1339 4259 1458 4332 electis
1473 4261 1578 4332 etiam
1588 4259 1644 4332 illa
1649 4286 1735 4366 pars
1749 4264 1802 4332 in·

220 4385 331 4459 serior
344 4389 476 4479 crucis,
497 4412 567 4486 qua
586 4403 686 4459 terrae
703 4383 810 4458 infixa
828 4399 987 4475 tenetur,
1011 4384 1176 4454 virtutem
1201 4379 1363 4480 exprimit
1382 4379 1607 4470 humilitatis,
1635 4405 1705 4479 qua
1734 4383 1800 4480 ipsi

216 4531 261 4578 se
274 4507 412 4607 pulveri
430 4525 464 4581 et
478 4522 578 4580 terrae
596 4520 843 4605 comparantes
859 4517 994 4602 quanto
1013 4527 1050 4575 se
1064 4501 1214 4600 amplius
1230 4501 1289 4572 hic
1303 4499 1492 4572 humiliant
1516 4514 1551 4572 et
1568 4501 1726 4572 minores
1746 4525 1800 4572 re-

155 4681 171 4708 .
215 4643 367 4725 putant,
393 4643 492 4701 tanto
514 4626 746 4727 postmodum
767 4625 911 4698 exaltari
926 4638 1119 4697 merentur.
1145 4627 1189 4694 Et
1213 4621 1448 4719 haecquidem
1460 4621 1641 4693 humilitas
1653 4646 1798 4715 eorum,

215 4747 348 4821 firmos
360 4764 395 4822 et
406 4764 543 4822 erectos
557 4771 619 4820 eos
631 4762 727 4819 tenet
737 4747 775 4847 in
793 4745 949 4818 culmine
963 4745 1131 4816 virtutum
1148 4771 1155 4813 :
1176 4743 1266 4815 sicut
1278 4742 1336 4814 illa
1350 4767 1431 4843 pars
1445 4743 1573 4816 crucis⁸
1587 4758 1686 4815 terrae
1697 4743 1800 4816 affixa

214 4867 365 4942 firmam
391 4894 471 4942 eam
494 4884 530 4941 et
548 4881 700 4942 erectam
726 4882 832 4940 tenet.
858 4870 941 4938 Post
962 4865 1144 4938 cantatem
1162 4879 1383 4954 sanctorum,
1410 4865 1532 4937 transit
1553 4864 1599 4935 ad
1621 4889 1800 4938 summam

259 5051 320 5116 ‘stc
330 5064 376 5116 Ed.
387 5035 619 5129 -Portslsgeufln
632 5062 807 5114 :domum
822 5073 880 5119 ete„
895 5065 994 5120 relucet,
1029 5085 1060 5096 -
1071 5057 1082 5084 ⁸
1095 5057 1215 5122 Philipp„
1228 5072 1283 5122 cap.
1302 5073 1332 5117 ιι,
1345 5072 1368 5108 ι.
1383 5059 1409 5108 t.
1427 5083 1454 5092 -
1466 5054 1477 5082 ⁴
1488 5054 1561 5118 thid..
1573 5073 1596 5108 ι.
1613 5037 1679 5110 9,-
1690 5058 1701 5085 ⁸
1713 5059 1795 5114 lton„

211 5153 593 5217 lonoltndr'm,rubllnltutm‚
599 5151 746 5214 prestandum
755 5159 903 5206 unctorum,
913 5157 993 5198 ete...
1027 5163 1083 5214 cap.
1095 5163 1150 5204 ιιιι,
1163 5161 1187 5196 v.
1202 5143 1494 5208 tv.-·1³ttspp.,eap.
1508 5158 1535 5203 ιι,
1546 5157 1571 5192 r.-
1583 5145 1607 5194 9.
1623 5171 1651 5180 -
1662 5141 1801 5206 'Saplmt.‚

211 5238 383 5302 prmtqurata
396 5251 447 5287 esse
457 5239 601 5301 multigena
614 5261 642 5274 -
662 5233 760 5299 'loan.,
774 5248 829 5300 cap.
844 5247 897 5296 arx,
913 5248 937 5282 ι.
952 5232 992 5282 30.
1027 5247 1082 5300 cap.
1096 5247 1122 5294 ιι,
1131 5245 1153 5281 ι.
1163 5231 1242 5282 20.-
1253 5226 1553 5282 'SicGodVict-Gructt
1562 5223 1801 5280 destinandum
