4600 6098
456 649 503 720 90
885 647 1011 716 PETRl
1038 642 1269 715 tentarint
1297 644 1351 714 ΕΤ
1376 642 1599 713 HELOlSSAE

456 789 633 860 invenitur
648 815 655 855 ε
673 809 772 858 more
789 784 934 880 quidem
958 782 1151 854 fidelissimi
1173 782 1321 872 medici,
1338 783 1399 879 qui
1418 806 1492 852 non
1514 783 1626 878 parcit
1649 781 1787 871 dolori,
1800 787 1849 852 'ut
1865 787 2026 858 consulat

454 906 568 979 saltui.
591 909 664 974 llos
687 917 805 972 autem
826 903 861 971 in
886 925 943 972 me
968 900 1129 972 stimulos
1149 902 1286 990 carnis,
1307 901 1382 972 trec
1400 901 1575 970 incentiva
1598 899 1755 972 libidinis
1773 903 1847 999 ipse
1862 904 2027 998 juvenilis

453 1025 572 1096 fervor
581 1025 707 1112 aetatis,
724 1037 758 1093 et
766 1021 1102 1118 jucundissimarum
1118 1021 1331 1118 experientia
1345 1019 1587 1116 voluptatum,
1602 1019 1795 1118 plurimum
1808 1022 2023 1113 accendunt,

452 1157 487 1212 et
500 1155 598 1211 tanto
612 1140 763 1238 amplius
781 1163 844 1210 sua
863 1165 921 1211 me
942 1141 1210 1238 impugnatione
1227 1139 1453 1236 opprimunt,
1475 1151 1610 1233 quanto
1637 1136 1811 1208 infirmior
1827 1153 1881 1209 est
1902 1155 2026 1212 natura

451 1283 558 1355 quam
574 1273 793 1356 oppugnant.
816 1263 955 1330 Castam
974 1285 1031 1330 me
1051 1258 1264 1356 predicant,
1286 1257 1347 1352 qui
1366 1281 1440 1326 uon
1457 1254 1771 1353 deprehenderunt
1787 1257 2022 1356 hypocritam.

452 1377 660 1449 Munditiam
684 1379 798 1448 caruis
822 1376 1027 1450 conferunt¹
1046 1379 1082 1448 in
1107 1379 1290 1464 virtutem,
1316 1399 1428 1473 quum
1452 1399 1525 1445 non
1553 1376 1598 1444 sit
1621 1377 1800 1472 corporis,
1830 1377 1892 1448 sed
1918 1381 2027 1449 enimi

450 1496 573 1566 virtus,
604 1493 742 1591 Aliquid
766 1493 882 1566 laudis
907 1495 1002 1593 apud
1026 1496 1192 1567 homines
1213 1493 1369 1582 habens,
1397 1493 1484 1565 nihil
1508 1493 1606 1592 apud
1627 1499 1744 1565 Deum
1776 1520 1936 1584 mereor,
1964 1500 2025 1592 qui

451 1613 569 1685 cordis
584 1629 619 1684 et
637 1637 762 1686 renum
780 1615 951 1712 probator
974 1629 1044 1702 est,
1069 1629 1105 1684 et
1123 1617 1159 1684 in
1182 1614 1393 1685 abscondito
1415 1613 1524 1684 videt.
1552 1613 1723 1709 Religiosa
1749 1614 1821 1685 boc
1847 1619 2028 1712 tempore*
2067 1617 2072 1626 ’

447 1725 609 1827 judicor,
631 1733 667 1803 in
686 1757 758 1829 quo
772 1734 847 1828 jam
865 1757 974 1831 parva
991 1757 1072 1831 pars
1095 1731 1275 1830 religionis
1295 1757 1370 1804 non
1390 1747 1442 1803 est
1459 1731 1674 1829 hypocrisis3
1701 1731 1763 1802 ubi
1786 1731 1845 1804 ille
1867 1735 2027 1804 maximis

451 1852 649 1924 extollitur·
667 1854 846 1943 latmibue,
868 1852 929 1950 qui
950 1853 1150 1924 humanum
1174 1877 1248 1924 non
1272 1852 1422 1924 offendit
1436 1851 1622 1948 judicium.
1644 1855 1687 1922 Et
1704 1851 1775 1922 hoc
1795 1852 1948 1923 fortassis
1966 1853 2027 1923 ali-

451 1995 524 2065 quo
543 1970 652 2042 modo
670 1971 866 2060 laudabile,
884 1986 919 2042 et
937 1975 1013 2042 Deo
1034 1970 1249 2068 acceptabile
1263 1995 1411 2068 quoquo
1430 1969 1542 2040 modo
1556 1969 1708 2057 videtur,
1729 1971 1853 2067 siquis
1865 1969 2028 2042 videlicet

451 2091 633 2160 exterioris
651 2092 768 2187 operis
785 2090 947 2188 exeurplo
970 2113 1184 2186 quacunque
1202 2091 1399 2160 intentione
1419 2113 1493 2160 non
1513 2089 1557 2158 sit
1579 2089 1733 2160 ecclcsiae
1751 2089 1941 2176 scandalO,
1963 2113 2028 2160 nec

390 2284 393 2290 ,
448 2207 522 2300 jam
536 2233 600 2305 por
618 2209 732 2305 ipsum
752 2208 848 2305 apud
864 2205 1024 2278 infideles
1043 2231 1178 2278 nomen
1201 2208 1345 2278 Domini
1368 2206 1646 2304 blasphemetur,
1667 2231 1733 2278 nec
1753 2207 1850 2305 apud
1871 2208 2028 2278 carnales
2069 2189 2072 2197 Ι

451 2327 679 2422 professionis
692 2351 762 2396 snae
775 2326 867 2397 ordo
881 2325 1080 2397 infametur.
1100 2330 1213 2423 Atque
1225 2326 1296 2397 hoc
1314 2351 1458 2422 quoque
1473 2326 1686 2398 nonnullum
1701 2341 1755 2398 est
1770 2325 1899 2398 divinae
1912 2328 2028 2421 gratiae

452 2443 609 2534 donum,
631 2459 666 2514 et
685 2445 784 2539 cujus
803 2442 965 2514 videlicet
982 2468 1131 2514 munere
1151 2444 1266 2514 venit*
1282 2469 1355 2514 non
1375 2443 1494 2515 solum
1509 2443 1606 2515 bona
1628 2444 1764 2532 facere,
1792 2441 1854 2514 sed
1877 2444 1984 2514 etiam
2008 2466 2028 2512 a

453 2563 552 2632 malis
571 2563 759 2634 abstinere.
782 2562 853 2632 Sed
872 2562 998 2632 frustra
1020 2563 1116 2660 istud
1135 2563 1317 2660 praecedit,
1340 2563 1403 2634 ubi
1424 2562 1512 2634 illud
1533 2587 1606 2633 non
1630 2561 1807 2652 succedit,
1832 2564 1921 2634 sicut
1947 2563 2029 2632 scri·

452 2697 554 2778 ptum
568 2687 660 2753 est⁸2
680 2710 698 2748 a
710 2681 857 2752 Declina
870 2705 890 2751 a
905 2681 1018 2770 malo,
1036 2695 1072 2752 et
1084 2683 1139 2752 fac
1151 2681 1318 2752 bonum'.
1338 2709 1355 2747 u
1372 2685 1415 2752 Et
1432 2682 1560 2752 frustra
1579 2697 1767 2777 utrumque
1785 2683 1916 2776 geritur
1930 2682 2028 2776 quod

452 2823 574 2871 amore
586 2802 651 2870 Dei
666 2824 740 2870 non
750 2801 876 2895 agitur.¹
890 2803 929 2869 ln
945 2800 1047 2868 omni
1059 2816 1178 2870 antem
1195 2801 1312 2894 (Deus
1326 2800 1410 2893 scit)
1424 2801 1501 2872 vitae
1514 2825 1601 2872 meae
1614 2814 1723 2889 statu,
1741 2817 1775 2872 te
1789 2801 1898 2896 magis
1910 2801 2028 2872 adhuc

450 2918 631 2989 offendere
650 2941 758 3014 quam
777 2921 893 2988 Deum
916 2941 1065 2989 vereor:
1085 2917 1149 2988 tibi
1161 2915 1301 3016 placere
1320 2917 1471 3016 amplius
1493 2943 1602 3015 quam
1625 2919 1691 3016 ipsi
1713 2933 1856 3016 appeto.
1880 2923 1954 2988 Tua
1971 2943 2029 2990 me

451 3037 496 3110 ad
515 3037 694 3134 religionis
711 3037 871 3108 habitum
886 3036 1018 3130 jussi0,
1039 3061 1113 3106 nou
1127 3035 1248 3107 divina
1265 3037 1368 3108 traxit
1386 3037 1541 3108 dilectio.
1557 3035 1646 3109 Vide
1664 3063 1772 3134 quam
1786 3037 1978 3126 infelicem,
1995 3051 2030 3107 et

451 3159 619 3229 omnibus
648 3157 938 3228 miserabiliorem
968 3157 1096 3228 ducam
1126 3159 1252 3246 vitam,
1283 3159 1313 3227 si
1335 3172 1431 3228 tanta
1461 3157 1520 3228 hic
1546 3159 1673 3228 frustra
1704 3160 1859 3232 sustineo
1882 3175 1919 3232 et
1942 3158 2029 3230 nihil

451 3275 615 3346 habitura
633 3275 928 3346 remunerationis
947 3277 983 3344 in
1001 3274 1133 3345 futuro.
1150 3277 1221 3345 Diu
1236 3279 1300 3366 te⁷‚
1317 3275 1407 3346 sicut
1421 3275 1568 3364 mtrltos,
1589 3275 1766 3348 simulatio
1786 3301 1867 3350 mea
1888 3277 2025 3366 fefellit,

453 3409 495 3463 uc
512 3394 673 3490 religioni
694 3395 882 3491 deputares
900 3393 1115 3490 hypocrisim
1133 3420 1141 3462 ι
1158 3408 1193 3464 et
1206 3392 1287 3465 ideo
1302 3395 1432 3464 nostris
1447 3408 1480 3464 te
1498 3396 1652 3467 maxime
1671 3397 1929 3470 commendans
1952 3421 2029 3468 ore-

453 3512 627 3602 tionibus,
649 3512 748 3609 quod
761 3537 782 3582 a
795 3527 828 3583 te
845 3526 1014 3609 expecto,
1031 3536 1124 3582 ame
1140 3513 1309 3610 postulas.
1331 3512 1428 3600 Noli,
1448 3513 1618 3602 obsecro,
1639 3513 1685 3584 de
1703 3539 1761 3586 me
1778 3529 1876 3586 tante
1893 3541 2029 3612 praesu-

453 3655 569 3722 mere,
591 3657 637 3702 ne
658 3630 745 3702 mihi
762 3655 876 3702 cesses
894 3628 1033 3702 orando
1052 3629 1249 3702 subvenire.
1273 3630 1353 3702 Noli
1371 3633 1543 3704 aestimare
1561 3656 1706 3721 sanam,
1722 3657 1768 3705 ne
1787 3632 2030 3704 medicaminis

453 3750 639 3822 subtrahas
657 3751 815 3846 gratiam.
839 3749 918 3820 Noli
935 3773 1010 3820 non
1029 3763 1191 3846 egentem
1209 3749 1373 3838 credere,
1398 3773 1442 3821 ne
1461 3749 1602 3822 differas
1620 3751 1657 3822 in
1676 3754 1883 3824 necessitate
1899 3751 2030 3824 subve-

455 3871 543 3940 nire.
569 3869 647 3941 Noli
674 3869 912 3941 valetudinem
936 3884 1081 3966 putare,
1107 3871 1271 3966 ueprius
1291 3893 1478 3958 corruam,
1499 3893 1608 3964 quam
1633 3885 1806 3944 sustentes
1834 3872 2024 3944 labentem.

456 3987 572 4060 Multis
592 3987 674 4060 ficta
691 3989 745 4059 sui
762 3987 839 4058 laus
857 3989 997 4078 nocuit,
1018 4003 1054 4058 et
1072 3989 1275 4086 praesidium
1291 4013 1365 4085 quo
1384 3988 1613 4084 indigebant,
1634 3989 1789 4062 abstulit.
1815 3996 1882 4064 Per
1904 3991 2027 4062 lsaiam

454 4109 628 4178 Dominus
646 4108 816 4180 clamat⁸z
836 4135 853 4174 u
866 4107 1000 4205 Popule
1023 4129 1143 4198 meus,
1165 4109 1228 4204 qui
1247 4123 1281 4178 te
1299 4105 1501 4178 beatificent
1519 4107 1587 4206 ipsi
1604 4123 1639 4182 te
1656 4107 1857 4205 decipiunt,
1883 4125 1919 4180 et
1935 4110 2028 4180 nam

436 4205 794 4323 ⁸gressuumtuorum
808 4225 1019 4325 dissipant.»
1039 4231 1081 4298 Et
1097 4253 1161 4325 per
1180 4228 1442 4300 Ezechielem⁹:
1461 4259 1477 4297 a
1494 4233 1555 4300 Vae
1567 4253 1646 4326 quae
1656 4229 1843 4318 consuitis,
1861 4257 1878 4296 u
1898 4230 2025 4326 iuquit,

454 4377 472 4414 «
488 4327 651 4445 pulvillos
668 4345 735 4416 sub
753 4347 853 4416 omni
872 4345 993 4417 cubitu
1018 4369 1164 4436 manus,
1185 4361 1220 4418 et
1236 4345 1420 4418 cervicalia
1437 4346 1505 4420 sub
1528 4349 1642 4446 capite
1658 4349 1767 4420 aetatis
1790 4349 1960 4434 universae
1983 4348 2029 4420 ad

452 4465 679 4564 decipiendas
692 4467 865 4538 animas.»
879 4467 922 4536 Et
938 4480 1064 4537 contra
1075 4481 1194 4537 autem
1208 4490 1272 4564 per
1284 4465 1512 4538 Salomonem
1527 4467 1704 4538 dicitur¹⁰2
1722 4465 1870 4540 «Verba
1887 4467 2029 4564 sepien-

452 4601 529 4656 tum
542 4587 642 4682 quasi
661 4585 809 4674 stimuli,
827 4600 861 4656 et
874 4585 975 4681 quasi
992 4585 1082 4655 clavi
1102 4587 1141 4656 in
1157 4585 1268 4657 altum
1287 4583 1413 4674 defixi,
1430 4585 1682 4682 oui-tidelicet
1699 4585 1846 4658 vulnera
1868 4586 2030 4660 nesciunt

452 4706 614 4803 palpare,
635 4704 697 4776 sed
707 4727 881 4802 pungere.
901 4731 919 4770 a
934 4704 1105 4794 Quiesce,
1122 4703 1288 4792 obsecro,
1305 4702 1443 4776 alaude
1457 4709 1576 4793 mea¹¹,
1598 4729 1644 4775 oe
1665 4719 1805 4801 turpem
1817 4703 2028 4776 adulationis

455 4839 576 4895 notam
596 4837 630 4894 et
648 4823 824 4895 mendacii
837 4823 970 4895 crimen
985 4823 1164 4912 incurras,
1179 4837 1240 4894 aut
1257 4825 1286 4894 si
1305 4823 1404 4918 quod
1421 4824 1458 4892 in
1474 4847 1530 4894 me
1544 4825 1732 4921 suspicaris
1744 4823 1897 4912 bonum,
1913 4824 2027 4922 ipsum

488 5049 494 5074 ¹
516 5050 651 5110 conjiciam
668 5048 696 5098 G.
709 5047 762 5084 -·’
776 5049 853 5099 Corde
872 5047 921 5099 MS.
944 5049 1015 5100 hmb.
1029 5075 1057 5086 -
1077 5049 1086 5076 ¹
1105 5051 1220 5112 deaque·
1254 5049 1339 5096 nutu
1349 5045 1416 5098 Edit.
1427 5047 1497 5100 hmb.
1511 5073 1537 5084 ·-
1553 5046 1644 5107 ⁸1rat„
1657 5065 1711 5114 cop.
1724 5063 1764 5110 m,
1779 5064 1802 5098 r.
1814 5051 1854 5098 n.
1863 5045 1916 5086 ··-⁰
1927 5046 2028 5101 Erech„

454 5146 523 5182 ratur
548 5131 618 5182 uns.
638 5155 671 5172 -n
691 5131 702 5158 ⁸
724 5132 787 5182 stau
816 5131 887 5182 ttttS.
906 5158 925 5168 -
942 5135 1069 5182 traceam
1096 5131 1168 5184 llllS.
1193 5159 1221 5168 -
1255 5145 1416 5195 cap.xm,r.
1431 5131 1771 5198 18.-'⁰Ecclee.,eap.xu‚
1787 5147 1810 5182 t.
1829 5131 1941 5182 tt.-¹¹
1958 5131 2028 5182 &aaa

454 5217 463 5243 ⁵
476 5216 563 5267 Psalm.
577 5232 651 5266 xxxu
659 5254 665 5278 ,
681 5234 704 5267 r.
715 5217 754 5265 ²⁷.
769 5241 796 5251 -
809 5215 818 5242 ⁸
830 5217 900 5265 Boua
914 5215 1006 5264 C.-'
1018 5215 1118 5267 Sicci).
1130 5217 1224 5265 -St'cut
1256 5227 1336 5274 quero
1350 5231 1387 5264 me
1403 5219 1514 5266 tcttdr'ttn
1531 5221 1578 5268 trit
1598 5220 1633 5267 ad
1644 5227 1710 5266 aetra
1718 5218 1785 5279 sem
1796 5215 1865 5267 tnta
