4486 6100
472 619 572 692 aas.
628 610 677 672 .·
859 620 864 628 ·
991 573 1217 686 abscissas
1240 613 1534 690 raosnanrra

471 790 487 827 a
505 739 584 832 Nori
603 781 682 829 sum
696 754 871 854 propbeta
886 782 894 824 ι
909 755 1020 828 homo
1033 755 1186 854 agricola
1197 781 1262 853 ego
1276 783 1373 848 snm;
1393 761 1563 856 quoniam
1575 760 1687 832 Adam
1704 764 2030 862 exemplummeum

471 909 488 946 a
503 875 797 967 abadolescentia
810 898 902 946 mea.
920 903 938 941 n
953 879 997 946 Et
1009 875 1147 948 dicetur
1159 876 1191 948 ei
1209 903 1217 945 z
1237 906 1255 945 <‹
1273 881 1359 964 Quae
1377 894 1460 951 sunt
1473 879 1583 980 plagae
1596 881 1668 952 istae
1684 882 1721 952 iu
1736 881 1855 954 medio
1870 909 2031 960 manuum

472 1026 490 1066 «
506 995 670 1069 tuarum?
693 997 770 1065 »Et
788 994 882 1065 dicet
901 1021 908 1063 :
933 1023 950 1062 a
970 996 1032 1066 llis
1045 995 1204 1094 plagatus
1222 1020 1301 1068 sum
1320 997 1356 1068 in
1380 995 1490 1070 domo
1508 1023 1650 1089 eorum,
1672 1000 1734 1095 qui
1752 999 1948 1099 diligebant
1968 1031 2027 1078 me.

470 1146 488 1216 p
505 1123 650 1188 Fremea
675 1115 842 1186 suscitare
861 1139 968 1212 super
985 1129 1165 1214 pastorem
1183 1141 1321 1205 meum,
1344 1133 1379 1188 et
1396 1143 1502 1216 super
1533 1120 1649 1190 virum
1674 1120 1911 1194 cohaerentem
1934 1126 2028 1216 mibi,

471 1267 488 1304 a
506 1235 590 1307 dicit
606 1235 783 1307 Do'minus
793 1235 1023 1306 exercituum.
1039 1239 1186 1307 Percote
1200 1247 1392 1333 pastorem,
1417 1253 1452 1309 et
1469 1237 1715 1336 dispergentur
1733 1265 1829 1313 oves.
1850 1271 1867 1310 n

1075 1431 1210 1502 Solutt'o
1235 1431 1427 1504 Aboelardi.

512 1615 681 1703 Quamvis
697 1613 882 1686 Zacharias
907 1611 994 1684 illud
1017 1636 1084 1711 pro
1104 1595 1419 1711 pseudopropheta
1441 1612 1586 1703 dixerit,
1609 1617 1784 1707 Dominus
1805 1641 1892 1690 vero
1914 1644 1979 1717 pro
2001 1645 2032 1690 se
2125 1667 2131 1686 .

463 1740 541 1834 ipso
559 1734 753 1825 induxerit,
777 1749 896 1806 tamen
910 1732 980 1805 tale
998 1747 1050 1804 est
1068 1730 1156 1802 illud
1168 1732 1313 1802 Domini
1333 1732 1574 1804 testimonium
1592 1759 1635 1806 ex
1652 1735 1819 1806 Zacharia
1836 1753 2030 1834 sumptum,

423 1883 427 1892 ’
461 1854 561 1953 quod
580 1870 653 1926 tarn
677 1853 775 1926 bono
800 1853 953 1952 pastori,
980 1875 1088 1949 quam
1106 1850 1201 1922 malo
1224 1852 1424 1922 conveniat.
1451 1853 1531 1923 Sive
1549 1853 1645 1924 enim
1669 1853 1786 1924 bonus
1808 1867 1942 1951 pastor,
1970 1855 2032 1926 sive

460 1977 593 2066 malus,
612 1976 729 2073 aliqua
747 1974 957 2046 adversitate
970 1997 1175 2072 percussus,
1197 1995 1315 2044 acura
1330 1972 1389 2043 illa
1406 1969 1591 2069 pa'storali,
1609 1997 1719 2070 quam
1734 1991 1936 2074 acceperat,
1956 2001 2034 2073 pra·

462 2095 644 2194 pediatur3
666 2094 711 2166 ab
730 2094 806 2189 ejus
825 2092 995 2190 regimine
1015 2116 1114 2187 grex,
1136 2115 1243 2188 quem
1261 2089 1499 2179 adunaverat,
1520 2089 1744 2189 dispergitur,
1772 2108 1808 2164 et
1824 2094 2033 2190 disgregatus

462 2215 498 2285 in
520 2213 657 2286 diversa
680 2227 837 2310 vagatur,
860 2212 936 2282 sine
954 2224 1095 2309 pastore
1120 2223 1155 2280 et
1179 2207 1270 2280 duce
1292 2208 1413 2279 faetus.
1439 2211 1530 2296 Quia
1550 2234 1634 2307 ergo
1655 2212 1853 2306 persecutio
1879 2212 2034 2283 adversa·

462 2336 610 2423 riorum,
628 2333 750 2404 tamin
764 2317 863 2402 bono
877 2345 1037 2429 pastore,
1058 2352 1166 2428 quam
1180 2329 1217 2397 in
1236 2328 1330 2399 malo
1343 2327 1437 2398 hanc
1451 2327 1707 2426 dispersionem
1727 2332 1840 2428 gregis
1858 2345 2032 2428 operatur,

462 2480 535 2526 non
563 2451 793 2524 incommode
821 2451 1017 2540 Dominus,
1049 2447 1149 2545 quod
1171 2446 1379 2544 generaliter
1404 2447 1450 2519 de
1473 2447 1674 2546 pastoribus
1699 2448 1839 2539 dicitur,
1868 2449 1915 2521 ad
1941 2474 2033 2523 suam

341 2647 354 2674 ,
462 2576 568 2646 etiarn
582 2573 784 2672 passionem
801 2570 988 2670 applicuit3
1011 2583 1181 2666 tauquam
1201 2569 1228 2639 si
1242 2566 1375 2638 diceret
1395 2595 1403 2636 ι
1424 2568 1533 2654 Quod
1551 2568 1759 2664 generaliter
1777 2568 1823 2640 de
1838 2569 2034 2666 pastoribus

461 2718 586 2765 verum
599 2707 667 2782 est,
690 2691 761 2762 hoc
780 2691 885 2762 etiarn
903 2690 940 2760 in
957 2713 993 2760 se
1012 2686 1268 2785 complendum
1288 2711 1384 2776 esse,
1402 2702 1439 2758 et
1456 2689 1506 2758 sic
1521 2689 1628 2758 etiam
1641 2689 1678 2758 in
1697 2712 1735 2758 se
1753 2687 1932 2779 futurum,
1954 2691 2036 2760 sicut

460 2818 494 2885 in
514 2814 794 2912 pseudopastore
813 2811 926 2884 fuerat
938 2809 1146 2909 praedictum
1168 2837 1176 2878 ε
1201 2825 1240 2880 ut
1253 2809 1290 2880 in
1311 2808 1382 2880 hoc
1400 2810 1506 2880 etiam
1524 2833 1609 2880 eum
1626 2809 1754 2904 iniquis
1775 2811 1819 2880 sit
1837 2825 2033 2908 reputatus,

460 2931 559 3028 quod
577 2934 627 3004 eis
646 2933 751 3004 etiam
769 2933 806 3002 in
826 2931 896 3002 hoc
914 2929 1135 3003 assimilatus.

988 3155 1168 3203 PROBLEMA
1194 3152 1359 3200 HELotssffi
1385 3153 1504 3198 XXXIX.

508 3311 706 3396 Quaerimus
719 3311 825 3381 etiam
844 3309 1029 3407 quomodo
1052 3308 1140 3379 illud
1157 3308 1255 3404 quod
1269 3301 1315 3378 de
1330 3308 1410 3404 galli
1428 3322 1532 3378 cantu
1552 3309 1727 3378 Dominus
1744 3311 1847 3378 Petro
1862 3310 2035 3406 praedixit,

460 3445 532 3500 tam
558 3431 653 3500 varie
679 3430 849 3526 scriptum
873 3430 917 3498 sit
942 3427 987 3499 ab
1009 3427 1241 3524 evangelistis.
1267 3427 1449 3498 Matthaeus
1471 3428 1604 3526 quippe
1621 3429 1670 3498 ita
1691 3426 1852 3499 scribit¹:
1877 3458 1895 3495 a
1921 3431 1977 3500 ait
1993 3427 2039 3498 illi

459 3553 574 3620 lesus:
589 3577 606 3615 a
616 3552 727 3618 Amen
740 3547 822 3618 dico
830 3547 907 3639 tibi,
917 3548 999 3644 quia
1011 3547 1048 3617 in
1059 3546 1128 3617 bac
1136 3560 1244 3617 nocte
1254 3561 1446 3641 antequam
1455 3545 1565 3641 gallus
1573 3561 1702 3636 cantet,
1712 3560 1766 3617 ter
1779 3571 1836 3617 me
1845 3547 2007 3642 negabis.
2020 3575 2037 3611 a

458 3672 597 3740 Marcus
618 3692 723 3758 vero,
749 3668 811 3763 qui
829 3665 1060 3762 Evangelium
1081 3689 1185 3736 suum
1205 3666 1282 3762 ipso
1307 3669 1410 3735 Petro
1434 3664 1590 3748 dictante
1611 3664 1739 3736 dieitur
1762 3666 1965 3763 scripsisse,
1994 3665 2041 3735 sie

458 3789 548 3858 ait²:
575 3818 592 3854 «
619 3793 728 3858 Amen
748 3785 829 3858 dico
855 3786 937 3875 tibi,
963 3786 1046 3883 quia
1065 3783 1173 3855 bodie
1197 3785 1233 3853 in
1258 3797 1363 3854 nocte
1385 3782 1454 3854 bac
1477 3785 1683 3881 priusquam
1703 3783 1757 3854 bis
1782 3782 1894 3879 gallus
1912 3808 2040 3886 vocem

459 3908 609 3998 dederit,
625 3922 749 3979 terme
763 3932 800 3978 es
817 3921 1020 4004 negaturus.
1036 3935 1054 3974 u
1074 3910 1185 3977 Lucas
1204 3929 1290 3976 vero
1307 3906 1393 3974 ita³z
1418 3931 1435 3970 a
1452 3905 1541 3974 Dico
1560 3903 1637 3995 tibi,
1654 3908 1767 3995 Patre,
1789 3927 1863 3974 non
1881 3903 2043 3975 cantabit

456 4027 566 4100 hodie
578 4026 700 4124 gallus,
721 4025 839 4098 donec
857 4041 910 4096 ter
921 4023 1074 4122 abneges
1092 4048 1195 4096 nosse
1216 4048 1285 4094 me.
1310 4051 1327 4088 n
1349 4026 1503 4094 loannes
1517 4046 1601 4092 vero
1620 4023 1690 4092 sie*
1713 4056 1722 4092 s
1746 4050 1764 4090 a
1786 4027 1916 4110 Amen,
1933 4045 2042 4094 amen

457 4148 539 4220 dico
559 4147 642 4237 tibi,
664 4171 739 4217 non
756 4144 911 4216 cantabit
927 4143 1057 4242 gallus,
1078 4143 1195 4214 donec
1215 4159 1342 4212 terme
1361 4166 1479 4237 neges.
1505 4170 1522 4208 a
1540 4141 1636 4228 Quid
1652 4166 1737 4238 ergo
1756 4140 1823 4212 sibi
1846 4141 1923 4214 vult
1945 4157 2043 4214 tanta

457 4269 648 4340 verborum
667 4267 868 4356 diversitas,
895 4266 924 4336 si
945 4263 1053 4338 semel
1075 4288 1188 4334 unuin
1215 4287 1258 4334 ex
1284 4261 1340 4332 his
1358 4263 1534 4334 Dominus
1557 4266 1660 4334 Petro
1692 4262 1845 4333 dixerit?
1864 4263 1963 4348 Quid
1992 4276 2046 4332 est

456 4389 563 4458 etiam
578 4387 677 4484 quod
692 4386 777 4457 dicit
791 4389 952 4456 Marcus:
977 4413 994 4451 a
1012 4382 1127 4454 Hodie
1144 4383 1180 4453 in
1198 4395 1303 4452 nocte
1321 4380 1401 4469 bae,
1426 4408 1443 4446 n
1460 4405 1571 4476 quum
1589 4404 1814 4478 nequaquam
1830 4405 1900 4451 nox
1921 4381 1961 4450 in
1986 4379 2044 4452 die

457 4508 512 4597 sit,
530 4508 614 4578 etin
627 4520 733 4576 cantu
754 4503 834 4600 galli
850 4503 1027 4575 addiderit
1047 4531 1063 4569 a
1081 4502 1155 4590 bis,
1181 4529 1198 4567 »
1218 4500 1316 4597 quod
1336 4499 1450 4572 caeteri
1466 4499 1611 4570 tacent?

1069 4688 1203 4763 Solun'o
1228 4686 1420 4758 Aboelurdt'.

505 4856 735 4929 Consuetudo
756 4872 808 4930 est
830 4857 1034 4952 Scriptura,
1056 4853 1203 4924 nomine
1224 4853 1296 4923 diei
1312 4822 1442 4950 pariter
1465 4852 1560 4924 diem
1579 4867 1614 4923 et
1632 4865 1774 4922 noctem
1798 4847 2048 4946 comprehen-

456 4977 566 5050 dere:
585 4977 692 5048 veluti
705 5001 817 5075 quum
836 4974 1002 5060 dicimus,
1022 4975 1107 5071 quia
1126 4972 1184 5045 ille
1198 4972 1301 5064 visit,
1318 4971 1373 5043 vel
1391 4970 1482 5043 sedit
1495 4985 1548 5042 tot
1562 4971 1664 5042 annis
1689 4985 1724 5043 et
1743 4984 1796 5041 tot
1815 4968 1963 5060 diebus,
1986 4966 2046 5042 vel

490 5222 497 5249 ³
516 5221 613 5286 llatth„
623 5235 677 5286 cap.
694 5235 764 5284 xxn,
776 5236 800 5271 r.
814 5221 854 5271 tt.
867 5246 897 5259 -
908 5218 1014 5281 'llarc.‚
1024 5234 1080 5286 cap.
1093 5236 1144 5282 nr,
1155 5235 1180 5270 v.
1191 5219 1232 5269 30.
1244 5243 1274 5257 -
1285 5218 1296 5246 ⁸
1307 5217 1378 5280 buu,
1391 5231 1445 5283 cap.
1460 5231 1510 5266 uu
1521 5255 1526 5275 ‚
1539 5230 1562 5268 r.
1578 5216 1618 5265 tl.
1629 5242 1659 5252 -
1671 5214 1682 5242 ⁴
1693 5213 1776 5276 loen,
1787 5228 1840 5278 cap.
1855 5227 1911 5272 riu,
1921 5226 1950 5260 v.
1967 5211 2014 5258 38.
