4522 6104
456 599 529 670 724
1126 605 1361 678 seruulus.

455 740 544 836 apud
565 737 820 836 aurigniacum,
839 742 930 838 apud
946 745 1036 814 Ooce
1044 746 1066 832 ¹,
1085 759 1120 814 et
1135 741 1419 840 Malpigniacum,
1438 757 1473 813 et
1487 756 1641 812 sanctum
1658 739 1833 812 Flavitum.
1854 741 2032 838 Quidquid

454 861 585 930 habetis
612 861 702 958 apud
728 864 972 961 Merigniacum
995 865 1030 934 in
1048 864 1185 936 decimis
1204 881 1238 936 et
1253 864 1437 953 oblatione,
1453 877 1488 934 et
1505 863 1596 958 apud
1612 878 1789 959 utramque
1804 863 1978 934 eeclesiam
1993 866 2034 934 de

454 981 645 1075 Bocennay,
664 983 755 1078 apud
778 987 955 1073 Ferroum,
974 984 1064 1080 apud
1081 981 1265 1079 Capellam,
1284 1000 1318 1054 et
1342 981 1433 1078 apud
1456 981 1586 1073 Codes,
1605 981 1696 1079 apud
1719 981 1923 1072 Calestram,
1945 985 2032 1078 apnd

453 1098 636 1187 Maserial’,
652 1101 742 1196 apud
754 1103 940 1174 Bernerias.
961 1102 1138 1199 Quidquid
1155 1103 1255 1173 etiam
1273 1105 1391 1172 Petrus
1402 1099 1556 1172 sacerdos
1571 1100 1614 1171 de
1631 1102 1846 1197 l'arrigniaoo
1858 1101 1954 1172 vobis
1971 1102 2032 1172 do·

455 1217 547 1286 navit
566 1221 601 1287 in
618 1218 787 1310 domibus,
803 1222 922 1311 vineis,
941 1248 999 1293 seu
1013 1222 1097 1292 aliis.
1115 1225 1167 1292 De
1183 1222 1276 1292 dono
1295 1221 1434 1292 Henrioi
1450 1221 1652 1292 Senonensis
1668 1221 1926 1319 archiepiscopi,
1944 1219 2033 1291 deci·

454 1359 542 1406 marn
563 1339 606 1408 de
626 1341 792 1436 Lisignis,
814 1359 847 1413 et
865 1360 995 1438 partem
1019 1343 1156 1414 deeimae
1173 1341 1215 1411 de
1238 1341 1482 1436 Cuohermeyo.
1511 1345 1601 1412 Loca
1617 1365 1698 1412 vero
1724 1341 1766 1411 de
1791 1339 1982 1437 Triagnello
2000 1357 2033 1410 et

454 1457 624 1548 Pomaria,
645 1462 927 1555 quemadmodum
942 1463 1036 1534 vobis
1053 1459 1299 1533 rationabiliter
1313 1487 1468 1532 concessa
1487 1478 1580 1550 sunt,
1600 1486 1677 1533 cum
1693 1461 1857 1532 universis
1871 1462 2032 1558 appendi·

453 1576 513 1646 ciis
539 1579 607 1650 suis
626 1585 825 1652 auctoritate
844 1583 938 1654 vobis
963 1581 1146 1680 apostolica
1165 1581 1424 1670 confirmamus,
1445 1596 1480 1653 et
1500 1583 1534 1651 in
1549 1597 1658 1652 vestra
1673 1582 1879 1676 subjectione
1897 1605 2031 1651 manere

452 1691 675 1788 decernimus,
687 1701 782 1794 juxta
790 1700 944 1772 videlicet
956 1701 1211 1797 dispositionem
1224 1698 1457 1770 Paraclitensis
1473 1699 1648 1770 abbatissa
1662 1724 1865 1794 strammque
1876 1721 2031 1769 soronam

452 1814 619 1904 priorissa
636 1833 826 1890 statuantur
838 1837 872 1890 et
888 1836 1072 1892 mutentur.
1099 1819 1319 1890 Decernimus
1331 1834 1443 1888 autem
1461 1843 1504 1888 ne
1525 1833 1665 1912 propter
1681 1819 1969 1888 consecrationem
1983 1815 2031 1886 vel

451 1931 721 2010 benedictionem
739 1941 990 2036 percipiendam
1007 1943 1049 2012 de
1066 1941 1270 2012 monasterio
1286 1941 1376 2010 exire
1393 1939 1579 2036 cogamini,
1596 1963 1658 2009 nee
1673 1963 1738 2034 pro
1754 1935 1918 2009 electione
1934 1937 2032 2007 abba·

451 2053 556 2143 tissae,
577 2058 717 2129 aut-alia
742 2061 891 2156 qualibet
912 2064 1086 2133 occasione
1106 2062 1284 2157 episeopus
1303 2058 1355 2130 vel
1377 2056 1462 2130 alius
1480 2082 1659 2154 gravamen
1671 2056 1766 2127 vobis
1781 2055 1832 2126 vel
1846 2055 2031 2127 molestiam

452 2174 585 2247 inferat.
609 2181 662 2250 De
682 2179 854 2252 laboribus
872 2185 971 2253 etiam
984 2184 1099 2252 vestris
1116 2207 1174 2252 seu
1190 2178 1390 2251 annualibus
1401 2177 1518 2248 nullus
1531 2204 1552 2249 a
1563 2179 1659 2249 vobis
1677 2175 1822 2247 decimas
1837 2179 1960 2272 exigat.
1981 2178 2031 2248 Ad

451 2293 614 2368 indicium
631 2301 743 2394 itaque
761 2319 927 2398 perceptae
944 2304 1042 2396 hujus
1056 2327 1074 2371 a
1093 2325 1231 2372 romana
1246 2298 1392 2370 Ecclesia
1409 2298 1594 2387 libertatis,
1614 2323 1719 2368 unum
1738 2295 1877 2367 obolum
1894 2321 2029 2369 aureum

452 2414 590 2510 singulis
605 2421 703 2490 annis
722 2422 819 2492 uobis
838 2423 1026 2516 nostrisque
1047 2420 1290 2492 successoribus
1308 2415 1515 2514 persolvetis.
1537 2414 1628 2486 Nulli
1645 2441 1725 2512 ergo
1744 2417 1922 2486 hominum
1939 2415 2032 2487 liceat

452 2533 629 2626 praelatum
647 2542 885 2610 monasterium
903 2556 1028 2610 temere
1040 2539 1254 2636 perturbare,
1269 2553 1328 2608 aut
1346 2538 1417 2632 ejus
1430 2537 1653 2631 possessiones
1670 2534 1821 2623 auferre,
1836 2532 1888 2604 vel
1905 2533 2032 2605 ablatas

452 2652 615 2742 rotinere,
638 2657 805 2746 minuere,
824 2673 882 2728 aut
903 2657 1070 2754 aliquibus
1083 2657 1243 2728 molestiis
1262 2657 1418 2752 latigare3
1440 2653 1498 2726 scd
1514 2656 1629 2725 omnia
1645 2654 1778 2749 integra
1792 2671 2031 2726 conserventur

452 2797 586 2864 carum;
605 2802 669 2872 pro
685 2803 829 2872 quarum
845 2779 1111 2850 substentatione
1128 2793 1163 2848 et
1176 2777 1420 2874 gubernatione
1433 2800 1588 2847 concessa
1599 2789 1691 2864 sunt,
1706 2775 1821 2845 usibus
1839 2776 2026 2870 profutura.

454 2891 551 2964 Salva
572 2895 659 2966 sedis
676 2895 865 2992 apostolica
882 2898 1091 2968 auctoritate.
1114 2896 1150 2965 si
1171 2921 1237 2990 qua
1263 2896 1379 2990 igitur,
1406 2909 1471 2965 etc.
1498 2892 1554 2991 [ut
1574 2897 1613 2964 t'n
1629 2897 1653 2963 Ι
1671 2895 1872 2965 iunocentii
1886 2893 2027 2991 Epire}

452 3011 578 3081 Datum
591 3011 779 3103 Catalauni,
798 3039 860 3109 per
876 3040 1012 3085 manum
1030 3013 1197 3085 Guidonis
1209 3027 1329 3084 sanctae
1348 3011 1519 3108 religionis
1535 3009 1691 3082 Ecclesia
1707 3010 1841 3082 diaconi
1856 3009 2031 3082 cardinalis

453 3143 487 3196 et
500 3129 707 3221 cancellarii,
722 3131 785 3202 cal.
808 3134 1014 3222 novembris,
1035 3131 1107 3202 ind.
1124 3158 1180 3220 xi,
1201 3131 1640 3204 incarnationisDominicae
1654 3154 1745 3200 anno
1757 3154 1932 3220 ucxnvn,
1948 3155 2030 3224 pon·

456 3245 598 3317 tificatus
616 3273 696 3318 vero
712 3249 842 3320 domini
856 3252 998 3348 Eugenii
1016 3253 1066 3319 111
1081 3275 1176 3345 papae
1188 3275 1278 3324 anno
1294 3274 1351 3322 111.

1213 3481 1278 3548 VL·

500 3665 693 3734 Anastasius
708 3663 903 3758 episcopus,
926 3689 1039 3734 servus
1057 3689 1230 3734 servorum
1250 3661 1335 3752 Dei,
1358 3657 1487 3734 dilectis
1512 3663 1546 3731 in
1570 3663 1707 3733 Christo
1724 3661 1857 3734 filiabus
1870 3663 2029 3735 Heloissae

451 3781 636 3869 abbatissa,
649 3786 843 3878 caeterisque
852 3784 1024 3854 sororibus
1041 3785 1075 3854 in
1091 3785 1240 3854 oratorio
1253 3783 1366 3854 Sancti
1378 3783 1536 3877 Spiritus,
1556 3781 1647 3877 quod
1662 3783 1699 3851 in
1712 3806 1798 3878 pago
1814 3785 1985 3872 Trecensi,
1996 3787 2029 3853 in

452 3899 629 3992 parrochia
641 3901 798 3990 Quinceii
810 3928 911 3996 supra
923 3902 1062 3973 fluvium
1080 3903 1295 3973 Arduconem
1310 3903 1410 3972 situm
1427 3916 1494 3988 est,
1509 3900 1625 3969 divino
1642 3898 1814 3970 famulatui
1833 3903 2031 3997 mancipatis

451 4034 518 4087 tam
530 4021 748 4112 praesentibus
759 4047 860 4117 quam
875 4017 1008 4110 futuris,
1025 4037 1090 4091 etc.
1104 4017 1158 4118 [ut
1171 4024 1209 4092 t'u
1214 4018 1434 4117 praecedenti
1443 4021 1596 4117 Eugenii
1606 4017 1749 4116 Epist}
1764 4021 1814 4088 Ex
1829 4019 1923 4089 dono
1940 4023 2028 4090 Gau·

450 4140 526 4207 terii
540 4140 718 4234 Rungifer,
732 4156 878 4235 quatuor
887 4165 1055 4233 arpennos
1067 4140 1153 4232 prati
1164 4155 1198 4209 et
1207 4154 1353 4234 quatuor
1366 4162 1534 4231 arpennos
1546 4153 1656 4226 terrae,
1670 4136 1891 4233 quadraginta
1905 4138 2029 4208 solidos

451 4281 568 4326 census
586 4273 619 4326 et
635 4282 784 4345 corveas,
804 4273 868 4326 etc.
894 4261 922 4326 Α
943 4256 1131 4327 Godesrido
1154 4258 1355 4346 monetario,
1378 4257 1493 4326 decem
1516 4249 1640 4326 solidos
1660 4281 1795 4343 census,
1817 4280 1837 4324 a
1854 4254 2030 4326 Fulcherio'

451 4379 664 4465 Pentecoste,
686 4393 720 4447 et
741 4377 901 4472 quicquid
920 4377 1065 4447 habebat
1090 4377 1124 4446 in
1146 4377 1247 4446 furno
1264 4375 1379 4446 alodii.
1400 4376 1652 4470 Quinquaginta
1668 4373 1791 4444 solidos
1808 4375 2030 4446 censusade·

452 4496 568 4564 functo
587 4496 757 4590 Stephano
775 4497 899 4566 vicario
920 4512 953 4566 et
976 4495 1110 4565 Andrea
1134 4511 1256 4590 nepote
1274 4520 1347 4565 suo.
1373 4495 1534 4589 Quinque
1553 4492 1678 4562 solidos
1703 4517 1819 4564 census
1839 4493 2031 4565 adefuncta

451 4615 553 4684 Aalis.
575 4617 700 4685 Decem
724 4614 846 4684 solidos
869 4640 986 4686 census
1006 4639 1025 4685 a
1042 4618 1142 4684 Petro
1157 4614 1200 4683 de
1214 4617 1328 4684 Porta.
1348 4612 1518 4708 Quicquid
1531 4612 1660 4682 habetis
1674 4607 1764 4706 apud
1781 4609 1986 4682 Sulimatum
1999 4630 2032 4684 et

452 4734 542 4828 apud
559 4737 713 4804 Pontem.
735 4733 787 4803 Ab
805 4757 910 4805 uxore
929 4733 1092 4804 Gualterii
1109 4732 1151 4802 de
1165 4730 1364 4820 Fontineto,
1389 4732 1506 4827 viginti
1524 4728 1648 4800 solidos
1664 4755 1781 4801 census
1798 4731 1833 4799 in
1847 4733 1947 4801 terris
1966 4735 2033 4802 Co·

454 4855 554 4924 rileti.
580 4842 668 4928 Loca
695 4879 775 4924 vero
800 4853 843 4923 de
867 4853 1078 4951 Triagnello,
1109 4870 1142 4923 et
1167 4849 1348 4942 Pomario,
1377 4868 1410 4921 et
1438 4849 1608 4940 leavalle,
1632 4850 1918 4945 quemadmodum
1937 4854 2033 4924 vobis

425 4997 428 5004 ⁴
455 4973 698 5043 rationabiliter
707 4998 861 5044 concessa
874 4989 965 5066 sunt,
975 4990 1039 5044 etc.
1057 4976 1182 5045 Datum
1192 4969 1363 5061 laterani,
1376 4995 1438 5065 per
1446 4994 1581 5041 manum
1593 4965 1738 5040 Rolaudi
1752 4985 1873 5039 sancta
1884 4993 2033 5040 romana

490 5185 497 5212 ¹
516 5185 575 5234 Osse
588 5193 612 5233 et
622 5181 760 5249 Haupigny.
768 5209 801 5226 -ι
811 5183 822 5213 ¹
833 5175 948 5250 Halerej.
