4510 6108
395 599 466 672 ars
993 595 1121 672 rann
1147 593 1383 702 arentum

393 752 507 809 matre
522 736 715 809 Salvatoris
730 735 1002 825 commendata,
1017 735 1124 833 quasi
1138 734 1240 806 lateri
1260 732 1390 805 Christi
1406 733 1508 830 quasi
1528 733 1617 805 alter
1637 732 1796 805 Christus
1812 732 1904 806 filius
1919 739 1938 774 Ρ
1944 735 1976 807 ei

393 880 414 927 a
429 857 588 928 Domino
607 856 802 955 deputatus
814 871 885 945 est,
905 869 945 926 ut
961 854 1037 952 ejus
1049 854 1205 952 gaudiis,
1219 854 1295 951 ejus
1311 853 1499 950 colloquiis
1515 853 1656 958 assidue
1673 854 1862 945 frueretur,
1873 857 1906 926 ei
1920 879 1974 927 se·

393 975 511 1049 dulius
527 977 702 1075 usquead
722 978 855 1052 exitum
871 976 1090 1048 ministraret
1105 975 1183 1072 ejus
1201 974 1454 1074 corpusculum
1469 973 1738 1049 immaculatum
1759 974 1926 1070 virgineis
1941 991 1976 1047 et

392 1097 495 1194 quasi
511 1098 676 1194 angelicis
702 1096 868 1170 manibus
884 1096 1073 1194 sepulturae
1089 1109 1320 1194 praepararet,
1340 1107 1375 1166 et
1390 1109 1629 1194 praeparatum
1647 1096 1684 1166 in
1700 1095 1865 1194 sepulcro
1880 1120 1976 1167 com·

392 1232 561 1315 poneret3
580 1217 705 1290 beatos
730 1216 809 1289 illos
833 1216 958 1288 oculos
984 1214 1182 1305 clauderet,
1206 1213 1404 1312 angelicam
1423 1214 1522 1287 illam
1536 1215 1664 1287 faciem
1680 1229 1833 1313 aptaret,
1852 1230 1974 1286 ettam

393 1337 560 1410 manibus
570 1361 680 1435 quam
691 1337 826 1408 caeteris
842 1335 1012 1408 membris
1024 1335 1155 1411 devote
1168 1335 1376 1437 compositis
1386 1333 1496 1408 officii
1506 1336 1561 1406 sui
1572 1333 1803 1408 devotionem
1811 1335 1975 1407 sacerdos

393 1484 544 1556 magnus
560 1474 840 1538 consummaret.
860 1459 968 1556 Cujus
983 1459 1214 1534 sanctissima
1229 1458 1464 1558 postmodum
1479 1458 1559 1532 vitae
1574 1473 1682 1558 atque
1697 1457 1975 1534 immarcessibili

393 1575 577 1651 carni'nec
592 1603 713 1654 rosam
733 1579 911 1676 martyrii,
934 1579 1026 1652 sieut
1047 1601 1115 1652 nec
1135 1577 1249 1653 lilium
1267 1576 1478 1676 virginitatis
1498 1591 1636 1650 certum
1655 1592 1709 1652 est
1728 1575 1904 1665 defuisse,
1920 1600 1974 1650 se·

333 1763 335 1768 .
394 1699 535 1797 quenti,
551 1713 591 1770 ut
606 1700 780 1798 scriptum
795 1713 861 1787 est,
881 1721 1027 1794 agnum,
1046 1722 1263 1796 quocunque
1276 1698 1369 1770 ierit.
1386 1697 1451 1768 Hic
1467 1697 1601 1796 quippe
1616 1709 1652 1770 et
1671 1696 1708 1767 in
1725 1695 1893 1768 ferventis
1908 1693 1976 1766 olei

395 1819 533 1891 dolium
550 1819 695 1910 missus,
714 1833 750 1892 et
771 1820 808 1892 in
825 1818 929 1892 exilio
951 1817 1092 1892 diutino
1117 1817 1311 1916 relegatus,
1332 1815 1421 1891 illud
1441 1816 1644 1890 constantia
1658 1815 1787 1886 mentis
1802 1814 1973 1916 implerit,

395 1937 495 2034 quud
511 1939 557 2010 de
574 1937 682 2012 calice
699 1938 888 2012 dominicae
904 1938 1080 2036 passionis
1094 1935 1256 2012 bibendo
1274 1925 1452 2012 Dominus
1466 1950 1571 2010 antea
1586 1949 1661 2008 tam
1673 1934 1740 2032 ipsi
1755 1957 1866 2032 quam
1881 1933 1976 2010 fratri

395 2058 469 2154 ejus
490 2057 686 2156 praedicens
702 2061 737 2128 ¹:
761 2055 974 2149 «Calicem,
999 2086 1018 2126 n
1042 2058 1177 2155 inquit,
1203 2086 1221 2125 u
1241 2082 1364 2132 meum
1383 2055 1526 2131 bibetis.
1553 2083 1571 2123 u
1599 2057 1707 2152 Cujus
1726 2079 1873 2156 quoque
1896 2079 1978 2128 con·

395 2179 525 2252 stantia
546 2192 582 2251 et
608 2177 858 2276 insuperabilis
878 2179 1006 2262 caritas
1031 2178 1184 2250 maxime
1205 2177 1301 2252 circa
1325 2200 1470 2252 crucem
1494 2174 1648 2274 probata
1668 2190 1744 2266 est,
1767 2199 1882 2271 quum
1905 2175 1978 2274 ipse

395 2296 492 2375 solus
509 2295 681 2395 apostolis.
695 2297 863 2398 dispersis
878 2321 944 2396 per
959 2295 1079 2392 lugam
1094 2296 1193 2368 cruci
1209 2297 1387 2370 assisteret
1401 2293 1615 2394 intrepidus,
1630 2284 1764 2368 etcum
1775 2309 1889 2368 matre
1904 2297 1977 2369 Do-

394 2419 483 2492 miui
499 2415 668 2490 crucifixo
688 2417 846 2488 Domino
862 2427 1140 2514 compateretur.
1164 2417 1216 2488 Ex
1233 2438 1306 2512 qua
1321 2412 1480 2514 denique
1493 2415 1760 2514 perseverantia
1772 2415 1980 2489 constantia

393 2537 612 2636 stipendium
636 2533 724 2608 illud
745 2533 845 2634 quod
865 2533 1020 2611 diximus
1043 2533 1222 2632 singulare
1248 2533 1295 2610 de
1314 2532 1632 2610 commendatione
1647 2537 1770 2610 matris
1785 2560 1807 2609 a
1822 2537 1978 2611 Domino

394 2658 524 2730 meruit
539 2657 730 2758 suscipere.
742 2658 775 2728 0
787 2654 934 2730 beatum
950 2651 1225 2730 commercium!
1240 2678 1264 2727 o
1274 2655 1510 2731 commutatio
1521 2653 1827 2754 incomparabilis!
1843 2655 1981 2730 Abstra·

393 2792 470 2848 ctus
486 2801 508 2852 a
524 2776 656 2876 nuptiis
672 2775 773 2872 virgo
787 2789 853 2865 est,
871 2789 908 2850 et
923 2773 970 2852 ab
986 2798 1097 2849 uxore
1104 2772 1259 2876 divisus,
1278 2788 1346 2848 eta
1361 2771 1456 2848 lecto
1472 2775 1769 2876 concupiscentiae
1780 2790 1978 2874 sequestra·

391 2911 465 2984 tus,
485 2908 526 2967 ut
551 2893 798 2970 immaculatus
819 2891 1088 2972 immaculatam
1103 2893 1299 2992 susciperet
1315 2893 1462 2966 Domini
1481 2907 1655 2983 matrem,
1671 2891 1765 2968 filius
1781 2893 1979 2966 efficeretur

393 3017 555 3113 virginis,
574 3030 610 3089 et
633 3013 799 3114 spiritalis
821 3013 929 3092 irater
955 3014 1105 3106 Christi,
1131 3015 1251 3114 potius
1275 3038 1387 3112 quam
1409 3014 1558 3090 maritus
1578 3015 1710 3092 uxoris.
1734 3015 1802 3086 Cui
1817 3015 1980 3114 prolecto

393 3151 467 3210 tam
483 3137 522 3210 in
538 3135 610 3210 hoc
626 3160 735 3235 quam
756 3137 794 3208 in
816 3135 950 3210 ceteris
966 3133 1129 3208 Christus
1146 3149 1320 3234 quautam
1333 3136 1500 3234 semper⁸
1516 3133 1716 3210 exhibuerit
1730 3133 1978 3226 dilectionem,

392 3256 513 3330 multis
538 3257 768 3333 manifestum
788 3269 841 3328 est
867 3254 1020 3332 indiciis.
1048 3254 1122 3328 Soli
1149 3256 1283 3356 quippe
1303 3254 1372 3358 ipsi
1399 3279 1610 3330 concessum
1635 3269 1689 3328 est
1718 3279 1829 3354 supra
1856 3269 1982 3352 pectus

392 3377 540 3450 Domini
555 3378 593 3447 in
611 3400 714 3449 coena
733 3375 960 3465 recumbere,
983 3391 1020 3451 et
1040 3391 1215 3474 tanquam
1236 3375 1462 3474 impavidum
1481 3391 1517 3450 et
1540 3373 1612 3448 fide
1632 3389 1860 3448 constantem
1880 3375 1979 3472 quie-

392 3520 490 3567 scere
510 3498 548 3567 in
564 3495 626 3566 illo
648 3496 868 3566 imminentis
883 3496 1060 3592 passionis
1077 3495 1246 3581 articulo,
1265 3495 1328 3568 ubi
1339 3495 1416 3592 jam
1432 3495 1597 3569 omnium
1611 3493 1723 3567 corda
1740 3493 1977 3586 fluctuabant,

396 3631 433 3687 ut
442 3615 528 3688 hinc
539 3619 685 3714 quoque
696 3615 898 3688 constantia
913 3615 988 3710 ejus
1002 3614 1232 3716 probaretur,
1243 3616 1334 3688 sicut
1343 3619 1486 3697 etlonae
1498 3613 1712 3715 prophetae‘,
1727 3616 1790 3713 qui
1805 3615 1852 3688 de
1862 3616 1979 3688 immi·

395 3751 503 3808 nente
512 3733 825 3834 periculo,caeteris
835 3733 1240 3834 desperatis,securusin
1251 3737 1430 3811 sentinam
1438 3732 1981 3840 utdormiretdeseendit.Quod

394 3853 541 3954 quidem
553 3854 735 3957 apostolus
751 3879 980 3954 nequaquam
995 3870 1245 3956 presumeret,
1265 3857 1333 3931 nisi
1350 3855 1395 3931 de
1411 3856 1523 3930 mira⁸
1537 3857 1613 3953 ejus
1622 3853 1860 3928 familiaritate
1873 3854 1982 3928 conli-

394 3977 507 4066 deret,
520 3977 607 4050 utin
617 3977 692 4074 ejus
708 3978 844 4076 gremio
862 3991 1033 4076 tauquam
1043 3979 1080 4049 in
1090 3992 1204 4052 stratu
1215 3976 1350 4074 aliquo,
1362 3991 1399 4049 et
1412 3978 1450 4050 in
1466 3977 1542 4074 ejus
1556 3991 1703 4078 pectore
1711 3975 1816 4074 quasi
1822 3975 1862 4046 in
1872 3973 1983 4074 pulvi·

394 4097 471 4168 nari
487 4095 647 4194 quodam
662 4121 739 4170 sese
754 4095 954 4170 reclinaret.
971 4101 1025 4169 De
1041 4123 1114 4195 quo
1124 4097 1272 4195 quidem
1287 4111 1447 4198 pectore,
1459 4094 1535 4186 ubi,
1547 4096 1639 4170 sicut
1647 4095 1776 4170 Pardus
1787 4095 1978 4182 meminit',
2085 4110 2096 4129 ·

392 4239 518 4288 omnes
525 4217 705 4316 sapientiae
714 4230 751 4290 et
759 4214 1404 4306 scientiaethesaurierantabsconditi,
1412 4213 1982 4314 tluentaEvangcliicaeterisaltius

392 4333 578 4406 exhaurire
594 4335 725 4408 meruit
741 4363 752 4406 ι
769 4347 810 4407 ut
827 4334 906 4434 plus
923 4359 965 4408 ex
980 4335 1049 4409 hac
1065 4335 1168 4432 quasi
1183 4335 1402 4419 dornritioue
1417 4357 1482 4408 sua
1497 4334 1697 4436 perciperet
1712 4331 1977 4420 recumbendo,

315 4477 318 4484 ·
391 4479 500 4556 quam
512 4457 629 4528 caeteri
638 4455 817 4556 prolixum
834 4455 936 4528 illum
955 4481 1065 4532 coenae
1081 4481 1287 4532 sermonem
1300 4454 1495 4531 audiendo.
1515 4454 1619 4536 Unde
1633 4469 1668 4528 et
1681 4451 1728 4528 ab
1743 4454 1822 4552 ipso
1839 4469 1982 4534 tantum

391 4601 509 4650 sermo
521 4577 580 4648 ille
589 4575 824 4676 postmodum
833 4591 887 4649 est
902 4577 1118 4676 descriptus,
1132 4579 1233 4674 cujus
1250 4576 1467 4678 spiritalibus
1482 4575 1629 4656 auribus
1643 4599 1708 4675 per
1723 4574 1982 4648 revelationem

392 4695 544 4795 amplius
562 4697 675 4769 suerat
691 4697 896 4798 impressus.
916 4677 1024 4794 Cujus
1039 4697 1149 4772 etiam
1165 4699 1245 4770 vitae
1260 4694 1451 4796 longitudo
1467 4720 1580 4794 usque
1597 4693 1644 4770 ad
1659 4695 1799 4772 senium
1814 4708 1982 4794 porrecta

392 4830 555 4909 patenter
581 4815 716 4887 indicat
740 4841 850 4913 quarn
875 4818 1114 4890 necessarium
1139 4807 1316 4892 Dominus
1343 4815 1389 4898 ad
1414 4815 1686 4892 instructionem
1715 4814 1880 4886 Ecclesiae
1908 4837 1983 4887 suae

346 5143 358 5169 Ι
429 5103 499 5156 ‘Sic
518 5105 580 5156 Cod.
604 5106 869 5170 Bina-Quasnam·
888 5113 1016 5162 curtat...
1034 5115 1102 5171 filius
1119 5111 1165 5162 de·
1204 5110 1499 5176 Eine-Seniano&
1513 5110 1560 5162 Ed.
1582 5106 1725 5162 inab-⁴
1743 5109 1813 5160 tona
1832 5121 1931 5170 cal’·¹¹·
1948 5129 1982 5142 ··

394 5198 449 5238 nunt
469 5189 493 5238 in
514 5187 572 5238 edit.
593 5189 710 5241 amb—¹
721 5191 817 5252 lintri..
830 5208 885 5260 cap.
899 5211 947 5256 rx,
958 5209 980 5244 r.
993 5197 1035 5246 93.
1049 5222 1072 5233 -
1086 5195 1097 5222 ⁸
1112 5193 1162 5246 llS.
1206 5193 1276 5246 ⁸D8.
1291 5196 1359 5256 Eius.
1369 5221 1386 5234 ··
1396 5197 1476 5248 Nimia
1487 5193 1609 5248 munh.
1620 5218 1653 5255 ‚—
1664 5192 1674 5222 ⁸
1687 5194 1789 5251 Goion„
1801 5205 1858 5256 cap.
1871 5205 1901 5251 u,
1914 5205 1937 5238 r.
1953 5193 1982 5252 3.
