4496 6102
728 668 771 740 ΙΝ
796 666 955 738 NtTttt
979 667 1135 742 DOMlNl
1162 667 1322 739 SERMO.
1747 663 1818 736 369

236 805 420 877 sedentem
431 807 468 876 ia
482 806 637 878 tenebris
645 823 680 879 et
690 807 815 880 umbra
829 809 952 879 mortis
965 834 1048 880 vera
1062 834 1132 880 suae
1148 809 1235 882 lucis
1251 807 1407 880 claritate
1422 805 1597 878 mundum
1612 805 1817 897 illustraret,

237 941 274 996 et
287 949 357 1021 qua
371 925 568 998 rediremus
586 926 631 1000 ad
649 929 799 1026 patriam
819 929 893 1026 ipse
908 927 1011 1000 nobis
1028 929 1121 1000 viam
1136 927 1357 1018 ostenderet,
1373 942 1407 1000 et
1419 926 1619 998 facultatem
1632 925 1816 1025 praeberet,

238 1061 274 1116 et
289 1045 449 1117 auditum
465 1045 688 1145 patefaceret.
705 1049 883 1145 Denique¹
898 1073 964 1120 nec
982 1051 1094 1148 ipsam
1109 1049 1238 1121 Christi
1251 1047 1509 1146 genealogiam,
1524 1071 1633 1144 quam
1647 1058 1835 1119 enarran-'

238 1162 321 1235 dam
340 1183 571 1266 susceperunt
592 1168 830 1266 evangelistae,
852 1193 964 1266 usque
978 1168 1023 1240 ad
1038 1183 1188 1242 matrem
1201 1171 1310 1268 ipsius
1327 1181 1533 1258 texuerunt,
1554 1167 1617 1238 sed
1640 1168 1759 1265 potius
1774 1167 1822 1238 ad

238 1284 369 1382 loseph
394 1310 567 1384 sponsum
593 1289 668 1383 ejus
693 1287 936 1386 perduxerunt
952 1317 960 1357 ι
978 1289 1166 1361 innuentes
1178 1289 1325 1386 quidem
1345 1288 1446 1377 huic,
1469 1312 1544 1359 non
1569 1301 1687 1358 tamen
1708 1288 1823 1385 expri-

239 1416 397 1495 mentes,
419 1407 566 1477 Mariam
580 1432 725 1505 quoque
742 1407 787 1479 de
805 1409 914 1506 stirpe
930 1407 1045 1479 David
1066 1407 1285 1508 praecedere;
1301 1434 1414 1507 quum
1436 1407 1589 1479 celerant
1601 1431 1680 1479 eam
1703 1432 1823 1478 secuu-

239 1521 325 1594 dum
339 1521 452 1620 legem
470 1525 661 1598 contribuli
675 1551 740 1598 suo
751 1526 1001 1625 desponsatam
1015 1529 1137 1620 fuisse,
1156 1543 1324 1626 tanquam
1338 1529 1374 1600 in
1387 1528 1455 1600 hac
1468 1551 1613 1626 quoque
1627 1552 1690 1600 sua
1704 1551 1822 1598 narra·

240 1643 337 1714 tione
362 1641 451 1715 illud
472 1645 716 1744 supradictum
741 1645 963 1720 attendentes
988 1649 1281 1747 propheticum’:
1301 1678 1318 1716 u
1335 1649 1612 1720 Generatiouem
1642 1647 1718 1742 ejus
1743 1647 1823 1743 quis

238 1762 438 1834 enarrabit?
453 1792 471 1832 n
491 1769 641 1837 Narrant
659 1768 792 1865 quippe
812 1782 1021 1864 utrumque,
1038 1768 1101 1840 sed
1120 1793 1195 1841 non
1214 1785 1401 1860 enarrant,
1421 1785 1456 1841 et
1475 1794 1550 1840 rem
1571 1781 1739 1864 tangunt,
1759 1766 1822 1837 sed

238 1905 311 1952 non
334 1884 558 1980 pertingunt,
579 1887 663 1983 quia
685 1887 801 1958 Mariae
820 1889 1002 1986 proximos
1023 1903 1187 1986 parentes
1212 1913 1286 1960 non
1314 1891 1536 1987 exprimunt,
1565 1887 1747 1984 magisque
1770 1911 1823 1956 se·

238 2003 328 2074 riem
344 2005 580 2100 generationis
597 2005 645 2077 ad
662 2031 853 2105 sponsum,
875 2022 911 2079 ut
931 2008 1155 2099 dictumest,
1176 2033 1285 2106 quam
1304 2009 1350 2080 ad
1364 2033 1530 2108 sponsam
1544 2005 1763 2106 perducunt,
1785 2021 1824 2076 ut

238 2119 331 2193 illius
346 2122 537 2219 patefacta,
556 2124 661 2221 hujus
676 2125 902 2224 'relinquatur
918 2126 1138 2199 abscondita.
1157 2127 1262 2199 Unde
1280 2142 1316 2199 et
1333 2126 1392 2198 hic
1406 2151 1551 2224 quoque
1569 2124 1661 2197 bene
1679 2129 1824 2223 Aposto-

239 2233 305 2311 lus¹
323 2241 463 2314 Christo
487 2243 748 2317 Melchisedech
775 2247 1025 2344 comparavit⁸,
1049 2248 1149 2345 quod
1173 2273 1256 2323 eum
1282 2249 1358 2319 sine
1389 2246 1595 2344 genealogia
1621 2269 1696 2316 esse
1722 2243 1819 2315 dicit.

237 2364 334 2434 Sicut
346 2366 442 2436 enim
459 2365 549 2437 illius
572 2368 839 2464 generationem
857 2369 1036 2468 Scriptura
1049 2395 1124 2442 non
1139 2371 1325 2470 exprimit,
1346 2371 1393 2440 ita
1409 2393 1476 2441 nec
1492 2368 1690 2462 humanam
1716 2367 1822 2438 etiam

238 2483 368 2555 Christi
384 2487 666 2581 generationem,
682 2503 721 2559 ut
734 2489 946 2580 dictumest,
963 2488 1183 2588 ipsadefinit.
1201 2490 1308 2577 Quod
1319 2514 1404 2586 ergo
1414 2502 1605 2587 supputata
1617 2486 1823 2584 genealogia
1902 2501 1905 2508 “

235 2603 368 2702 loseph
380 2605 562 2678 Matthaeus
571 2606 719 2704 adjecit*
736 2635 750 2707 :¹
762 2639 779 2676 a
791 2609 919 2680 Christi
933 2625 1052 2682 autem
1063 2612 1242 2707 generatio
1257 2612 1307 2682 sic
1320 2625 1413 2698 erat,
1433 2638 1450 2677 a
1466 2633 1541 2679 non
1555 2623 1629 2679 tam
1642 2607 1824 2706 adpraece·

237 2722 356 2795 dantia
379 2740 537 2824 spectare
556 2728 709 2817 videtur,
734 2755 842 2824 quam
856 2729 901 2801 ad
914 2731 1098 2826 sequentia
1111 2731 1174 2802 ubi
1186 2755 1270 2801 mox
1289 2729 1523 2802 subinfertur⁵
1540 2755 1547 2797 :
1568 2756 1586 2795 u
1600 2731 1722 2814 Quum
1735 2742 1825 2799 esset

236 2840 449 2940 desponsata
467 2861 580 2918 mater
594 2849 687 2943 ejus,
709 2863 775 2920 etc.
792 2879 809 2916 u
831 2853 879 2920 Ac
897 2851 926 2919 si
944 2864 1065 2947 aperte
1088 2849 1265 2920 diceretur
1284 2875 1291 2918 :
1310 2848 1400 2918 Talis
1419 2862 1470 2918 est
1489 2847 1669 2942 generatio
1693 2844 1824 2941 loseph

234 2973 278 3030 ea
297 2963 508 3060 supradictis
526 2967 685 3064 patribus
703 2993 814 3066 usque
833 2969 878 3040 ad
900 2970 1017 3067 ipsum
1036 2967 1211 3057 deducta,
1236 2967 1299 3039 sed
1317 2967 1475 3038 humana
1491 2965 1672 3063 generatio
1697 2964 1823 3035 Christi

120 3083 128 3101 ⁸
233 3095 373 3176 patrem
385 3084 546 3156 nesciens
571 3111 614 3156 ex
633 3087 709 3158 sola
723 3102 774 3159 est
788 3087 931 3184 Virgine
947 3112 1012 3185 per
1030 3088 1273 3185 operationem
1292 3086 1441 3184 Spiritus
1455 3084 1567 3154 sancti
1583 3082 1685 3154 facta.
1707 3086 1824 3169 Quam

234 3201 343 3273 etiam
355 3203 627 3278 absconsionem
646 3207 712 3304 ipsi
723 3205 885 3279 infideles
893 3207 1004 3277 ludaei
1017 3231 1060 3277 ex
1071 3207 1249 3304 promisso
1261 3205 1427 3275 vaticinio
1440 3201 1647 3302 prolitentes
1660 3201 1800 3272 dicunt¹³
1813 3229 1820 3270 :

237 3350 254 3388 a
269 3321 341 3393 Sed
352 3322 450 3394 hunc
463 3327 594 3396 scimus
607 3325 703 3397 unde
721 3327 765 3397 sit
780 3353 787 3394 :
810 3324 971 3398 Christus
983 3340 1102 3396 autem
1117 3348 1230 3421 quum
1244 3323 1392 3412 venerit,
1409 3345 1518 3393 nemo
1536 3323 1600 3392 scit
1619 3318 1716 3391 unde
1734 3321 1789 3391 sit.
1803 3349 1821 3388 n

234 3443 400 3538 Legimus
417 3444 582 3516 homines
611 3444 699 3515 olim
726 3444 895 3515 natalium
924 3468 1073 3514 suorum
1091 3443 1358 3514 venerationem
1386 3439 1566 3512 celebrare
1583 3403 1822 3524 solitos'esse,

237 3561 328 3629 sicut
346 3574 381 3630 et
402 3561 615 3655 evangelista
633 3577 892 3634 commemorat
911 3561 955 3634 de
979 3561 1151 3634 Herode⁷.
1173 3566 1474 3658 Postquamvero
1497 3574 1637 3630 creator
1661 3559 1824 3628 omnium

234 3691 370 3748 tantam
381 3677 485 3750 nobis
500 3678 658 3751 exhibuit
672 3681 837 3780 gratiam,
854 3695 893 3752 ut
905 3680 1087 3752 nascendo
1101 3679 1146 3750 de
1158 3681 1302 3776 Virgine
1315 3694 1473 3750 nostram
1487 3703 1594 3777 super
1609 3676 1759 3774 Angelos
1768 3701 1825 3748 su·

232 3795 399 3868 blimaret
417 3815 599 3890 naturam;
621 3802 736 3872 statim
751 3815 861 3871 totam
880 3799 974 3870 hanc
992 3799 1163 3870 natalium
1182 3813 1389 3874 nostrorum
1401 3797 1599 3870 deserentes
1612 3798 1822 3887 vanitatem,

229 3917 280 3988 ad
295 3919 371 4014 ejus
388 3920 584 3992 Nativitatis
598 3921 842 3991 convertimur
862 3918 1159 4007 celebrationem,
1179 3942 1251 3988 non
1264 3918 1338 4013 jam
1358 3916 1581 3988 attendentes
1600 3916 1747 4013 quando
1766 3917 1825 3987 hic

170 4101 179 4116 ,
229 4060 435 4126 nascamur,
452 4039 514 4110 sed
527 4039 713 4136 quomodo
731 4039 926 4137 peripsum
944 4036 1036 4109 coelo
1056 4061 1295 4108 renascamur.
1317 4035 1383 4106 Cui
1400 4049 1452 4108 est
1471 4058 1555 4105 cum
1574 4039 1675 4105 Patre
1688 4050 1723 4104 et
1745 4034 1821 4132 Spi-

147 4175 149 4178 ·
228 4157 302 4228 ritu
332 4174 455 4231 sancto
480 4184 551 4231 una
578 4161 751 4248 essentia,
778 4157 905 4231 eadem
931 4158 1116 4254 majestas,
1140 4171 1176 4228 et
1196 4153 1438 4254 inseparabilis
1456 4153 1567 4252 gloria
1593 4178 1658 4250 per
1684 4151 1822 4223 infinita

225 4276 442 4350 saeculorum
462 4279 601 4350 saecula.
628 4284 752 4350 Arnen.

267 4473 276 4497 ¹
297 4473 549 4539 Deniquenectpaum
562 4492 723 4546 usquequam
741 4481 813 4527 ertum
831 4479 1009 4527 absconsionem
1048 4476 1157 4535 'Helm
1176 4490 1231 4540 cap.
1246 4490 1295 4535 vu,
1316 4490 1340 4524 v.
1359 4477 1384 4524 3.
1395 4497 1427 4509 -
1441 4469 1451 4496 ⁴
1464 4469 1561 4533 ttatu,
1577 4483 1632 4535 cap.
1653 4485 1677 4532 t,
1692 4484 1715 4517 v.
1733 4469 1772 4518 18.
1790 4493 1819 4504 --

223 4558 323 4608 desunt
334 4559 359 4609 in
370 4558 433 4610 (lod.
449 4561 528 4622 Since
540 4563 584 4612 ced
596 4577 680 4612 aarum
695 4561 750 4611 loco
766 4562 881 4626 leguntur
898 4560 943 4612 iata
957 4575 1010 4626 qua
1049 4561 1059 4588 ¹
1073 4561 1136 4612 lbid.
1147 4587 1178 4598 -
1191 4559 1201 4586 ⁶
1214 4559 1296 4620 loen..
1316 4573 1372 4625 cap.
1391 4575 1438 4616 ru,
1450 4571 1473 4604 r.
1490 4559 1531 4606 tt.
1544 4583 1574 4595 -
1584 4553 1593 4582 r
1604 4553 1690 4616 llere„
1708 4570 1763 4620 cap.
1784 4570 1820 4613 vr,

219 4657 309 4707 supra
319 4643 443 4695 retulimus
454 4661 483 4696 ex
494 4645 552 4696 edit.
562 4646 634 4698 Amb.
647 4662 652 4689 =
666 4647 744 4710 Hujus
756 4649 849 4708 quidem
857 4659 915 4694 curo
924 4666 931 4692 .·
941 4647 1012 4694 stilli-
1050 4664 1074 4698 v.
1088 4649 1130 4697 21.

219 4728 301 4775 cidiu
319 4739 396 4778 actua
404 4732 493 4792 ptuutoe
508 4741 605 4783 tenum.
618 4733 651 4771 -ὲ
663 4729 673 4756 ¹
688 4731 755 4782 lsaiae
769 4743 824 4796 cap.
837 4745 892 4790 tut,
905 4740 931 4778 v.
944 4731 970 4779 8.
985 4755 1013 4766 -
