4520 6104
755 747 759 755 s
876 655 1111 730 arrsroun.
1345 661 1350 670 ·
1717 646 1787 717 ras

207 802 325 896 risque
340 799 560 873 monasteriis
573 799 628 894 agi
641 797 749 888 solet,
764 796 872 894 'quod
885 797 1046 872 videlicet
1063 813 1161 894 parte
1176 797 1293 895 aliqua
1305 796 1425 894 panis,
1441 816 1523 890 quae
1539 805 1698 887 superest
1713 788 1787 860 esui

208 938 244 994 et
260 919 477 1020 pauperibus
499 935 558 992 est-
572 919 803 1010 reservanda,
827 944 955 992 marrus
977 935 1013 992 et
1030 919 1189 992 cultellos
1212 918 1387 992 mundare
1400 929 1436 988 et
1451 929 1630 1008 extergere
1648 909 1785 998 solent,

97 1055 99 1060 '
209 1057 245 1113 et
268 1056 306 1112 ut
329 1043 466 1139 mappis
487 1053 635 1138 parcant
659 1063 886 1130 mensarum,
908 1063 1038 1138 panem
1062 1039 1228 1138 polluunt
1250 1059 1466 1137 pauperum,
1485 1036 1559 1105 imo
1578 1032 1732 1129 ejusqui
1751 1055 1788 1102 se

207 1159 393 1233 attendens
422 1161 458 1230 in
488 1157 703 1257 pauperibus
736 1159 808 1229 ait¹
833 1187 839 1229 :
866 1157 1016 1246 «Quod
1046 1160 1108 1228 uni
1139 1157 1365 1231 exminimis
1400 1155 1488 1228 meis
1521 1153 1667 1241 fecistis,
1700 1149 1786 1221 milri

125 1317 129 1326 ¹
206 1280 374 1352 lecistis.»

254 1402 308 1470 De
325 1397 533 1470 abstinentia
545 1398 762 1493 jejuniorum
780 1399 951 1494 generalis
963 1399 1135 1470 institutio
1150 1399 1310 1470 Ecclesiae
1326 1397 1393 1468 illis
1409 1394 1575 1490 sufficiat,
1595 1417 1662 1465 uec
1678 1415 1785 1487 supra

206 1516 365 1591 fidelium
383 1520 555 1592 laicorum
572 1519 779 1616 religionem
803 1520 840 1589 iu
855 1519 926 1590 hoc
943 1543 1004 1590 eas
1019 1543 1164 1615 gravare
1181 1519 1444 1618 praesumimus,
1470 1540 1537 1588 nec
1557 1515 1675 1586 virtuti
1694 1509 1786 1584 viro·

206 1659 286 1708 rum
304 1659 426 1708 earum
444 1637 685 1709 infirmitatem
707 1639 743 1708 in
760 1637 831 1709 lroc
847 1637 1010 1736 praeferre
1030 1637 1215 1709 audemus.
1245 1637 1297 1708 rib
1324 1636 1537 1734 aequinoctio
1569 1656 1655 1704 vero
1684 1645 1786 1703 autu·

207 1755 316 1826 mnali
334 1779 446 1853 usque
465 1757 511 1828 ad
533 1757 687 1848 Pascha,
713 1772 859 1855 propter
878 1739 1016 1828 dierum
1028 1757 1253 1847 brevitatem,
1274 1781 1382 1829 unam
1398 1757 1434 1826 in
1449 1753 1508 1826 die
1531 1752 1785 1826 comestionem

202 1873 365 1948 sufficere
383 1874 583 1948 credamus.
605 1877 714 1967 Quod
733 1879 906 1974 quianon
930 1900 996 1974 pro
1015 1863 1225 1949 abstinentia
1238 1877 1435 1974 religionis,
1453 1873 1516 1946 sed
1536 1893 1603 1972 pro
1618 1871 1788 1942 brevitate

203 1994 356 2066 dicimus
373 1997 562 2093 temporis,
586 1996 683 2068 nulla
699 1996 758 2068 hic
775 1996 938 2068 ciborum
960 2020 1089 2092 genera
1110 1996 1378 2094 distinguemus.

255 2117 418 2186 Pretiosae
434 2129 565 2206 vestes,
586 2139 675 2212 quas
700 2117 851 2187 omnino
878 2116 1058 2213 Scriptura
1082 2116 1250 2206 damnat,
1271 2139 1499 2213 summopere
1517 2112 1706 2209 fugiantur.
1735 2114 1788 2181 De

202 2232 419 2329 quibusnos
446 2236 622 2333 praecipue
646 2236 821 2306 Dominus
846 2234 1040 2306 dehortans
1070 2251 1105 2306 et
1131 2235 1289 2307 damuati
1312 2234 1429 2306 divitis
1457 2231 1659 2332 superbiam
1682 2229 1728 2301 de
1747 2231 1787 2300 iis

202 2367 363 2442 accusat3
382 2368 418 2424 et
435 2345 580 2424 loannis
593 2353 832 2426 bumilitatem
852 2337 1067 2426 econtrario
1087 2355 1328 2426 commendat.
1342 2354 1450 2441 Quod
1465 2353 1589 2425 beatus
1602 2351 1789 2448 diligenter

202 2470 392 2542 attendens
401 2474 593 2568 Gregorius
600 2472 747 2544 lromilia
758 2473 1029 2571 Evangeliorum
1041 2499 1073 2544 rv
1085 2479 1113 2544 ¹:
1129 2503 1146 2542 u
1157 2474 1253 2562 Quid
1265 2489 1353 2564 est,rr
1369 2475 1496 2571 inquit,
1514 2501 1531 2540 u
1541 2472 1676 2544 dicere:
1692 2500 1709 2538 rr
1718 2471 1788 2556 Qui

204 2617 225 2656 a
239 2589 407 2662 mollibus
430 2591 641 2680 vestiuntur,
673 2591 709 2662 in
739 2590 906 2680 domibus
931 2615 1056 2688 regum
1083 2595 1211 2681 sunt⁸3
1233 2621 1251 2661 rr
1283 2593 1351 2664 nisi
1376 2605 1498 2689 aperta
1527 2591 1700 2663 sententia
1726 2588 1787 2660 de·

202 2724 402 2781 monstrare
421 2710 519 2807 quod
541 2733 615 2781 nou
634 2709 785 2798 coelesti,
807 2710 871 2782 sed
890 2725 1033 2782 terreno
1054 2735 1164 2808 regno
1183 2709 1353 2799 militant,
1377 2713 1440 2809 qui
1460 2735 1528 2809 pro
1550 2715 1628 2781 Deo
1651 2710 1788 2806 perpeti
1900 2763 1903 2770 .

200 2851 329 2926 aspera
348 2828 505 2925 fugiunt,
533 2827 596 2900 sed
619 2829 703 2918 solis
725 2829 958 2902 exterioribus
978 2830 1110 2922 dediti,
1131 2832 1312 2930 praesentis
1335 2833 1414 2904 vilse
1432 2831 1617 2902 mollitiem
1638 2829 1787 2902 delecta-

201 2947 410 3044 tionemque
432 2948 654 3045 querenti»
678 2949 776 3020 {dem
803 2949 950 3021 homilia
970 2953 1027 3021 ιιι*
1044 2978 1059 3020 :·
1076 2978 1094 3020 κ
1111 2953 1201 3022 Sunt
1218 2949 1405 3040 nonnulli,
1426 2950 1489 3048 qui
1512 2949 1647 3021 cultum
1673 2949 1788 3021 subti-

198 3066 289 3138 lium
303 3067 609 3165 preliosarumque
623 3069 771 3142 vestium
787 3093 860 3140 non
876 3046 1003 3168 putant
1021 3095 1097 3142 esse
1118 3085 1314 3170 peccatum.
1331 3069 1440 3157 Quod
1455 3070 1620 3142 videlicet
1637 3072 1666 3141 si
1683 3069 1787 3166 culpa

198 3209 277 3256 nou
298 3200 407 3276 esset,
432 3207 658 3284 nequaquam
679 3211 798 3258 sermo
822 3188 887 3259 Dei
910 3203 983 3260 tarn
1001 3189 1185 3286 vigilanter
1204 3191 1437 3287 exprimeret,
1462 3188 1561 3286 quod
1579 3189 1700 3278 dives,
1726 3193 1787 3286 qui

198 3305 435 3402 torquebatur
459 3305 506 3377 ad
525 3307 673 3397 inferos,
700 3306 806 3402 bysso
830 3323 864 3378 et
887 3332 1046 3406 purpura
1068 3307 1216 3380 indutus
1235 3309 1366 3380 fuisset.
1392 3311 1505 3380 Nemo
1528 3310 1661 3408 quippe
1684 3311 1788 3380 vesti·

196 3440 323 3496 menta
340 3426 515 3525 precipua
536 3426 602 3497 nisi
622 3425 668 3497 ad
684 3427 827 3498 inanem
845 3427 994 3522 gloriam
1014 3429 1158 3524 quaerit,
1182 3429 1345 3501 videlicet
1363 3443 1403 3500 ut
1419 3429 1667 3500 honorabilior
1689 3444 1788 3502 caete·

193 3543 247 3614 ris
262 3567 341 3615 esse
355 3544 526 3615 rideatur.
543 3548 632 3616 Nam
645 3544 802 3642 prosola
821 3546 914 3616 inani
930 3546 1042 3642 gloria
1055 3548 1305 3620 vestimentum
1319 3537 1508 3646 pretiosius
1522 3550 1703 3646 quaritur.
1722 3551 1788 3620 Res

192 3666 276 3763 ipsa
297 3677 456 3754 testatur,
475 3661 573 3760 quod
591 3687 699 3735 nemo
714 3664 790 3735 vult
807 3663 855 3734 ibi
873 3667 1037 3762 pretiosis
1053 3667 1210 3738 vestibus
1226 3666 1348 3758 indui,
1365 3667 1427 3738 ubi
1438 3667 1483 3738 ab
1496 3667 1573 3740 aliis
1586 3693 1659 3740 non
1678 3673 1788 3766 possit

190 3784 326 3856 videri.
344 3811 361 3849 >r
381 3790 409 3855 Α
427 3808 499 3881 quo
524 3798 560 3854 et
576 3785 692 3881 prima
715 3786 807 3855 Petri
832 3785 980 3882 epistola
1005 3786 1178 3858 seculares
1201 3802 1236 3858 et
1257 3789 1461 3884 conjugatas
1485 3789 1633 3860 feminas
1647 3789 1788 3878 dehor-

188 3919 302 3994 tans,
323 3904 420 3974 ait⁸2
445 3901 641 3973 «Similiter
658 3916 694 3974 et
710 3902 875 3974 mulieres
892 3901 1041 3975 subditae
1056 3903 1126 3974 sint
1144 3906 1227 3975 viris
1243 3905 1338 3994 suis,
1361 3922 1451 3978 utet
1468 3908 1498 3977 si
1524 3909 1587 4004 qui
1611 3931 1684 3979 non
1711 3933 1787 3980 ore-

185 4024 295 4095 dunt
307 4021 443 4112 verbo,
464 4047 528 4120 per
545 4021 734 4092 mulierum
753 4023 1060 4094 conversationem
1079 4024 1155 4094 sine
1173 4021 1284 4093 verbo
1304 4023 1503 4115 lucrifiant,
1522 4027 1788 4100 considerantes

181 4146 232 4216 im
257 4144 388 4215 timore
403 4157 535 4230 castam
553 4143 858 4220 conversationem
878 4158 1043 4214 vestram.
1067 4147 1226 4230 Quarum
1244 4144 1290 4214 sit
1311 4167 1385 4215 non
1405 4147 1622 4217 extrinsecus
1645 4149 1786 4246 capilla-

179 4281 299 4352 tura,
315 4277 377 4334 aut
393 4263 625 4336 circumdatio
638 4263 728 4353 artri,
743 4278 804 4335 aut
816 4263 1016 4334 indumenti
1033 4263 1316 4334 vestimentorius
1330 4263 1445 4336 cultus
1458 4319 1467 4356 ,
1482 4266 1544 4339 sed
1559 4268 1621 4363 qui
1640 4267 1787 4340 abscon-

176 4385 294 4458 ditus
314 4381 425 4456 corde
441 4397 495 4454 cst
511 4383 643 4473 bom0,
666 4381 996 4480 incorruptibilitate
1013 4380 1122 4479 quieti
1141 4397 1175 4453 et
1197 4381 1347 4454 modesti
1366 4383 1528 4481 spirituS,
1550 4383 1650 4481 quod
1672 4399 1724 4456 est
1750 4389 1784 4455 in

173 4517 392 4602 conspectu
418 4504 562 4574 Domini
591 4503 799 4601 locuples.»
820 4507 913 4574 Bene
941 4517 1059 4574 autem
1084 4501 1231 4574 feminas
1253 4503 1497 4601 potiusquam
1521 4505 1617 4574 viros
1644 4503 1691 4574 ab
1719 4503 1785 4576 hac

169 4624 355 4697 vanitate
370 4625 509 4695 censuit
524 4622 784 4712 dehortandas,
808 4645 960 4720 quarum
976 4621 1139 4694 infirmus
1158 4623 1297 4694 animus
1313 4623 1351 4695 id
1365 4623 1516 4722 amplius
1536 4625 1687 4722 appetit,
1708 4649 1782 4722 quo

167 4770 261 4846 per·
282 4767 341 4814 eas
363 4758 397 4816 et
420 4745 458 4814 in
480 4745 530 4816 eie
557 4743 708 4842 amplius
729 4744 858 4815 imitari
885 4743 1021 4814 luxuria
1043 4743 1163 4841 possit.
1187 4744 1223 4813 Si
1245 4757 1363 4816 autem
1390 4743 1564 4816 seculares
1587 4743 1672 4815 hinc
1690 4744 1782 4816 inhi-

164 4862 326 4940 bendae
355 4877 437 4936 sunt
467 4863 624 4955 feminae,
657 4863 745 4961 quid
765 4863 904 4935 Christo
930 4863 1079 4936 devotas
1107 4865 1276 4936 convenit
1301 4863 1515 4963 providere?
1534 4889 1686 4961 quarum
1711 4863 1781 4937 boc

238 5177 355 5237 Hattlr..
372 5197 428 5246 cap.
446 5195 505 5241 ιιι,
520 5195 542 5230 v.
555 5178 659 5230 lo.-'
672 5181 733 5244 Opp.
750 5191 767 5231 ι.
786 5181 810 5241 l,
825 5181 874 5231 col.
892 5181 963 5230 rtet.
985 5177 1143 5240 Attum,
1159 5192 1216 5244 cap.
1232 5193 1266 5243 rr,
1286 5193 1309 5227 r.
1328 5179 1352 5228 8.
1367 5203 1396 5214 -·
1410 5177 1421 5205 ⁴
1433 5177 1495 5241 opp.
1513 5189 1531 5230 ι.
1550 5177 1575 5237 Ι.
1594 5179 1643 5230 col.
1665 5181 1739 5230 1655.Δ
1752 5207 1775 5218 -

154 5275 167 5302 ⁸
185 5275 283 5324 Petr.
299 5269 377 5331 epar.
389 5269 417 5330 1,
433 5283 487 5334 cap.
502 5283 543 5331 nr,
555 5283 579 5320 ι.
593 5272 601 5316 1
615 5279 639 5319 et
650 5279 688 5334 sq.
