4520 6104
482 667 555 752 lille
920 667 1047 737 PETRI
1073 666 1307 740 ABAEtattnt
1334 665 1388 738 ΕΤ
1412 663 1637 736 HELOISSAE

481 807 587 891 nobis
606 807 773 896 indulsit,
796 808 890 882 inse
908 808 986 906 ipso
1006 806 1170 880 exhibere
1197 833 1271 879 non
1298 805 1439 880 crubuit
1465 835 1474 876 :
1498 807 1582 880 licet
1598 806 1683 880 hinc
1707 805 1809 878 multi
1832 805 2052 878 scandalizati

481 951 555 1003 non
586 926 811 1004 mediocriter
829 929 1124 1026 improperarent.
1146 928 1248 1000 Unde
1265 942 1301 1000 et
1318 954 1384 1026 per
1410 929 1637 1025 semetipsum
1665 927 1843 1024 loquens¹
1870 955 1879 997 ε
1910 955 1928 994 a
1953 928 2053 998 Venit
2092 937 2097 948 '
2222 995 2226 1023 ,

479 1050 652 1134 lomnes,
671 1075 689 1112 a
710 1048 845 1143 inquit,
869 1077 887 1114 a
907 1047 1219 1124 commanducans
1233 1062 1355 1119 etnon
1369 1046 1517 1136 bibens,
1541 1061 1577 1118 et
1589 1045 1778 1120 dixerunt:
1799 1075 1817 1116 a
1832 1047 2051 1117 Daemonium

482 1163 637 1242 ahabet.
658 1195 676 1234 a
697 1168 802 1238 Venit
817 1166 909 1238 filius
929 1167 1083 1240 hominis
1100 1167 1322 1242 manducans
1338 1183 1374 1240 et
1387 1166 1533 1258 bibens,
1548 1181 1584 1238 et
1596 1166 1783 1238 dixerunt:
1804 1195 1822 1236 a
1838 1169 1929 1238 Ecce
1942 1167 2051 1238 homo

482 1314 499 1350 a
521 1309 630 1366 vorax
656 1301 692 1358 et
710 1301 854 1384 potator
874 1287 959 1359 riui.
976 1314 995 1354 a
1018 1287 1089 1373 Qui
1108 1287 1215 1361 etiam
1233 1311 1317 1360 suos
1337 1311 1529 1375 excusans,
1550 1287 1650 1383 quod
1677 1309 1751 1357 non
1778 1286 1868 1372 sicut
1893 1284 2051 1384 discipuli

476 1406 622 1480 loannis
644 1409 654 1442 ²
678 1405 904 1501 jejunarent,
939 1431 1004 1483 nec
1018 1407 1138 1484 ,etiam
1172 1405 1428 1481 manducantes
1460 1405 1684 1504 corporalem
1717 1403 1814 1476 illam
1844 1404 2051 1476 munditiam

476 1522 733 1606 abluendarum
753 1549 1158 1624 manuumvmagnopere
1175 1529 1383 1600 curarent⁸a
1416 1554 1433 1594 a
1452 1529 1530 1598 Non
1551 1539 1718 1624 possunt,
1740 1552 1759 1592 »
1779 1525 1936 1620 inquit‘‚
1967 1555 1987 1592 a
2005 1524 2053 1596 lu·

474 1666 558 1738 gere
577 1643 638 1716 lilii
659 1647 803 1742 sponsi,
824 1645 982 1741 quandiu
999 1667 1082 1717 cum
1107 1643 1175 1716 illis
1190 1669 1343 1742 sponsus
1365 1659 1429 1716 cst.
1450 1673 1468 1710 a
1492 1649 1536 1715 Et
1552 1642 1680 1715 alibi‘:
1703 1671 1721 1712 a
1737 1647 1815 1714 Non
1833 1641 1934 1739 quod
1948 1644 2053 1716 intrat

475 1763 513 1834 in
533 1787 574 1837 os
592 1764 798 1861 coinquinat
816 1765 1001 1842 homiuem
1014 1816 1026 1853 ‚,
1042 1763 1107 1839 sed
1122 1762 1222 1860 quod
1237 1763 1400 1861 procedit
1416 1789 1458 1835 ex
1471 1787 1547 1836 ore.
1563 1767 1649 1850 Quae
1662 1777 1782 1834 autem
1797 1760 1998 1859 procedunt
2008 1763 2054 1833 de

476 1905 562 1969 ore,
591 1881 636 1960 de
660 1883 769 1955 corde
788 1898 941 1972 exeunt,
966 1897 1003 1954 et
1020 1907 1062 1954 ea
1082 1881 1530 1980 coinquinantlromiuem.
1552 1885 1631 1952 Non
1650 1880 1730 1954 lotis
1751 1894 1870 1952 autem
1892 1880 2054 1952 munibus

476 2001 692 2074 manducare
705 2028 778 2075 non
793 2005 999 2100 coinquinat
1010 2001 1207 2076 homnem.
1225 2028 1244 2068 a
1259 2001 1510 2098 Nullusitaque
1523 1999 1622 2072 cibus
1634 2002 1797 2098 inquinat
1808 2001 1978 2089 animam
1993 2003 2054 2072 sed

475 2121 650 2216 appetitus
675 2121 745 2192 cibi
771 2123 879 2200 uetiti.
902 2123 999 2199 Sicut
1026 2121 1123 2195 enim
1139 2143 1268 2217 corpus
1286 2144 1359 2194 non
1377 2121 1445 2192 nisi
1459 2119 1705 2218 corporalibus
1723 2121 1928 2216 inquinatur
1943 2119 2056 2192 sordi·

474 2238 554 2327 hus,
567 2242 616 2314 sic
626 2267 695 2314 nec
704 2221 821 2317 anima
833 2243 901 2314 nisi
910 2242 1160 2340 spiritualibus.
1171 2246 1243 2314 Nec
1257 2241 1456 2314 timendum
1466 2256 1520 2314 est
1531 2240 1706 2338 quidquid
1713 2243 2053 2338 agaturincorpore‚

473 2361 503 2433 si
522 2362 660 2437 animus
679 2362 725 2439 ad
746 2383 960 2437 consensum
977 2387 1051 2438 uon
1071 2361 1232 2435 trabium.
1253 2365 1324 2434 Nec
1339 2361 1596 2434 confidendum
1614 2362 1661 2434 de
1673 2360 1849 2434 munditia
1868 2362 2004 2449 carnis,
2026 2363 2056 2433 si

474 2501 576 2550 meus
600 2479 782 2555 voluntate
802 2481 1054 2579 corrumpitur.
1076 2485 1121 2586 ln¹
1137 2479 1248 2552 corde
1266 2480 1370 2576 igitur
1388 2491 1463 2553 tota
1479 2505 1575 2554 mors
1592 2480 1718 2554 attitiae.²
1738 2481 1898 2552 consistit
1916 2493 1953 2550 et
1968 2480 2052 2555 via.

476 2600 578 2674 Unde
596 2601 766 2674 Salomon
785 2603 821 2672 in
838 2602 1055 2674 Provoca·
1080 2628 1088 2670 z
1110 2601 1253 2674 «Omni
1280 2601 1441 2674 custodia
1457 2625 1559 2674 serra
1580 2625 1644 2673 cor
1668 2618 1792 2687 tuum,
1818 2601 1993 2696 quoniam
2012 2625 2057 2672 ex

473 2721 551 2817 ipso
568 2723 639 2806 uita
655 2721 827 2818 procedit.
849 2751 867 2790 a
889 2727 936 2793 Et
948 2723 1049 2816 juata
1064 2719 1267 2818 pmdictam
1287 2722 1447 2794 Veritatis
1462 2722 1714 2810 assertionem,
1734 2745 1778 2792 ex
1796 2720 1906 2794 corde
1926 2745 2057 2818 proce·

474 2839 564 2913 durat
584 2865 662 2936 quae
680 2841 913 2937 coinquinant
926 2841 1109 2915 homiuem
1132 2870 1140 2911 :
1170 2839 1342 2937 quoniam
1357 2839 1463 2912 bonis
1473 2841 1530 2914 rel
1543 2839 1645 2912 malis
1657 2841 1839 2912 desideriis
1858 2841 1979 2912 mima
1991 2840 2058 2912 da·

472 2975 617 3038 muatur
630 2959 862 3039 valsalvatur.
883 2959 953 3032 Sed
967 2961 1138 3057 quoniam
1152 2960 1282 3032 animae
1295 2974 1331 3031 et
1343 2959 1459 3032 carnis
1477 2960 1511 3030 in
1522 2981 1631 3032 unam
1643 2960 1914 3056 conjunctarum
1930 2983 2059 3058 perso-

473 3103 557 3155 nam
575 3082 728 3154 maxima
750 3095 803 3155 est
830 3081 936 3168 unio,
963 3103 1191 3176 summopere
1218 3077 1482 3177 providendum
1506 3094 1559 3152 est
1582 3105 1631 3152 ne
1652 3081 1768 3152 carnis
1796 3079 1986 3152 delectatio
2011 3081 2062 3152 ad

470 3221 686 3273 consensum
701 3201 859 3278 animam
875 3198 1013 3287 trahat,
1041 3213 1077 3269 et
1097 3197 1184 3270 dum
1206 3199 1312 3269 nimis
1333 3197 1536 3294 indulgetur
1554 3199 1673 3287 carni,
1702 3199 1778 3296 ipsa
1795 3197 1983 3271 lasciviens
2003 3225 2062 3273 re-

474 3315 624 3388 luctetur·
647 3320 806 3416 spiritui,
834 3334 870 3390 et
896 3342 1005 3414 quam
1023 3331 1165 3414 oportet
1180 3315 1305 3412 subjici
1327 3318 1472 3416 incipiat
1488 3317 1677 3390 dominari.
1699 3322 1776 3389 Hoc
1791 3333 1914 3390 autem
1928 3341 2063 3391 cavere

472 3440 689 3532 pateranus,
709 3440 739 3509 si
761 3437 965 3512 necessariis
985 3435 1370 3526 omnibus'ooncessis,
1392 3437 1693 3535 superfluitatem,
1716 3453 1756 3510 ut
1774 3439 1899 3536 aaepius
1916 3437 2065 3511 dicaam

474 3571 546 3646 est,
569 3553 708 3655 penitus
726 3572 969 3657 amputemus,
993 3571 1028 3627 et
1054 3555 1196 3628 infirmo
1217 3559 1317 3628 serui
1335 3557 1474 3630 nullum
1488 3557 1651 3630 ciborum
1664 3581 1790 3647 usum,
1810 3558 1873 3629 scd
1889 3560 2064 3630 omnium

474 3676 864 3772 denegemusabusum
883 3678 1013 3751 Omnia
1024 3675 1266 3755 concedantur
1278 3678 1394 3765 sumi,
1421 3677 1486 3748 sed
1502 3676 1600 3754 nulla
1612 3677 1846 3750 immoderate
1859 3681 2034 3751 consumi
2053 3709 2062 3749 :

458 3789 493 3863 'a
512 3798 655 3884 Omnis,
675 3826 692 3864 a
715 3797 829 3894 inquit
847 3795 1033 3894 Apostolus
1046 3799 1074 3884 ⁷,
1097 3824 1115 3864 a
1130 3811 1289 3868 creatura
1308 3797 1374 3868 Dei
1388 3796 1570 3886 bona,.et
1585 3795 1673 3868 nihil
1700 3797 1930 3892 rejiciendum
1952 3801 2069 3895 qnod

472 3939 556 3989 cum
573 3918 761 4012 gratiarum
781 3916 1142 4014 actione'percipitur.
1166 3913 1411 3989 sanctificatur
1434 3916 1530 3986 enim
1551 3915 1781 4014 perverbum
1794 3918 1860 3990 Dei
1875 3920 2071 3991 etoratio-

435 4025 440 4036 ¹
472 4059 567 4109 nem.
602 4040 678 4106 lloc
704 4057 910 4134 proponens
941 4034 1126 4123 fratribus,
1156 4034 1274 4116 bonus
1303 4036 1372 4106 eris
1400 4036 1559 4108 minister
1588 4034 1716 4108 Christi
1738 4034 1845 4124 lesui
1877 4040 2072 4111 crautritus

473 4155 587 4228 verbis
603 4154 709 4243 fidei,
730 4171 765 4228 et
780 4154 884 4226 bonae
901 4155 1071 4226 doctrinae
1087 4140 1195 4250 quam
1212 4169 1392 4229 assecutus
1407 4180 1457 4226 cs.
1473 4184 1491 4222 a
1507 4159 1548 4228 Et
1567 4157 1635 4228 no's
1647 4157 1753 4253 igitur
1769 4181 1850 4232 cum
1863 4159 2071 4234 Timotheo

470 4274 564 4360 lianc
576 4273 736 4373 Apostoli
754 4274 904 4346 insecuti
924 4274 1147 4357 doctrinam,
1169 4288 1204 4348 et
1217 4273 1317 4370 juxta
1339 4273 1555 4348 dominicam
1573 4278 1784 4349 sententiam
1799 4277 1885 4350 nihil
1909 4281 1945 4350 in
1964 4280 2074 4356 cibis

471 4395 538 4464 nisi
555 4393 739 4491 crapulam
756 4407 792 4464 ct
810 4392 1033 4468 ebrietatcrn⁸
1051 4393 1221 4483 vitantes,
1241 4393 1292 4466 sic
1320 4395 1440 4466 omnia
1463 4409 1726 4494 temperamus,
1752 4411 1790 4468 ut
1816 4423 1858 4469 ex
1880 4399 2078 4474 omnibus

469 4509 647 4582 infirmam
679 4527 841 4585 naturam
868 4526 1126 4602 sustentemus,
1155 4536 1230 4585 non
1245 4513 1329 4584 vitia
1345 4515 1554 4586 nutriamus.
1575 4519 1619 4585 Et
1636 4540 1710 4612 quo
1731 4540 1882 4613 quasque
1897 4519 2078 4616 amplius

469 4655 533 4703 sua
553 4631 794 4728 superfluitate
815 4647 964 4729 possunt
981 4655 1136 4720 nocere,
1159 4621 1428 4730 temperamenti
1446 4634 1556 4730 magis
1574 4634 1758 4732 accipiant.
1788 4636 1897 4732 liujus
1916 4639 2082 4739 quippe

469 4764 521 4824 est
538 4774 580 4822 ac
595 4748 805 4825 laudabilius
823 4763 1015 4848 temperate
1033 4750 1242 4842 comedere,
1265 4775 1373 4848 quam
1390 4753 1541 4824 omnino
1556 4751 1744 4828 abstinere.
1762 4753 1866 4826 Unde
1879 4769 1915 4826 et
1926 4754 2084 4834 beatus

443 4859 446 4866 ’
470 4869 689 4966 Augustinus.
706 4871 742 4945 iu
761 4868 852 4942 libro
869 4868 1027 4948 dadano
1043 4869 1239 4969 conjugali,
1260 4895 1373 4968 quum
1397 4871 1444 4944 de
1472 4871 1718 4969 corporalibus
1734 4887 1852 4970 ageret
1873 4888 2083 4954 alimenta-

502 5101 509 5126 ¹
529 5101 624 5162 Metti..
645 5117 700 5167 cap.
717 5117 759 5162 ιι,
773 5116 798 5150 a.
812 5103 839 5150 tt
854 5111 879 5151 et
896 5101 934 5149 ta.
949 5127 972 5136 -
986 5098 996 5128 ¹
1008 5100 1104 5164 llattlr„
1126 5115 1181 5167 cap.
1197 5118 1237 5163 rx,
1271 5117 1295 5153 r.
1307 5105 1349 5154 2³.
1363 5103 1411 5140 -'
1428 5103 1527 5158 umora
1550 5065 1577 5165 l,
1598 5121 1652 5171 cap.
1673 5121 1705 5166 rr,
1727 5122 1750 5156 a.
1769 5109 1782 5156 l
1803 5115 1828 5178 at
1847 5121 1885 5172 aq.
1902 5133 1932 5143 -
1948 5105 1959 5134 ⁸
1975 5107 2088 5178 bum,

467 5201 492 5236 r.
504 5187 543 5236 it.
557 5205 587 5222 ¹-
598 5185 610 5228 '·
620 5184 704 5236 math.
718 5199 773 5249 cap.
784 5201 826 5244 xv,
837 5201 860 5236 a.
872 5185 886 5232 2
896 5185 955 5236 cad.
967 5211 997 5222 —·
1008 5185 1124 5248 ‘llattla.,
1136 5201 1192 5252 cip.
1203 5201 1239 5246 rx,
1272 5201 1328 5254 cap.
1340 5203 1398 5248 xxi,
1413 5204 1439 5238 r.
1452 5189 1493 5238 dl.

467 5287 489 5320 r.
507 5271 546 5320 ts.
561 5296 584 5306 -
600 5267 715 5331 Ἰαὼ,
729 5283 784 5334 cap.
795 5281 835 5329 tt,
849 5283 871 5318 a.
888 5271 928 5322 tt.
940 5267 992 5310 -'
1007 5269 1135 5330 amira,
1148 5283 1240 5335 capa,
