4606 6106
631 601 721 675 CUM
746 601 876 676 PETRI
903 601 1138 676 ABAELARDI
1164 595 1490 676 sotUTtotttssth.
1600 673 1604 678 ,
1787 595 1858 668 293

269 758 372 842 gent,
394 767 440 814 ne
459 765 523 841 per
544 741 616 814 hoc
638 742 800 816 incidant
823 744 859 814 iu
883 742 1103 816 damnabiles
1124 743 1363 840 corruptelas,
1386 753 1546 813 tentante
1565 737 1693 806 Satana
1714 749 1861 834 propter

269 861 568 936 incontinentiam
595 861 653 934 vel
675 862 884 954 amborum,
908 863 963 934 vel
982 863 1191 962 cujusquam
1213 889 1351 936 corum.
1376 857 1579 956 Conjugalis
1609 857 1705 928 enim
1730 880 1861 927 concu-

270 979 365 1053 bitus
377 981 570 1078 generandi
584 982 694 1078 gratia
708 1007 783 1054 nou
796 983 907 1056 habet
918 984 1072 1081 culpam.
1090 1011 1107 1049 u
1123 987 1227 1055 ltem¹
1243 1008 1252 1052 ε
1269 1012 1287 1052 u
1306 979 1466 1052 Reddere
1480 977 1641 1048 debitum
1653 975 1858 1073 conjugale,

270 1099 402 1172 nullius
415 1115 468 1173 est
481 1101 637 1173 criminis
654 1126 662 1172 ε
678 1103 818 1198 exigere
835 1117 954 1175 autem
968 1102 1060 1174 ultra
1074 1101 1268 1200 generandi
1278 1100 1524 1173 'necessitatem
1537 1096 1650 1194 culpae
1665 1095 1821 1168 venialis.
1841 1127 1859 1162 u
1879 1099 1880 1102 ’

270 1220 370 1293 ldem
381 1219 432 1290 ad
449 1219 683 1293 Valerianum
697 1225 879 1310 Comitem,
894 1219 938 1294 de
950 1224 1093 1321 ann'ir
1106 1239 1142 1295 et
1153 1222 1453 1319 Concupiscentia,
1469 1216 1561 1288 libro
1574 1218 1725 1314 primo’:
1742 1243 1758 1283 u
1775 1218 1863 1304 Quis

271 1355 390 1412 autem
405 1340 536 1412 audeat
550 1340 668 1414 dicere
680 1342 820 1415 donum
837 1343 903 1414 Dei
921 1367 998 1415 esse
1014 1342 1224 1443 peccatum?
1239 1342 1363 1413 Anima
1376 1355 1411 1412 et
1425 1363 1576 1437 corpus,
1591 1353 1627 1408 et
1640 1361 1861 1433 quaecunque

270 1460 367 1533 bona
387 1461 513 1532 animae
531 1477 566 1534 ct
586 1463 767 1561 corporis,
788 1462 994 1535 naturaliter
1011 1464 1114 1535 insita
1131 1464 1237 1536 etiam
1258 1459 1526 1561 peccatoribus,
1550 1456 1647 1529 dona
1665 1457 1731 1528 Dei
1751 1473 1859 1546 sunt;

271 1583 441 1679 quoniam
454 1587 569 1674 Deus,
584 1608 659 1655 non
673 1584 760 1682 ipsi,
777 1584 843 1655 ista
856 1583 1026 1657 lecerunt.
1039 1585 1160 1658 Deliis
1171 1609 1249 1683 quae
1260 1582 1393 1655 faciunt
1406 1580 1542 1653 dictum
1556 1593 1626 1669 est,
1641 1603 1751 1651 omne
1762 1579 1862 1676 quod

270 1727 344 1775 non
358 1717 412 1775 est
424 1701 572 1797 exlide,
586 1719 773 1803 peccatum
788 1729 875 1777 esse.
889 1705 986 1777 Absit
995 1731 1080 1803 ergo
1092 1705 1265 1805 pudicum
1273 1705 1445 1778 veraciter
1457 1703 1544 1792 dici,
1558 1701 1621 1799 qui
1632 1725 1706 1772 non
1717 1717 1863 1800 propter

269 1845 395 1894 verum
418 1827 555 1913 Deum,
576 1821 685 1896 fidem
702 1822 875 1897 connubii
893 1841 1009 1897 servat
1026 1827 1140 1897 uxori.
1165 1825 1353 1925 Copulatio
1372 1825 1492 1923 itaque
1510 1822 1617 1893 maris
1639 1835 1676 1892 et
1700 1820 1860 1909 leminae,

271 1939 465 2039 generandi
478 1966 602 2036 causa,
623 1943 761 2016 bonum
780 1959 834 2016 est
853 1943 1012 2016 naturale
1033 1945 1254 2045 nuptiarum.
1273 1942 1344 2017 Sed
1365 1945 1433 2016 isto
1454 1943 1554 2014 bono
1575 1940 1668 2012 male
1685 1939 1807 2029 utitur,
1823 1956 1864 2011 ut

271 2062 315 2133 sit
332 2063 364 2134 ei
382 2062 534 2134 intentio
556 2063 593 2135 in
613 2064 795 2164 voluptate
814 2063 990 2157 libidinis,
1011 2089 1086 2137 non
1109 2065 1145 2138 in
1166 2066 1348 2138 voluntate
1368 2064 1634 2162 propaginis...
1657 2064 1731 2132 Hac
1749 2061 1864 2132 inten-

272 2185 369 2254 tione
383 2183 522 2275 cordis,
543 2185 604 2281 qui
623 2210 729 2257 suum
747 2208 808 2256 vas
826 2185 1006 2284 possidet,
1029 2183 1142 2257 id'est
1164 2185 1354 2282 conjugem
1372 2208 1474 2256 suam
1490 2211 1499 2253 :
1518 2182 1646 2282 procul
1661 2181 1773 2253 dubio
1788 2205 1863 2253 uon

273 2302 431 2400 possidet
445 2304 482 2374 in
500 2304 628 2377 morbo
643 2303 826 2397 desiderii,
842 2306 931 2378 sicut
950 2331 1035 2404 gens
1053 2330 1131 2404 quae
1146 2307 1283 2404 ignorat
1299 2310 1433 2396 Deum,
1453 2302 1515 2376 scd
1534 2304 1570 2374 in
1586 2301 1863 2374 sanctificatione

273 2423 490 2516 ethonore,
512 2427 603 2498 sicut
622 2425 745 2498 fideles
762 2427 826 2525 qui
846 2441 990 2527 sperant
1007 2427 1043 2499 in
1062 2431 1190 2500 Deum.
1216 2425 1282 2497 lllo
1302 2425 1436 2524 quippe
1454 2424 1751 2522 concupiscentiae
1769 2423 1864 2494 malo

275 2545 383 2616 utitur
398 2545 530 2636 homo,
546 2571 622 2618 non
641 2548 808 2638 vincitur,
825 2547 972 2646 quando
987 2570 1065 2619 eam
1081 2545 1263 2618 inordinat
1280 2547 1342 2617 au't
1358 2544 1537 2617 indecoris
1548 2541 1704 2616 motibus
1716 2557 1864 2614 aestuan-

273 2679 343 2734 tem
363 2663 484 2737 fraenat
501 2681 537 2737 ct
553 2665 715 2758 cohibet,
735 2691 851 2765 neque
869 2667 937 2737 nisi
955 2668 1144 2766 propagini
1160 2665 1351 2738 consulens
1369 2664 1502 2737 relaxat
1517 2678 1624 2762 atque
1641 2661 1804 2753 adhibet,
1825 2679 1865 2735 ut

271 2783 499 2882 spiritualiter
514 2786 777 2882 regenerandos
795 2782 982 2858 carnaliter
1000 2787 1137 2884 gignat,
1154 2810 1228 2858 non
1247 2799 1289 2856 ut
1305 2786 1469 2884 spiritum
1487 2785 1586 2856 carni
1599 2782 1745 2858 sordida
1758 2787 1864 2856 servi·

275 2919 349 2976 tute
367 2903 557 3000 subjiciar.
576 2933 594 2974 u
614 2910 703 2978 Item
720 2905 766 2978 dc
782 2895 949 3003 conjugio
968 2905 1100 3006 loseph
1115 2921 1150 2978 et
1168 2905 1321 2978 Mariae‘:
1342 2933 1360 2974 u
1377 2909 1494 2976 Omne
1507 2905 1715 3002 nuptiarum
1725 2903 1864 2976 bonum

272 3023 461 3122 impletum
483 3027 593 3098 estin
618 3025 684 3098 illis
705 3024 914 3127 parentibus
936 3025 1087 3117 Christi,
1114 3024 1250 3125 proles,
1280 3025 1388 3112 fides,
1417 3039 1693 3097 sacramentum.
1722 3023 1864 3097 Prolem

273 3145 523 3242 cognoscimus
543 3147 661 3244 ipsum
681 3147 878 3218 Dominum
898 3151 1038 3236 lesum,
1069 3145 1196 3236 fidem,
1222 3144 1306 3242 quia
1328 3143 1468 3216 nullum
1487 3142 1726 3236 adulterium,
1751 3169 1865 3218 sacra·

273 3279 453 3356 mentum,
469 3267 707 3364 quianullum
725 3265 932 3339 divortium.
948 3266 1052 3337 Solus
1064 3265 1114 3337 ibi
1132 3266 1300 3364 nuptialis
1313 3264 1525 3337 concubitus
1538 3291 1613 3338 nott
1627 3265 1708 3359 fuit,
1730 3268 1814 3365 quia
1827 3269 1863 3337 in

273 3408 380 3456 carne
400 3387 536 3483 peccati
557 3385 634 3458 fieri
654 3410 728 3458 non
751 3400 911 3485 poterat,
934 3386 1011 3457 sine
1031 3385 1091 3458 illa
1108 3386 1225 3459 camis
1243 3386 1550 3484 concupiscentia,
1573 3410 1652 3482 quae
1674 3386 1803 3458 accidit
1822 3412 1864 3458 ex

272 3519 437 3604 peccato,
460 3507 535 3577 sine
555 3529 625 3602 qua
644 3507 787 3606 concipi
812 3505 943 3600 voluit,
971 3506 1034 3604 qui
1055 3505 1194 3579 futurus
1216 3519 1293 3579 erat
1311 3506 1389 3580 sine
1411 3520 1577 3605 peccato,
1603 3532 1678 3596 non
1700 3509 1737 3579 iu
1758 3531 1864 3580 came

273 3627 426 3726 peccati,
442 3630 506 3702 sed
519 3629 800 3703 insimilitudine
816 3631 932 3704 carnis
949 3631 1085 3730 peccati
1099 3657 1107 3702 τ
1123 3646 1162 3703 ut
1172 3630 1258 3702 hinc
1273 3631 1380 3702 etiam
1393 3629 1538 3703 doceret
1551 3655 1714 3724 omnem,
1729 3656 1808 3730 quae
1820 3633 1866 3704 de

273 3750 467 3824 concubitu
481 3752 649 3842 nascitur,
664 3776 809 3824 carnem
825 3775 902 3824 esse
916 3751 1068 3850 peccati:
1083 3750 1400 3849 quandoquidem,
1416 3748 1492 3822 sola
1504 3776 1583 3848 quae
1597 3777 1671 3823 non
1685 3751 1866 3824 indenata

274 3886 345 3960 est,
367 3895 442 3942 non
455 3871 520 3942 fuit
534 3895 618 3943 caro
634 3872 783 3970 peccati.
801 3871 971 3960 Quamvis
990 3870 1185 3968 conjugalis
1197 3869 1430 3962 concubitus,
1450 3872 1514 3968 qui
1532 3870 1571 3943 fit
1588 3872 1785 3944 intentione
1803 3898 1864 3970 ge-

274 3989 444 4081 nerandi,
464 4014 538 4061 non
558 3991 602 4061 sit
615 3991 691 4088 ipse
704 4005 890 4089 peccatum
906 4018 913 4060 :
931 3989 1015 4089 quia
1030 3989 1128 4062 hona
1144 3989 1308 4063 voluntas
1319 3989 1429 4062 animi
1441 4006 1648 4088 sequentem
1668 3991 1780 4083 ducit,
1799 4017 1866 4065 nec

274 4111 466 4196 ducentem
485 4112 644 4210 sequitur
661 4135 792 4210 corpus
809 4110 1052 4210 voluptatem,
1073 4135 1140 4184 nec
1157 4111 1357 4183 humanum
1375 4109 1561 4199 arbitrium
1580 4112 1729 4184 trahitur
1746 4113 1867 4210 subju-

275 4247 380 4328 ganta
399 4245 568 4330 peccam,
591 4256 704 4329 quum
721 4231 816 4327 juste
836 4231 1008 4328 redigitur
1029 4232 1067 4303 in
1087 4255 1193 4303 usum
1215 4230 1408 4328 generandi
1427 4231 1531 4329 plaga
1548 4233 1696 4331 peccati.
1722 4263 1740 4302 u
1761 4237 1867 4308 ltem⁵

274 4351 320 4423 de
332 4376 377 4423 eo
390 4349 490 4448 quod
504 4350 590 4423 dicit
604 4350 834 4450 Apostolus⁸z
849 4380 865 4419 u
874 4355 952 4422 Hoc
965 4365 1085 4424 autem
1098 4349 1182 4422 dico
1195 4350 1393 4423 secundum
1405 4351 1564 4441 veniam,
1577 4375 1653 4423 non
1666 4353 1864 4426 secundum

277 4501 295 4539 u
313 4472 519 4568 imperium.
538 4500 556 4538 u
574 4471 642 4542 Ubi
660 4496 746 4569 ergo
760 4471 880 4544 danda
896 4487 948 4543 est
965 4472 1087 4560 venia,
1109 4471 1243 4568 aliquid
1263 4451 1340 4543 esse
1361 4471 1474 4571 culpae
1493 4470 1591 4544 nulla
1607 4473 1745 4546 ratione
1760 4499 1865 4572 nega·

273 4591 382 4664 bitur.
396 4595 517 4680 Quum
530 4591 635 4690 igitur
646 4591 832 4692 culpabilis
843 4617 917 4664 non
930 4593 974 4663 sit
986 4591 1178 4689 generandi
1192 4591 1390 4664 intentione
1403 4591 1633 4683 concubitus,
1646 4595 1707 4691 qui
1721 4595 1866 4694 proprie

276 4717 409 4816 nuptiis
427 4716 658 4817 imputandus
676 4732 750 4809 est3
774 4716 861 4815 quid
882 4715 1082 4806 secundum
1102 4715 1243 4787 veniam
1264 4714 1430 4787 concedit
1447 4713 1655 4813 Apostolus,
1677 4716 1744 4789 uisi
1766 4717 1865 4815 quod

275 4839 465 4937 conjuges,
485 4838 574 4911 dum
593 4863 631 4911 se
651 4863 726 4911 non
745 4839 949 4930 continent,
972 4835 1134 4910 debitum
1158 4835 1204 4908 ab
1227 4833 1396 4910 alterutro
1418 4835 1535 4908 camis
1554 4851 1769 4937 exposcunt,
1790 4863 1864 4911 non

309 5147 317 5174 ¹
336 5147 446 5200 canath.
460 5149 486 5209 l,
496 5162 551 5215 cap.
568 5163 615 5211 vu,
628 5165 652 5200 v.
664 5150 690 5199 θ.
705 5176 731 5186 -
747 5145 829 5213 'Gap
844 5162 885 5210 ru,
899 5147 959 5212 opp.
973 5157 993 5199 t.
1007 5146 1046 5210 X,
1091 5146 1218 5205 ibid.,col.
1231 5149 1304 5198 tet·
1326 5146 1542 5215 mundabit..
1553 5147 1717 5202 coliem-⁸
1727 5151 1864 5210 Corinthi,

277 5231 323 5283 col.
337 5233 437 5283 tut.-·
451 5231 532 5300 'Cap
549 5249 605 5296 ιιιι,
621 5231 693 5296 ibid..
711 5232 760 5286 col.
780 5233 838 5286 ast.
852 5258 881 5270 -
897 5231 981 5301 ‘Gap
996 5248 1047 5298 ιιι,
1093 5249 1149 5301 cap.
1161 5248 1210 5295 tn,
1226 5250 1248 5286 r.
1261 5235 1286 5285 Β.
1780 5243 1783 5248 ’
