<?xml version="1.0" encoding="UTF-8"?>
<!DOCTYPE html PUBLIC "-//W3C//DTD XHTML 1.0 Transitional//EN"
    "http://www.w3.org/TR/xhtml1/DTD/xhtml1-transitional.dtd">
<html xmlns="http://www.w3.org/1999/xhtml" xml:lang="en" lang="en">
 <head>
  <title>
</title>
<meta http-equiv="Content-Type" content="text/html;charset=utf-8" />
  <meta name='ocr-system' content='tesseract 3.04.00' />
  <meta name='ocr-capabilities' content='ocr_page ocr_carea ocr_par ocr_line ocrx_word'/>
</head>
<body>
  <div class='ocr_page' id='page_1' title='image "./petriablardiope01despgoog_0394.png"; bbox 0 0 4496 6102; ppageno 0'>
   <div class='ocr_carea' id='block_1_1' title="bbox 721 809 1810 888">
    <p class='ocr_par' dir='ltr' id='par_1_1' title="bbox 721 809 1810 888">
     <span class='ocr_line' id='line_1_1' title="bbox 721 809 1810 888; baseline -0.004 -4"><span class='ocrx_word' id='word_1_1' title='bbox 721 813 763 886; x_wconf 91' lang='lat' dir='ltr'><strong>lN</strong></span> <span class='ocrx_word' id='word_1_2' title='bbox 788 813 947 887; x_wconf 80' lang='lat' dir='ltr'><strong>NATALl</strong></span> <span class='ocrx_word' id='word_1_3' title='bbox 972 813 1127 888; x_wconf 81' lang='lat' dir='ltr'>DOMINI</span> <span class='ocrx_word' id='word_1_4' title='bbox 1153 814 1314 886; x_wconf 82' lang='lat' dir='ltr'><strong>SERMO.</strong></span> <span class='ocrx_word' id='word_1_5' title='bbox 1738 809 1810 881; x_wconf 82' lang='lat'><strong>379</strong></span> 
     </span>
    </p>
   </div>
   <div class='ocr_carea' id='block_1_2' title="bbox 140 947 1903 5260">
    <p class='ocr_par' dir='ltr' id='par_1_2' title="bbox 230 947 1823 2351">
     <span class='ocr_line' id='line_1_2' title="bbox 231 947 1809 1051; baseline 0 -30"><span class='ocrx_word' id='word_1_6' title='bbox 231 963 397 1022; x_wconf 88' lang='lat' dir='ltr'><strong>namenta</strong></span> <span class='ocrx_word' id='word_1_7' title='bbox 422 972 463 1021; x_wconf 90' lang='lat' dir='ltr'><strong>ex</strong></span> <span class='ocrx_word' id='word_1_8' title='bbox 487 951 631 1051; x_wconf 87' lang='lat' dir='ltr'><strong>antiqua</strong></span> <span class='ocrx_word' id='word_1_9' title='bbox 653 955 846 1025; x_wconf 72' lang='lat' dir='ltr'><strong>retinemus</strong></span> <span class='ocrx_word' id='word_1_10' title='bbox 867 969 902 1024; x_wconf 90' lang='lat' dir='ltr'><strong>et</strong></span> <span class='ocrx_word' id='word_1_11' title='bbox 923 953 1176 1026; x_wconf 88' lang='lat' dir='ltr'><strong>confirmamus</strong></span> <span class='ocrx_word' id='word_1_12' title='bbox 1199 952 1426 1040; x_wconf 80' lang='lat' dir='ltr'><strong>auctoritate3</strong></span> <span class='ocrx_word' id='word_1_13' title='bbox 1450 948 1559 1022; x_wconf 87' lang='lat' dir='ltr'><strong>veluti</strong></span> <span class='ocrx_word' id='word_1_14' title='bbox 1580 947 1809 1042; x_wconf 87' lang='lat' dir='ltr'><strong>candelabra,</strong></span> 
     </span>
     <span class='ocr_line' id='line_1_3' title="bbox 230 1073 1811 1174; baseline 0.001 -30"><span class='ocrx_word' id='word_1_15' title='bbox 230 1097 400 1162; x_wconf 89' lang='lat' dir='ltr'><strong>coronas,</strong></span> <span class='ocrx_word' id='word_1_16' title='bbox 416 1087 451 1144; x_wconf 93' lang='lat' dir='ltr'><strong>et</strong></span> <span class='ocrx_word' id='word_1_17' title='bbox 468 1074 565 1166; x_wconf 88' lang='lat' dir='ltr'><strong>vela;</strong></span> <span class='ocrx_word' id='word_1_18' title='bbox 586 1075 813 1148; x_wconf 86' lang='lat' dir='ltr'><strong>ecelesiarum</strong></span> <span class='ocrx_word' id='word_1_19' title='bbox 825 1101 970 1174; x_wconf 90' lang='lat' dir='ltr'><strong>quoque</strong></span> <span class='ocrx_word' id='word_1_20' title='bbox 982 1077 1240 1167; x_wconf 77' lang='lat' dir='ltr'><strong>dedicationes,</strong></span> <span class='ocrx_word' id='word_1_21' title='bbox 1259 1075 1316 1147; x_wconf 91' lang='lat' dir='ltr'><strong>vel</strong></span> <span class='ocrx_word' id='word_1_22' title='bbox 1334 1073 1497 1146; x_wconf 89' lang='lat' dir='ltr'><strong>altarium</strong></span> <span class='ocrx_word' id='word_1_23' title='bbox 1515 1073 1811 1164; x_wconf 75' lang='lat' dir='ltr'><strong>consecrationes,</strong></span> 
     </span>
     <span class='ocr_line' id='line_1_4' title="bbox 232 1187 1816 1297; baseline -0.001 -33"><span class='ocrx_word' id='word_1_24' title='bbox 232 1196 270 1268; x_wconf 92' lang='lat' dir='ltr'><strong>in</strong></span> <span class='ocrx_word' id='word_1_25' title='bbox 286 1209 424 1268; x_wconf 88' lang='lat' dir='ltr'><strong>tantum</strong></span> <span class='ocrx_word' id='word_1_26' title='bbox 440 1220 483 1267; x_wconf 87' lang='lat' dir='ltr'><strong>ex</strong></span> <span class='ocrx_word' id='word_1_27' title='bbox 500 1197 706 1295; x_wconf 84' lang='lat' dir='ltr'><strong>antiquitate</strong></span> <span class='ocrx_word' id='word_1_28' title='bbox 722 1199 958 1297; x_wconf 88' lang='lat' dir='ltr'><strong>suscepimus,</strong></span> <span class='ocrx_word' id='word_1_29' title='bbox 978 1187 1018 1270; x_wconf 85' lang='lat' dir='ltr'><strong>ut</strong></span> <span class='ocrx_word' id='word_1_30' title='bbox 1031 1200 1067 1270; x_wconf 92' lang='lat' dir='ltr'><strong>in</strong></span> <span class='ocrx_word' id='word_1_31' title='bbox 1080 1198 1136 1270; x_wconf 93' lang='lat' dir='ltr'><strong>his</strong></span> <span class='ocrx_word' id='word_1_32' title='bbox 1152 1195 1363 1297; x_wconf 77' lang='lat' dir='ltr'><strong>peragendis</strong></span> <span class='ocrx_word' id='word_1_33' title='bbox 1377 1194 1465 1266; x_wconf 93' lang='lat' dir='ltr'><strong>nihil</strong></span> <span class='ocrx_word' id='word_1_34' title='bbox 1475 1195 1547 1266; x_wconf 83' lang='lat' dir='ltr'><strong>iere</strong></span> <span class='ocrx_word' id='word_1_35' title='bbox 1560 1195 1627 1266; x_wconf 89' lang='lat' dir='ltr'><strong>nisi</strong></span> <span class='ocrx_word' id='word_1_36' title='bbox 1637 1194 1684 1266; x_wconf 91' lang='lat' dir='ltr'><strong>de</strong></span> <span class='ocrx_word' id='word_1_37' title='bbox 1698 1194 1816 1278; x_wconf 86' lang='lat' dir='ltr'><strong>Veteri</strong></span> 
     </span>
     <span class='ocr_line' id='line_1_5' title="bbox 232 1295 1817 1416; baseline 0 -31"><span class='ocrx_word' id='word_1_38' title='bbox 232 1319 456 1387; x_wconf 88' lang='lat' dir='ltr'><strong>Testamento</strong></span> <span class='ocrx_word' id='word_1_39' title='bbox 470 1331 633 1389; x_wconf 89' lang='lat' dir='ltr'><strong>cantetur</strong></span> <span class='ocrx_word' id='word_1_40' title='bbox 646 1317 701 1391; x_wconf 87' lang='lat' dir='ltr'><strong>vel</strong></span> <span class='ocrx_word' id='word_1_41' title='bbox 718 1320 903 1390; x_wconf 81' lang='lat' dir='ltr'><strong>recitetur:</strong></span> <span class='ocrx_word' id='word_1_42' title='bbox 922 1295 983 1390; x_wconf 90' lang='lat' dir='ltr'><strong>ubi</strong></span> <span class='ocrx_word' id='word_1_43' title='bbox 997 1332 1031 1390; x_wconf 91' lang='lat' dir='ltr'><strong>et</strong></span> <span class='ocrx_word' id='word_1_44' title='bbox 1045 1317 1091 1389; x_wconf 89' lang='lat' dir='ltr'><strong>ad</strong></span> <span class='ocrx_word' id='word_1_45' title='bbox 1105 1318 1258 1414; x_wconf 78' lang='lat' dir='ltr'><strong>antiquae</strong></span> <span class='ocrx_word' id='word_1_46' title='bbox 1271 1316 1483 1416; x_wconf 88' lang='lat' dir='ltr'><strong>aspersionis</strong></span> <span class='ocrx_word' id='word_1_47' title='bbox 1496 1313 1698 1413; x_wconf 83' lang='lat' dir='ltr'><strong>exemplum</strong></span> <span class='ocrx_word' id='word_1_48' title='bbox 1713 1314 1817 1410; x_wconf 86' lang='lat' dir='ltr'><strong>hyso-</strong></span> 
     </span>
     <span class='ocr_line' id='line_1_6' title="bbox 233 1434 1817 1533; baseline -0.001 -30"><span class='ocrx_word' id='word_1_49' title='bbox 233 1457 321 1531; x_wconf 89' lang='lat' dir='ltr'><strong>pum</strong></span> <span class='ocrx_word' id='word_1_50' title='bbox 340 1435 550 1508; x_wconf 88' lang='lat' dir='ltr'><strong>etcinerem</strong></span> <span class='ocrx_word' id='word_1_51' title='bbox 571 1435 793 1509; x_wconf 87' lang='lat' dir='ltr'><strong>adhibemus.</strong></span> <span class='ocrx_word' id='word_1_52' title='bbox 820 1441 908 1526; x_wconf 90' lang='lat' dir='ltr'><strong>Quis</strong></span> <span class='ocrx_word' id='word_1_53' title='bbox 933 1439 1039 1510; x_wconf 89' lang='lat' dir='ltr'><strong>etiarn</strong></span> <span class='ocrx_word' id='word_1_54' title='bbox 1063 1437 1151 1508; x_wconf 93' lang='lat' dir='ltr'><strong>illud</strong></span> <span class='ocrx_word' id='word_1_55' title='bbox 1176 1435 1413 1533; x_wconf 88' lang='lat' dir='ltr'><strong>intelligens¹:</strong></span> <span class='ocrx_word' id='word_1_56' title='bbox 1433 1465 1451 1502; x_wconf 80' lang='lat' dir='ltr'><strong>a</strong></span> <span class='ocrx_word' id='word_1_57' title='bbox 1465 1438 1515 1506; x_wconf 93' lang='lat' dir='ltr'><strong>Tu</strong></span> <span class='ocrx_word' id='word_1_58' title='bbox 1536 1459 1574 1506; x_wconf 94' lang='lat' dir='ltr'><strong>es</strong></span> <span class='ocrx_word' id='word_1_59' title='bbox 1593 1434 1817 1522; x_wconf 82' lang='lat' dir='ltr'><strong>sacerdosin</strong></span> 
     </span>
     <span class='ocr_line' id='line_1_7' title="bbox 233 1555 1819 1656; baseline -0.001 -30"><span class='ocrx_word' id='word_1_60' title='bbox 233 1570 404 1630; x_wconf 86' lang='lat' dir='ltr'><strong>aetemum</strong></span> <span class='ocrx_word' id='word_1_61' title='bbox 430 1557 629 1630; x_wconf 88' lang='lat' dir='ltr'><strong>secundum</strong></span> <span class='ocrx_word' id='word_1_62' title='bbox 653 1561 817 1632; x_wconf 87' lang='lat' dir='ltr'><strong>ordinem</strong></span> <span class='ocrx_word' id='word_1_63' title='bbox 843 1557 1122 1650; x_wconf 88' lang='lat' dir='ltr'><strong>Melchisedech,</strong></span> <span class='ocrx_word' id='word_1_64' title='bbox 1140 1587 1157 1626; x_wconf 85' lang='lat' dir='ltr'><strong>u</strong></span> <span class='ocrx_word' id='word_1_65' title='bbox 1184 1559 1323 1656; x_wconf 86' lang='lat' dir='ltr'><strong>ignoret</strong></span> <span class='ocrx_word' id='word_1_66' title='bbox 1349 1557 1462 1628; x_wconf 90' lang='lat' dir='ltr'><strong>nostri</strong></span> <span class='ocrx_word' id='word_1_67' title='bbox 1486 1555 1645 1629; x_wconf 87' lang='lat' dir='ltr'><strong>sacrificii</strong></span> <span class='ocrx_word' id='word_1_68' title='bbox 1666 1555 1819 1626; x_wconf 88' lang='lat' dir='ltr'><strong>sormam</strong></span> 
     </span>
     <span class='ocr_line' id='line_1_8' title="bbox 235 1670 1819 1776; baseline 0 -32"><span class='ocrx_word' id='word_1_69' title='bbox 235 1673 349 1772; x_wconf 91' lang='lat' dir='ltr'><strong>legem</strong></span> <span class='ocrx_word' id='word_1_70' title='bbox 371 1679 477 1750; x_wconf 88' lang='lat' dir='ltr'><strong>etiam</strong></span> <span class='ocrx_word' id='word_1_71' title='bbox 499 1681 733 1776; x_wconf 69' lang='lat' dir='ltr'><strong>praecessisse,</strong></span> <span class='ocrx_word' id='word_1_72' title='bbox 755 1694 790 1751; x_wconf 88' lang='lat' dir='ltr'><strong>et</strong></span> <span class='ocrx_word' id='word_1_73' title='bbox 810 1679 894 1751; x_wconf 93' lang='lat' dir='ltr'><strong>inde</strong></span> <span class='ocrx_word' id='word_1_74' title='bbox 918 1679 1093 1776; x_wconf 83' lang='lat' dir='ltr'><strong>originem</strong></span> <span class='ocrx_word' id='word_1_75' title='bbox 1113 1703 1174 1750; x_wconf 87' lang='lat' dir='ltr'><strong>seu</strong></span> <span class='ocrx_word' id='word_1_76' title='bbox 1197 1670 1440 1748; x_wconf 89' lang='lat' dir='ltr'><strong>testiniouium</strong></span> <span class='ocrx_word' id='word_1_77' title='bbox 1461 1675 1661 1774; x_wconf 83' lang='lat' dir='ltr'><strong>accepisse?</strong></span> <span class='ocrx_word' id='word_1_78' title='bbox 1687 1677 1726 1744; x_wconf 91' lang='lat' dir='ltr'><strong>ln</strong></span> <span class='ocrx_word' id='word_1_79' title='bbox 1745 1698 1819 1770; x_wconf 89' lang='lat' dir='ltr'><strong>quo</strong></span> 
     </span>
     <span class='ocr_line' id='line_1_9' title="bbox 234 1793 1821 1896; baseline -0.002 -30"><span class='ocrx_word' id='word_1_80' title='bbox 234 1795 380 1892; x_wconf 88' lang='lat' dir='ltr'><strong>quidem</strong></span> <span class='ocrx_word' id='word_1_81' title='bbox 402 1821 469 1867; x_wconf 92' lang='lat' dir='ltr'><strong>nos</strong></span> <span class='ocrx_word' id='word_1_82' title='bbox 490 1796 601 1869; x_wconf 89' lang='lat' dir='ltr'><strong>latino</strong></span> <span class='ocrx_word' id='word_1_83' title='bbox 625 1823 752 1895; x_wconf 88' lang='lat' dir='ltr'><strong>azymo</strong></span> <span class='ocrx_word' id='word_1_84' title='bbox 769 1814 967 1884; x_wconf 88' lang='lat' dir='ltr'><strong>vescentes,</strong></span> <span class='ocrx_word' id='word_1_85' title='bbox 984 1798 1139 1896; x_wconf 87' lang='lat' dir='ltr'><strong>aliquam</strong></span> <span class='ocrx_word' id='word_1_86' title='bbox 1161 1797 1268 1868; x_wconf 86' lang='lat' dir='ltr'><strong>etiam</strong></span> <span class='ocrx_word' id='word_1_87' title='bbox 1286 1794 1333 1865; x_wconf 90' lang='lat' dir='ltr'><strong>de</strong></span> <span class='ocrx_word' id='word_1_88' title='bbox 1350 1795 1461 1867; x_wconf 85' lang='lat' dir='ltr'><strong>veteri</strong></span> <span class='ocrx_word' id='word_1_89' title='bbox 1478 1793 1609 1892; x_wconf 90' lang='lat' dir='ltr'><strong>pascha</strong></span> <span class='ocrx_word' id='word_1_90' title='bbox 1628 1793 1821 1865; x_wconf 89' lang='lat' dir='ltr'><strong>retinemus</strong></span> 
     </span>
     <span class='ocr_line' id='line_1_10' title="bbox 234 1914 1821 2019; baseline 0 -33"><span class='ocrx_word' id='word_1_91' title='bbox 234 1914 401 2014; x_wconf 89' lang='lat' dir='ltr'><strong>figuram,</strong></span> <span class='ocrx_word' id='word_1_92' title='bbox 422 1917 522 2012; x_wconf 84' lang='lat' dir='ltr'><strong>juxta</strong></span> <span class='ocrx_word' id='word_1_93' title='bbox 543 1918 632 1991; x_wconf 92' lang='lat' dir='ltr'><strong>illud</strong></span> <span class='ocrx_word' id='word_1_94' title='bbox 654 1919 850 2019; x_wconf 81' lang='lat' dir='ltr'><strong>Apostoli’:</strong></span> <span class='ocrx_word' id='word_1_95' title='bbox 871 1949 889 1988; x_wconf 84' lang='lat' dir='ltr'><strong>u</strong></span> <span class='ocrx_word' id='word_1_96' title='bbox 905 1925 1027 2017; x_wconf 91' lang='lat' dir='ltr'><strong>ltaque</strong></span> <span class='ocrx_word' id='word_1_97' title='bbox 1046 1920 1234 2017; x_wconf 88' lang='lat' dir='ltr'><strong>epulemur</strong></span> <span class='ocrx_word' id='word_1_98' title='bbox 1254 1941 1327 1988; x_wconf 96' lang='lat' dir='ltr'><strong>non</strong></span> <span class='ocrx_word' id='word_1_99' title='bbox 1349 1919 1386 1988; x_wconf 94' lang='lat' dir='ltr'><strong>in</strong></span> <span class='ocrx_word' id='word_1_100' title='bbox 1409 1917 1586 1989; x_wconf 85' lang='lat' dir='ltr'><strong>fermento</strong></span> <span class='ocrx_word' id='word_1_101' title='bbox 1608 1916 1737 2004; x_wconf 88' lang='lat' dir='ltr'><strong>veteri,</strong></span> <span class='ocrx_word' id='word_1_102' title='bbox 1758 1914 1821 1988; x_wconf 85' lang='lat' dir='ltr'><strong>sed</strong></span> 
     </span>
     <span class='ocr_line' id='line_1_11' title="bbox 234 2036 1821 2138; baseline -0.001 -30"><span class='ocrx_word' id='word_1_103' title='bbox 234 2039 271 2108; x_wconf 93' lang='lat' dir='ltr'><strong>in</strong></span> <span class='ocrx_word' id='word_1_104' title='bbox 292 2039 423 2135; x_wconf 78' lang='lat' dir='ltr'><strong>azymis</strong></span> <span class='ocrx_word' id='word_1_105' title='bbox 443 2039 696 2111; x_wconf 75' lang='lat' dir='ltr'><strong>sinceritatis.»</strong></span> <span class='ocrx_word' id='word_1_106' title='bbox 718 2045 834 2138; x_wconf 88' lang='lat' dir='ltr'><strong>ipsam</strong></span> <span class='ocrx_word' id='word_1_107' title='bbox 855 2039 1011 2136; x_wconf 90' lang='lat' dir='ltr'><strong>denique</strong></span> <span class='ocrx_word' id='word_1_108' title='bbox 1027 2041 1219 2116; x_wconf 85' lang='lat' dir='ltr'><strong>mixturam</strong></span> <span class='ocrx_word' id='word_1_109' title='bbox 1237 2036 1318 2108; x_wconf 89' lang='lat' dir='ltr'><strong>salis</strong></span> <span class='ocrx_word' id='word_1_110' title='bbox 1343 2052 1378 2108; x_wconf 90' lang='lat' dir='ltr'><strong>et</strong></span> <span class='ocrx_word' id='word_1_111' title='bbox 1401 2061 1501 2135; x_wconf 88' lang='lat' dir='ltr'><strong>aquae</strong></span> <span class='ocrx_word' id='word_1_112' title='bbox 1521 2037 1558 2106; x_wconf 92' lang='lat' dir='ltr'><strong>in</strong></span> <span class='ocrx_word' id='word_1_113' title='bbox 1579 2037 1821 2134; x_wconf 85' lang='lat' dir='ltr'><strong>aspersionem</strong></span> 
     </span>
     <span class='ocr_line' id='line_1_12' title="bbox 235 2142 1823 2257; baseline -0.001 -31"><span class='ocrx_word' id='word_1_114' title='bbox 235 2155 395 2228; x_wconf 85' lang='lat' dir='ltr'><strong>fidelium</strong></span> <span class='ocrx_word' id='word_1_115' title='bbox 417 2157 662 2254; x_wconf 88' lang='lat' dir='ltr'><strong>quotidianam</strong></span> <span class='ocrx_word' id='word_1_116' title='bbox 687 2158 850 2257; x_wconf 85' lang='lat' dir='ltr'><strong>exemplo</strong></span> <span class='ocrx_word' id='word_1_117' title='bbox 875 2158 987 2230; x_wconf 87' lang='lat' dir='ltr'><strong>Elisaei</strong></span> <span class='ocrx_word' id='word_1_118' title='bbox 1016 2142 1246 2251; x_wconf 86' lang='lat' dir='ltr'><strong>conficimus,</strong></span> <span class='ocrx_word' id='word_1_119' title='bbox 1274 2160 1362 2230; x_wconf 87' lang='lat' dir='ltr'><strong>sicut</strong></span> <span class='ocrx_word' id='word_1_120' title='bbox 1391 2171 1427 2228; x_wconf 93' lang='lat' dir='ltr'><strong>et</strong></span> <span class='ocrx_word' id='word_1_121' title='bbox 1457 2158 1533 2255; x_wconf 90' lang='lat' dir='ltr'><strong>ipsa</strong></span> <span class='ocrx_word' id='word_1_122' title='bbox 1562 2154 1823 2228; x_wconf 88' lang='lat' dir='ltr'><strong>benedictionis</strong></span> 
     </span>
     <span class='ocr_line' id='line_1_13' title="bbox 236 2279 542 2351; baseline -0.007 0"><span class='ocrx_word' id='word_1_123' title='bbox 236 2279 343 2351; x_wconf 90' lang='lat' dir='ltr'><strong>verba</strong></span> <span class='ocrx_word' id='word_1_124' title='bbox 357 2293 542 2351; x_wconf 87' lang='lat' dir='ltr'><strong>testantur.</strong></span> 
     </span>
    </p>

    <p class='ocr_par' dir='ltr' id='par_1_3' title="bbox 140 2379 1903 5260">
     <span class='ocr_line' id='line_1_14' title="bbox 284 2379 1826 2496; baseline -0.001 -28"><span class='ocrx_word' id='word_1_125' title='bbox 284 2402 406 2487; x_wconf 90' lang='lat' dir='ltr'><strong>Quum</strong></span> <span class='ocrx_word' id='word_1_126' title='bbox 428 2398 534 2495; x_wconf 91' lang='lat' dir='ltr'><strong>igitur</strong></span> <span class='ocrx_word' id='word_1_127' title='bbox 555 2397 673 2496; x_wconf 86' lang='lat' dir='ltr'><strong>aliqua</strong></span> <span class='ocrx_word' id='word_1_128' title='bbox 691 2423 733 2470; x_wconf 84' lang='lat' dir='ltr'><strong>ex</strong></span> <span class='ocrx_word' id='word_1_129' title='bbox 752 2400 961 2496; x_wconf 85' lang='lat' dir='ltr'><strong>antiquitate</strong></span> <span class='ocrx_word' id='word_1_130' title='bbox 987 2400 1221 2494; x_wconf 89' lang='lat' dir='ltr'><strong>retineamus,</strong></span> <span class='ocrx_word' id='word_1_131' title='bbox 1242 2398 1360 2496; x_wconf 87' lang='lat' dir='ltr'><strong>aliqua</strong></span> <span class='ocrx_word' id='word_1_132' title='bbox 1376 2379 1607 2496; x_wconf 77' lang='lat' dir='ltr'><strong>respuamus,</strong></span> <span class='ocrx_word' id='word_1_133' title='bbox 1629 2421 1743 2468; x_wconf 85' lang='lat' dir='ltr'><strong>causae</strong></span> <span class='ocrx_word' id='word_1_134' title='bbox 1769 2396 1826 2468; x_wconf 87' lang='lat' dir='ltr'><strong>vel</strong></span> 
     </span>
     <span class='ocr_line' id='line_1_15' title="bbox 236 2516 1823 2617; baseline 0.001 -32"><span class='ocrx_word' id='word_1_135' title='bbox 236 2517 523 2613; x_wconf 87' lang='lat' dir='ltr'><strong>opportunitates</strong></span> <span class='ocrx_word' id='word_1_136' title='bbox 551 2517 744 2616; x_wconf 70' lang='lat' dir='ltr'><strong>pensandae</strong></span> <span class='ocrx_word' id='word_1_137' title='bbox 768 2532 852 2590; x_wconf 90' lang='lat' dir='ltr'><strong>sunt</strong></span> <span class='ocrx_word' id='word_1_138' title='bbox 881 2519 918 2589; x_wconf 95' lang='lat' dir='ltr'><strong>in</strong></span> <span class='ocrx_word' id='word_1_139' title='bbox 947 2518 1104 2617; x_wconf 90' lang='lat' dir='ltr'><strong>singulis.</strong></span> <span class='ocrx_word' id='word_1_140' title='bbox 1134 2517 1242 2606; x_wconf 91' lang='lat' dir='ltr'><strong>Quod</strong></span> <span class='ocrx_word' id='word_1_141' title='bbox 1271 2516 1418 2616; x_wconf 87' lang='lat' dir='ltr'><strong>quidam</strong></span> <span class='ocrx_word' id='word_1_142' title='bbox 1444 2518 1563 2588; x_wconf 90' lang='lat' dir='ltr'><strong>minus</strong></span> <span class='ocrx_word' id='word_1_143' title='bbox 1585 2516 1823 2604; x_wconf 89' lang='lat' dir='ltr'><strong>attendentes,</strong></span> 
     </span>
     <span class='ocr_line' id='line_1_16' title="bbox 140 2633 1898 2739; baseline 0.002 -34"><span class='ocrx_word' id='word_1_144' title='bbox 140 2643 144 2654; x_wconf 89' lang='lat'>&#39;</span> <span class='ocrx_word' id='word_1_145' title='bbox 236 2633 321 2707; x_wconf 92' lang='lat' dir='ltr'><strong>inde</strong></span> <span class='ocrx_word' id='word_1_146' title='bbox 340 2637 463 2709; x_wconf 90' lang='lat' dir='ltr'><strong>omnia</strong></span> <span class='ocrx_word' id='word_1_147' title='bbox 484 2641 560 2732; x_wconf 86' lang='lat' dir='ltr'><strong>jam</strong></span> <span class='ocrx_word' id='word_1_148' title='bbox 581 2638 784 2739; x_wconf 90' lang='lat' dir='ltr'><strong>respuenda</strong></span> <span class='ocrx_word' id='word_1_149' title='bbox 799 2638 980 2734; x_wconf 87' lang='lat' dir='ltr'><strong>judicant,</strong></span> <span class='ocrx_word' id='word_1_150' title='bbox 1002 2641 1086 2738; x_wconf 91' lang='lat' dir='ltr'><strong>quia</strong></span> <span class='ocrx_word' id='word_1_151' title='bbox 1114 2639 1234 2738; x_wconf 85' lang='lat' dir='ltr'><strong>iigurae</strong></span> <span class='ocrx_word' id='word_1_152' title='bbox 1261 2639 1404 2712; x_wconf 89' lang='lat' dir='ltr'><strong>fuerunt</strong></span> <span class='ocrx_word' id='word_1_153' title='bbox 1433 2638 1629 2710; x_wconf 86' lang='lat' dir='ltr'><strong>subsecutae</strong></span> <span class='ocrx_word' id='word_1_154' title='bbox 1650 2638 1823 2728; x_wconf 87' lang='lat' dir='ltr'><strong>veritatis,</strong></span> <span class='ocrx_word' id='word_1_155' title='bbox 1894 2635 1898 2643; x_wconf 79' lang='grc'><strong>’</strong></span> 
     </span>
     <span class='ocr_line' id='line_1_17' title="bbox 238 2755 1823 2858; baseline 0.003 -32"><span class='ocrx_word' id='word_1_156' title='bbox 238 2770 273 2826; x_wconf 92' lang='lat' dir='ltr'><strong>et</strong></span> <span class='ocrx_word' id='word_1_157' title='bbox 290 2779 356 2854; x_wconf 89' lang='lat' dir='ltr'><strong>per</strong></span> <span class='ocrx_word' id='word_1_158' title='bbox 371 2755 551 2829; x_wconf 91' lang='lat' dir='ltr'><strong>Christum</strong></span> <span class='ocrx_word' id='word_1_159' title='bbox 566 2759 641 2854; x_wconf 86' lang='lat' dir='ltr'><strong>jam</strong></span> <span class='ocrx_word' id='word_1_160' title='bbox 658 2759 857 2858; x_wconf 87' lang='lat' dir='ltr'><strong>completae.</strong></span> <span class='ocrx_word' id='word_1_161' title='bbox 880 2759 984 2832; x_wconf 89' lang='lat' dir='ltr'><strong>Unde</strong></span> <span class='ocrx_word' id='word_1_162' title='bbox 1003 2762 1131 2832; x_wconf 92' lang='lat' dir='ltr'><strong>merito</strong></span> <span class='ocrx_word' id='word_1_163' title='bbox 1144 2759 1202 2831; x_wconf 90' lang='lat' dir='ltr'><strong>illa</strong></span> <span class='ocrx_word' id='word_1_164' title='bbox 1210 2760 1286 2855; x_wconf 87' lang='lat' dir='ltr'><strong>jam</strong></span> <span class='ocrx_word' id='word_1_165' title='bbox 1298 2761 1448 2831; x_wconf 93' lang='lat' dir='ltr'><strong>omnino</strong></span> <span class='ocrx_word' id='word_1_166' title='bbox 1460 2759 1639 2857; x_wconf 78' lang='lat' dir='ltr'><strong>superflua</strong></span> <span class='ocrx_word' id='word_1_167' title='bbox 1657 2773 1823 2849; x_wconf 90' lang='lat' dir='ltr'><strong>censent,</strong></span> 
     </span>
     <span class='ocr_line' id='line_1_18' title="bbox 237 2869 1827 2980; baseline 0.003 -34"><span class='ocrx_word' id='word_1_168' title='bbox 237 2874 298 2946; x_wconf 93' lang='lat' dir='ltr'><strong>ubi</strong></span> <span class='ocrx_word' id='word_1_169' title='bbox 324 2899 433 2973; x_wconf 88' lang='lat' dir='ltr'><strong>quam</strong></span> <span class='ocrx_word' id='word_1_170' title='bbox 451 2877 724 2975; x_wconf 84' lang='lat' dir='ltr'><strong>praefigurabant</strong></span> <span class='ocrx_word' id='word_1_171' title='bbox 741 2881 869 2952; x_wconf 83' lang='lat' dir='ltr'><strong>veritas</strong></span> <span class='ocrx_word' id='word_1_172' title='bbox 887 2881 1065 2980; x_wconf 85' lang='lat' dir='ltr'><strong>completa</strong></span> <span class='ocrx_word' id='word_1_173' title='bbox 1083 2869 1136 2953; x_wconf 78' lang='lat' dir='ltr'><strong>esi</strong></span> <span class='ocrx_word' id='word_1_174' title='bbox 1157 2909 1164 2952; x_wconf 94' lang='lat'><strong>:</strong></span> <span class='ocrx_word' id='word_1_175' title='bbox 1187 2904 1235 2952; x_wconf 89' lang='lat' dir='ltr'><strong>ne</strong></span> <span class='ocrx_word' id='word_1_176' title='bbox 1254 2880 1345 2952; x_wconf 86' lang='lat' dir='ltr'><strong>forte</strong></span> <span class='ocrx_word' id='word_1_177' title='bbox 1363 2881 1392 2952; x_wconf 88' lang='lat' dir='ltr'><strong>si</strong></span> <span class='ocrx_word' id='word_1_178' title='bbox 1410 2878 1529 2951; x_wconf 89' lang='lat' dir='ltr'><strong>adhuc</strong></span> <span class='ocrx_word' id='word_1_179' title='bbox 1553 2903 1637 2950; x_wconf 90' lang='lat' dir='ltr'><strong>cum</strong></span> <span class='ocrx_word' id='word_1_180' title='bbox 1662 2879 1738 2977; x_wconf 89' lang='lat' dir='ltr'><strong>ipsa</strong></span> <span class='ocrx_word' id='word_1_181' title='bbox 1764 2903 1827 2950; x_wconf 85' lang='lat' dir='ltr'><strong>ve-</strong></span> 
     </span>
     <span class='ocr_line' id='line_1_19' title="bbox 237 2995 1903 3099; baseline 0.002 -34"><span class='ocrx_word' id='word_1_182' title='bbox 237 2995 339 3067; x_wconf 88' lang='lat' dir='ltr'><strong>ritate</strong></span> <span class='ocrx_word' id='word_1_183' title='bbox 356 2997 594 3068; x_wconf 90' lang='lat' dir='ltr'><strong>retinerentur</strong></span> <span class='ocrx_word' id='word_1_184' title='bbox 612 2997 748 3096; x_wconf 74' lang='lat' dir='ltr'><strong>figurae,</strong></span> <span class='ocrx_word' id='word_1_185' title='bbox 769 3025 848 3098; x_wconf 86' lang='lat' dir='ltr'><strong>quae</strong></span> <span class='ocrx_word' id='word_1_186' title='bbox 875 3002 988 3098; x_wconf 87' lang='lat' dir='ltr'><strong>ipsam</strong></span> <span class='ocrx_word' id='word_1_187' title='bbox 1010 3001 1287 3099; x_wconf 78' lang='lat' dir='ltr'><strong>praesignarunt,</strong></span> <span class='ocrx_word' id='word_1_188' title='bbox 1308 2997 1426 3070; x_wconf 90' lang='lat' dir='ltr'><strong>adhue</strong></span> <span class='ocrx_word' id='word_1_189' title='bbox 1444 3012 1705 3096; x_wconf 88' lang='lat' dir='ltr'><strong>exspectaretur</strong></span> <span class='ocrx_word' id='word_1_190' title='bbox 1728 2998 1827 3069; x_wconf 83' lang='lat' dir='ltr'><strong>futu·</strong></span> <span class='ocrx_word' id='word_1_191' title='bbox 1891 3067 1903 3090; x_wconf 67' lang='grc'><em>,</em></span> 
     </span>
     <span class='ocr_line' id='line_1_20' title="bbox 238 3116 1827 3218; baseline 0.002 -34"><span class='ocrx_word' id='word_1_192' title='bbox 238 3137 318 3184; x_wconf 91' lang='lat' dir='ltr'><strong>rum</strong></span> <span class='ocrx_word' id='word_1_193' title='bbox 338 3116 438 3212; x_wconf 94' lang='lat' dir='ltr'><strong>quod</strong></span> <span class='ocrx_word' id='word_1_194' title='bbox 459 3117 534 3212; x_wconf 84' lang='lat' dir='ltr'><strong>jam</strong></span> <span class='ocrx_word' id='word_1_195' title='bbox 559 3134 611 3188; x_wconf 91' lang='lat' dir='ltr'><strong>est</strong></span> <span class='ocrx_word' id='word_1_196' title='bbox 633 3119 865 3217; x_wconf 85' lang='lat' dir='ltr'><strong>completum.</strong></span> <span class='ocrx_word' id='word_1_197' title='bbox 897 3119 966 3191; x_wconf 89' lang='lat' dir='ltr'><strong>Sed</strong></span> <span class='ocrx_word' id='word_1_198' title='bbox 985 3120 1086 3216; x_wconf 81' lang='lat' dir='ltr'><strong>juxta</strong></span> <span class='ocrx_word' id='word_1_199' title='bbox 1114 3119 1208 3191; x_wconf 89' lang='lat' dir='ltr'><strong>hano</strong></span> <span class='ocrx_word' id='word_1_200' title='bbox 1233 3118 1393 3218; x_wconf 88' lang='lat' dir='ltr'><strong>prolecto</strong></span> <span class='ocrx_word' id='word_1_201' title='bbox 1418 3118 1610 3202; x_wconf 88' lang='lat' dir='ltr'><strong>rationem,</strong></span> <span class='ocrx_word' id='word_1_202' title='bbox 1638 3141 1748 3189; x_wconf 91' lang='lat' dir='ltr'><strong>omne</strong></span> <span class='ocrx_word' id='word_1_203' title='bbox 1776 3117 1827 3188; x_wconf 90' lang='lat' dir='ltr'><strong>rei</strong></span> 
     </span>
     <span class='ocr_line' id='line_1_21' title="bbox 237 3221 1827 3338; baseline 0.004 -34"><span class='ocrx_word' id='word_1_204' title='bbox 237 3234 365 3306; x_wconf 86' lang='lat' dir='ltr'><strong>futurae</strong></span> <span class='ocrx_word' id='word_1_205' title='bbox 382 3253 644 3310; x_wconf 87' lang='lat' dir='ltr'><strong>sacramentum</strong></span> <span class='ocrx_word' id='word_1_206' title='bbox 661 3240 717 3312; x_wconf 90' lang='lat' dir='ltr'><strong>vel</strong></span> <span class='ocrx_word' id='word_1_207' title='bbox 734 3239 884 3338; x_wconf 84' lang='lat' dir='ltr'><strong>figuram</strong></span> <span class='ocrx_word' id='word_1_208' title='bbox 896 3221 1089 3338; x_wconf 71' lang='lat' dir='ltr'><strong>‘mysticam</strong></span> <span class='ocrx_word' id='word_1_209' title='bbox 1106 3265 1252 3313; x_wconf 89' lang='lat' dir='ltr'><strong>manere</strong></span> <span class='ocrx_word' id='word_1_210' title='bbox 1277 3265 1351 3313; x_wconf 86' lang='lat' dir='ltr'><strong>non</strong></span> <span class='ocrx_word' id='word_1_211' title='bbox 1372 3241 1540 3312; x_wconf 89' lang='lat' dir='ltr'><strong>convenit</strong></span> <span class='ocrx_word' id='word_1_212' title='bbox 1562 3254 1752 3338; x_wconf 89' lang='lat' dir='ltr'><strong>postquam</strong></span> <span class='ocrx_word' id='word_1_213' title='bbox 1769 3262 1827 3310; x_wconf 89' lang='lat' dir='ltr'><strong>res</strong></span> 
     </span>
     <span class='ocr_line' id='line_1_22' title="bbox 237 3353 1826 3459; baseline 0.004 -35"><span class='ocrx_word' id='word_1_214' title='bbox 237 3353 315 3450; x_wconf 86' lang='lat' dir='ltr'><strong>ejus</strong></span> <span class='ocrx_word' id='word_1_215' title='bbox 328 3355 508 3454; x_wconf 91' lang='lat' dir='ltr'><strong>completa</strong></span> <span class='ocrx_word' id='word_1_216' title='bbox 523 3373 587 3430; x_wconf 89' lang='lat' dir='ltr'><strong>est.</strong></span> <span class='ocrx_word' id='word_1_217' title='bbox 611 3359 715 3431; x_wconf 92' lang='lat' dir='ltr'><strong>Unde</strong></span> <span class='ocrx_word' id='word_1_218' title='bbox 734 3376 769 3432; x_wconf 90' lang='lat' dir='ltr'><strong>et</strong></span> <span class='ocrx_word' id='word_1_219' title='bbox 786 3361 1011 3458; x_wconf 89' lang='lat' dir='ltr'><strong>conjugium,</strong></span> <span class='ocrx_word' id='word_1_220' title='bbox 1034 3361 1134 3459; x_wconf 92' lang='lat' dir='ltr'><strong>quod</strong></span> <span class='ocrx_word' id='word_1_221' title='bbox 1151 3361 1280 3432; x_wconf 91' lang='lat' dir='ltr'><strong>Christi</strong></span> <span class='ocrx_word' id='word_1_222' title='bbox 1298 3375 1334 3433; x_wconf 92' lang='lat' dir='ltr'><strong>et</strong></span> <span class='ocrx_word' id='word_1_223' title='bbox 1351 3360 1514 3432; x_wconf 84' lang='lat' dir='ltr'><strong>Ecclesiae</strong></span> <span class='ocrx_word' id='word_1_224' title='bbox 1532 3361 1692 3431; x_wconf 92' lang='lat' dir='ltr'><strong>continet</strong></span> <span class='ocrx_word' id='word_1_225' title='bbox 1709 3383 1826 3431; x_wconf 88' lang='lat' dir='ltr'><strong>sacra·</strong></span> 
     </span>
     <span class='ocr_line' id='line_1_23' title="bbox 239 3477 1829 3578; baseline 0.004 -34"><span class='ocrx_word' id='word_1_226' title='bbox 239 3489 421 3568; x_wconf 90' lang='lat' dir='ltr'><strong>mentum,</strong></span> <span class='ocrx_word' id='word_1_227' title='bbox 437 3477 495 3548; x_wconf 82' lang='lat' dir='ltr'><strong>vel</strong></span> <span class='ocrx_word' id='word_1_228' title='bbox 509 3479 622 3576; x_wconf 88' lang='lat' dir='ltr'><strong>ipsam</strong></span> <span class='ocrx_word' id='word_1_229' title='bbox 637 3504 760 3577; x_wconf 91' lang='lat' dir='ltr'><strong>regum</strong></span> <span class='ocrx_word' id='word_1_230' title='bbox 774 3495 809 3552; x_wconf 91' lang='lat' dir='ltr'><strong>et</strong></span> <span class='ocrx_word' id='word_1_231' title='bbox 819 3480 1044 3552; x_wconf 89' lang='lat' dir='ltr'><strong>sacerdotum</strong></span> <span class='ocrx_word' id='word_1_232' title='bbox 1059 3482 1280 3571; x_wconf 89' lang='lat' dir='ltr'><strong>unctionem,</strong></span> <span class='ocrx_word' id='word_1_233' title='bbox 1296 3505 1378 3552; x_wconf 89' lang='lat' dir='ltr'><strong>cum</strong></span> <span class='ocrx_word' id='word_1_234' title='bbox 1392 3480 1460 3570; x_wconf 92' lang='lat' dir='ltr'><strong>his,</strong></span> <span class='ocrx_word' id='word_1_235' title='bbox 1475 3505 1554 3577; x_wconf 81' lang='lat' dir='ltr'><strong>quae</strong></span> <span class='ocrx_word' id='word_1_236' title='bbox 1571 3478 1829 3578; x_wconf 86' lang='lat' dir='ltr'><strong>praediximusa</strong></span> 
     </span>
     <span class='ocr_line' id='line_1_24' title="bbox 238 3593 1828 3699; baseline 0.003 -35"><span class='ocrx_word' id='word_1_237' title='bbox 238 3593 344 3666; x_wconf 91' lang='lat' dir='ltr'><strong>nobis</strong></span> <span class='ocrx_word' id='word_1_238' title='bbox 355 3596 519 3690; x_wconf 80' lang='lat' dir='ltr'><strong>retineri,</strong></span> <span class='ocrx_word' id='word_1_239' title='bbox 535 3601 663 3670; x_wconf 90' lang='lat' dir='ltr'><strong>cessari</strong></span> <span class='ocrx_word' id='word_1_240' title='bbox 674 3599 747 3695; x_wconf 86' lang='lat' dir='ltr'><strong>jam</strong></span> <span class='ocrx_word' id='word_1_241' title='bbox 761 3614 916 3699; x_wconf 90' lang='lat' dir='ltr'><strong>oportet.</strong></span> <span class='ocrx_word' id='word_1_242' title='bbox 938 3606 985 3672; x_wconf 92' lang='lat' dir='ltr'><strong>Ut</strong></span> <span class='ocrx_word' id='word_1_243' title='bbox 994 3600 1070 3696; x_wconf 86' lang='lat' dir='ltr'><strong>jam</strong></span> <span class='ocrx_word' id='word_1_244' title='bbox 1087 3600 1253 3673; x_wconf 87' lang='lat' dir='ltr'><strong>videlicet</strong></span> <span class='ocrx_word' id='word_1_245' title='bbox 1266 3626 1334 3672; x_wconf 91' lang='lat' dir='ltr'><strong>nec</strong></span> <span class='ocrx_word' id='word_1_246' title='bbox 1346 3599 1556 3672; x_wconf 81' lang='lat' dir='ltr'><strong>sacrificium</strong></span> <span class='ocrx_word' id='word_1_247' title='bbox 1569 3597 1828 3671; x_wconf 87' lang='lat' dir='ltr'><strong>Melchisedech</strong></span> 
     </span>
     <span class='ocr_line' id='line_1_25' title="bbox 240 3714 1829 3815; baseline 0.003 -30"><span class='ocrx_word' id='word_1_248' title='bbox 240 3714 416 3814; x_wconf 87' lang='lat' dir='ltr'><strong>infigaris</strong></span> <span class='ocrx_word' id='word_1_249' title='bbox 442 3743 650 3815; x_wconf 89' lang='lat' dir='ltr'><strong>sequamur,</strong></span> <span class='ocrx_word' id='word_1_250' title='bbox 680 3745 747 3791; x_wconf 88' lang='lat' dir='ltr'><strong>nec</strong></span> <span class='ocrx_word' id='word_1_251' title='bbox 770 3720 893 3792; x_wconf 89' lang='lat' dir='ltr'><strong>altaria</strong></span> <span class='ocrx_word' id='word_1_252' title='bbox 915 3720 1106 3793; x_wconf 87' lang='lat' dir='ltr'><strong>chrismate</strong></span> <span class='ocrx_word' id='word_1_253' title='bbox 1125 3745 1394 3812; x_wconf 89' lang='lat' dir='ltr'><strong>consecremus,</strong></span> <span class='ocrx_word' id='word_1_254' title='bbox 1415 3745 1482 3793; x_wconf 91' lang='lat' dir='ltr'><strong>nec</strong></span> <span class='ocrx_word' id='word_1_255' title='bbox 1500 3720 1665 3792; x_wconf 90' lang='lat' dir='ltr'><strong>ecclesias</strong></span> <span class='ocrx_word' id='word_1_256' title='bbox 1687 3717 1829 3792; x_wconf 87' lang='lat' dir='ltr'><strong>dedice·</strong></span> 
     </span>
     <span class='ocr_line' id='line_1_26' title="bbox 241 3837 1830 3940; baseline 0.001 -34"><span class='ocrx_word' id='word_1_257' title='bbox 241 3859 338 3926; x_wconf 87' lang='lat' dir='ltr'><strong>mus,</strong></span> <span class='ocrx_word' id='word_1_258' title='bbox 358 3860 425 3908; x_wconf 90' lang='lat' dir='ltr'><strong>nec</strong></span> <span class='ocrx_word' id='word_1_259' title='bbox 438 3837 652 3911; x_wconf 85' lang='lat' dir='ltr'><strong>candelabra</strong></span> <span class='ocrx_word' id='word_1_260' title='bbox 666 3841 702 3910; x_wconf 95' lang='lat' dir='ltr'><strong>in</strong></span> <span class='ocrx_word' id='word_1_261' title='bbox 715 3840 870 3912; x_wconf 90' lang='lat' dir='ltr'><strong>ecclesiis</strong></span> <span class='ocrx_word' id='word_1_262' title='bbox 884 3843 1078 3938; x_wconf 89' lang='lat' dir='ltr'><strong>erigamus,</strong></span> <span class='ocrx_word' id='word_1_263' title='bbox 1101 3857 1135 3912; x_wconf 89' lang='lat' dir='ltr'><strong>et</strong></span> <span class='ocrx_word' id='word_1_264' title='bbox 1147 3857 1271 3914; x_wconf 80' lang='lat' dir='ltr'><strong>caetera</strong></span> <span class='ocrx_word' id='word_1_265' title='bbox 1290 3867 1368 3940; x_wconf 86' lang='lat' dir='ltr'><strong>quae</strong></span> <span class='ocrx_word' id='word_1_266' title='bbox 1386 3842 1541 3912; x_wconf 85' lang='lat' dir='ltr'><strong>diximus</strong></span> <span class='ocrx_word' id='word_1_267' title='bbox 1554 3841 1697 3938; x_wconf 87' lang='lat' dir='ltr'><strong>penitus</strong></span> <span class='ocrx_word' id='word_1_268' title='bbox 1712 3862 1830 3910; x_wconf 89' lang='lat' dir='ltr'><strong>remo·</strong></span> 
     </span>
     <span class='ocr_line' id='line_1_27' title="bbox 241 3956 1831 4060; baseline 0.004 -36"><span class='ocrx_word' id='word_1_269' title='bbox 241 3979 400 4028; x_wconf 89' lang='lat' dir='ltr'><strong>veamus.</strong></span> <span class='ocrx_word' id='word_1_270' title='bbox 423 3956 531 4044; x_wconf 92' lang='lat' dir='ltr'><strong>Quod</strong></span> <span class='ocrx_word' id='word_1_271' title='bbox 550 3959 633 4057; x_wconf 90' lang='lat' dir='ltr'><strong>quia</strong></span> <span class='ocrx_word' id='word_1_272' title='bbox 651 3984 759 4031; x_wconf 88' lang='lat' dir='ltr'><strong>nemo</strong></span> <span class='ocrx_word' id='word_1_273' title='bbox 780 3960 938 4034; x_wconf 89' lang='lat' dir='ltr'><strong>fidelium</strong></span> <span class='ocrx_word' id='word_1_274' title='bbox 968 3962 1024 4032; x_wconf 90' lang='lat' dir='ltr'><strong>vel</strong></span> <span class='ocrx_word' id='word_1_275' title='bbox 1051 3961 1288 4032; x_wconf 89' lang='lat' dir='ltr'><strong>discretorum</strong></span> <span class='ocrx_word' id='word_1_276' title='bbox 1311 3962 1504 4060; x_wconf 87' lang='lat' dir='ltr'><strong>approbat,</strong></span> <span class='ocrx_word' id='word_1_277' title='bbox 1532 3975 1672 4033; x_wconf 88' lang='lat' dir='ltr'><strong>constat</strong></span> <span class='ocrx_word' id='word_1_278' title='bbox 1696 3958 1831 4058; x_wconf 84' lang='lat' dir='ltr'><strong>aliquas</strong></span> 
     </span>
     <span class='ocr_line' id='line_1_28' title="bbox 242 4076 1830 4176; baseline 0.003 -32"><span class='ocrx_word' id='word_1_279' title='bbox 242 4098 317 4147; x_wconf 85' lang='lat' dir='ltr'><strong>esse</strong></span> <span class='ocrx_word' id='word_1_280' title='bbox 334 4076 508 4167; x_wconf 89' lang='lat' dir='ltr'><strong>rationes,</strong></span> <span class='ocrx_word' id='word_1_281' title='bbox 529 4102 593 4148; x_wconf 93' lang='lat' dir='ltr'><strong>cur</strong></span> <span class='ocrx_word' id='word_1_282' title='bbox 612 4103 653 4149; x_wconf 84' lang='lat' dir='ltr'><strong>ex</strong></span> <span class='ocrx_word' id='word_1_283' title='bbox 675 4081 791 4151; x_wconf 90' lang='lat' dir='ltr'><strong>Veteri</strong></span> <span class='ocrx_word' id='word_1_284' title='bbox 808 4084 1033 4151; x_wconf 84' lang='lat' dir='ltr'><strong>Testamento</strong></span> <span class='ocrx_word' id='word_1_285' title='bbox 1048 4078 1222 4151; x_wconf 87' lang='lat' dir='ltr'><strong>nonnulla</strong></span> <span class='ocrx_word' id='word_1_286' title='bbox 1240 4081 1277 4150; x_wconf 94' lang='lat' dir='ltr'><strong>in</strong></span> <span class='ocrx_word' id='word_1_287' title='bbox 1295 4104 1415 4152; x_wconf 91' lang='lat' dir='ltr'><strong>rerum</strong></span> <span class='ocrx_word' id='word_1_288' title='bbox 1436 4081 1543 4176; x_wconf 88' lang='lat' dir='ltr'><strong>signis</strong></span> <span class='ocrx_word' id='word_1_289' title='bbox 1560 4081 1652 4150; x_wconf 90' lang='lat' dir='ltr'><strong>sicut</strong></span> <span class='ocrx_word' id='word_1_290' title='bbox 1665 4080 1701 4149; x_wconf 92' lang='lat' dir='ltr'><strong>in</strong></span> <span class='ocrx_word' id='word_1_291' title='bbox 1713 4077 1830 4149; x_wconf 88' lang='lat' dir='ltr'><strong>verbis</strong></span> 
     </span>
     <span class='ocr_line' id='line_1_29' title="bbox 242 4194 1829 4298; baseline 0.003 -35"><span class='ocrx_word' id='word_1_292' title='bbox 242 4194 364 4266; x_wconf 89' lang='lat' dir='ltr'><strong>omnia</strong></span> <span class='ocrx_word' id='word_1_293' title='bbox 377 4197 582 4268; x_wconf 89' lang='lat' dir='ltr'><strong>retinemus.</strong></span> <span class='ocrx_word' id='word_1_294' title='bbox 605 4201 775 4285; x_wconf 89' lang='lat' dir='ltr'><strong>Quamvis</strong></span> <span class='ocrx_word' id='word_1_295' title='bbox 793 4199 889 4271; x_wconf 91' lang='lat' dir='ltr'><strong>enim</strong></span> <span class='ocrx_word' id='word_1_296' title='bbox 904 4199 1121 4298; x_wconf 91' lang='lat' dir='ltr'><strong>prolationes</strong></span> <span class='ocrx_word' id='word_1_297' title='bbox 1134 4199 1327 4271; x_wconf 90' lang='lat' dir='ltr'><strong>verborum</strong></span> <span class='ocrx_word' id='word_1_298' title='bbox 1346 4199 1563 4270; x_wconf 83' lang='lat' dir='ltr'><strong>manifestius</strong></span> <span class='ocrx_word' id='word_1_299' title='bbox 1583 4223 1692 4295; x_wconf 90' lang='lat' dir='ltr'><strong>quam</strong></span> <span class='ocrx_word' id='word_1_300' title='bbox 1709 4196 1829 4293; x_wconf 75' lang='lat' dir='ltr'><strong>figuroe</strong></span> 
     </span>
     <span class='ocr_line' id='line_1_30' title="bbox 243 4317 1830 4417; baseline 0.003 -33"><span class='ocrx_word' id='word_1_301' title='bbox 243 4329 547 4387; x_wconf 82' lang='lat' dir='ltr'><strong>sacramentorum</strong></span> <span class='ocrx_word' id='word_1_302' title='bbox 563 4317 811 4390; x_wconf 88' lang='lat' dir='ltr'><strong>demonstrent</strong></span> <span class='ocrx_word' id='word_1_303' title='bbox 824 4319 860 4390; x_wconf 93' lang='lat' dir='ltr'><strong>id</strong></span> <span class='ocrx_word' id='word_1_304' title='bbox 872 4318 972 4417; x_wconf 92' lang='lat' dir='ltr'><strong>quod</strong></span> <span class='ocrx_word' id='word_1_305' title='bbox 987 4318 1205 4417; x_wconf 84' lang='lat' dir='ltr'><strong>significant,</strong></span> <span class='ocrx_word' id='word_1_306' title='bbox 1220 4318 1318 4409; x_wconf 83' lang='lat' dir='ltr'><strong>nulla</strong></span> <span class='ocrx_word' id='word_1_307' title='bbox 1331 4334 1451 4391; x_wconf 86' lang='lat' dir='ltr'><strong>tamen</strong></span> <span class='ocrx_word' id='word_1_308' title='bbox 1470 4319 1602 4416; x_wconf 80' lang='lat' dir='ltr'><strong>Veteris</strong></span> <span class='ocrx_word' id='word_1_309' title='bbox 1615 4318 1830 4390; x_wconf 87' lang='lat' dir='ltr'><strong>Testamenti</strong></span> 
     </span>
     <span class='ocr_line' id='line_1_31' title="bbox 245 4432 1829 4538; baseline 0.003 -34"><span class='ocrx_word' id='word_1_310' title='bbox 245 4432 351 4506; x_wconf 85' lang='lat' dir='ltr'><strong>verba</strong></span> <span class='ocrx_word' id='word_1_311' title='bbox 368 4436 586 4534; x_wconf 86' lang='lat' dir='ltr'><strong>respuimus,</strong></span> <span class='ocrx_word' id='word_1_312' title='bbox 608 4439 715 4510; x_wconf 89' lang='lat' dir='ltr'><strong>etiarn</strong></span> <span class='ocrx_word' id='word_1_313' title='bbox 734 4465 847 4537; x_wconf 90' lang='lat' dir='ltr'><strong>quum</strong></span> <span class='ocrx_word' id='word_1_314' title='bbox 865 4440 965 4512; x_wconf 89' lang='lat' dir='ltr'><strong>aliter</strong></span> <span class='ocrx_word' id='word_1_315' title='bbox 979 4440 1078 4538; x_wconf 89' lang='lat' dir='ltr'><strong>loqui</strong></span> <span class='ocrx_word' id='word_1_316' title='bbox 1095 4439 1263 4512; x_wconf 83' lang='lat' dir='ltr'><strong>videntur</strong></span> <span class='ocrx_word' id='word_1_317' title='bbox 1279 4465 1388 4538; x_wconf 87' lang='lat' dir='ltr'><strong>quam</strong></span> <span class='ocrx_word' id='word_1_318' title='bbox 1407 4439 1533 4536; x_wconf 89' lang='lat' dir='ltr'><strong>sejam</strong></span> <span class='ocrx_word' id='word_1_319' title='bbox 1549 4439 1600 4510; x_wconf 94' lang='lat' dir='ltr'><strong>rei</strong></span> <span class='ocrx_word' id='word_1_320' title='bbox 1618 4437 1746 4510; x_wconf 88' lang='lat' dir='ltr'><strong>veritas</strong></span> <span class='ocrx_word' id='word_1_321' title='bbox 1764 4437 1829 4508; x_wconf 90' lang='lat' dir='ltr'><strong>ha·</strong></span> 
     </span>
     <span class='ocr_line' id='line_1_32' title="bbox 243 4549 1829 4660; baseline 0.001 -35"><span class='ocrx_word' id='word_1_322' title='bbox 243 4549 324 4626; x_wconf 86' lang='lat' dir='ltr'><strong>beat</strong></span> <span class='ocrx_word' id='word_1_323' title='bbox 340 4581 348 4625; x_wconf 92' lang='lat'><strong>:</strong></span> <span class='ocrx_word' id='word_1_324' title='bbox 369 4555 480 4628; x_wconf 82' lang='lat' dir='ltr'><strong>veluti</strong></span> <span class='ocrx_word' id='word_1_325' title='bbox 492 4582 604 4654; x_wconf 88' lang='lat' dir='ltr'><strong>quurn</strong></span> <span class='ocrx_word' id='word_1_326' title='bbox 619 4558 748 4631; x_wconf 90' lang='lat' dir='ltr'><strong>dicitur</strong></span> <span class='ocrx_word' id='word_1_327' title='bbox 758 4563 785 4630; x_wconf 80' lang='lat'><strong>³:</strong></span> <span class='ocrx_word' id='word_1_328' title='bbox 806 4590 823 4628; x_wconf 82' lang='lat' dir='ltr'><strong>u</strong></span> <span class='ocrx_word' id='word_1_329' title='bbox 838 4565 929 4632; x_wconf 89' lang='lat' dir='ltr'><strong>Ecce</strong></span> <span class='ocrx_word' id='word_1_330' title='bbox 943 4562 1043 4658; x_wconf 85' lang='lat' dir='ltr'><strong>virgo</strong></span> <span class='ocrx_word' id='word_1_331' title='bbox 1057 4561 1247 4660; x_wconf 89' lang='lat' dir='ltr'><strong>concipiet.</strong></span> <span class='ocrx_word' id='word_1_332' title='bbox 1264 4589 1283 4629; x_wconf 83' lang='lat' dir='ltr'><strong>u</strong></span> <span class='ocrx_word' id='word_1_333' title='bbox 1300 4558 1395 4648; x_wconf 88' lang='lat' dir='ltr'><strong>Quid</strong></span> <span class='ocrx_word' id='word_1_334' title='bbox 1412 4561 1460 4632; x_wconf 90' lang='lat' dir='ltr'><strong>ita</strong></span> <span class='ocrx_word' id='word_1_335' title='bbox 1474 4560 1619 4642; x_wconf 90' lang='lat' dir='ltr'><strong>mirum,</strong></span> <span class='ocrx_word' id='word_1_336' title='bbox 1632 4581 1744 4656; x_wconf 91' lang='lat' dir='ltr'><strong>quum</strong></span> <span class='ocrx_word' id='word_1_337' title='bbox 1754 4570 1829 4642; x_wconf 79' lang='lat' dir='ltr'><strong>tam</strong></span> 
     </span>
     <span class='ocr_line' id='line_1_33' title="bbox 243 4657 1826 4780; baseline 0.004 -39"><span class='ocrx_word' id='word_1_338' title='bbox 243 4671 348 4746; x_wconf 88' lang='lat' dir='ltr'><strong>reb&#39;us</strong></span> <span class='ocrx_word' id='word_1_339' title='bbox 370 4700 480 4773; x_wconf 88' lang='lat' dir='ltr'><strong>quam</strong></span> <span class='ocrx_word' id='word_1_340' title='bbox 500 4678 617 4750; x_wconf 87' lang='lat' dir='ltr'><strong>verbis</strong></span> <span class='ocrx_word' id='word_1_341' title='bbox 633 4703 675 4751; x_wconf 89' lang='lat' dir='ltr'><strong>ea</strong></span> <span class='ocrx_word' id='word_1_342' title='bbox 693 4704 771 4776; x_wconf 85' lang='lat' dir='ltr'><strong>quae</strong></span> <span class='ocrx_word' id='word_1_343' title='bbox 789 4705 886 4753; x_wconf 90' lang='lat' dir='ltr'><strong>nune</strong></span> <span class='ocrx_word' id='word_1_344' title='bbox 904 4681 1082 4780; x_wconf 88' lang='lat' dir='ltr'><strong>completa</strong></span> <span class='ocrx_word' id='word_1_345' title='bbox 1096 4697 1179 4753; x_wconf 88' lang='lat' dir='ltr'><strong>suut</strong></span> <span class='ocrx_word' id='word_1_346' title='bbox 1194 4687 1304 4755; x_wconf 90' lang='lat' dir='ltr'><strong>Vetus</strong></span> <span class='ocrx_word' id='word_1_347' title='bbox 1321 4657 1584 4753; x_wconf 81' lang='lat' dir='ltr'><strong>Testamentum</strong></span> <span class='ocrx_word' id='word_1_348' title='bbox 1597 4676 1826 4777; x_wconf 88' lang='lat' dir='ltr'><strong>praenuntiet,</strong></span> 
     </span>
     <span class='ocr_line' id='line_1_34' title="bbox 239 4794 1825 4901; baseline 0.002 -38"><span class='ocrx_word' id='word_1_349' title='bbox 239 4794 416 4867; x_wconf 89' lang='lat' dir='ltr'><strong>nonnulla</strong></span> <span class='ocrx_word' id='word_1_350' title='bbox 435 4797 511 4894; x_wconf 92' lang='lat' dir='ltr'><strong>ejus</strong></span> <span class='ocrx_word' id='word_1_351' title='bbox 530 4815 750 4872; x_wconf 86' lang='lat' dir='ltr'><strong>sacramenta</strong></span> <span class='ocrx_word' id='word_1_352' title='bbox 767 4815 849 4900; x_wconf 87' lang='lat' dir='ltr'><strong>post</strong></span> <span class='ocrx_word' id='word_1_353' title='bbox 871 4827 991 4873; x_wconf 91' lang='lat' dir='ltr'><strong>rerum</strong></span> <span class='ocrx_word' id='word_1_354' title='bbox 1010 4803 1115 4874; x_wconf 90' lang='lat' dir='ltr'><strong>etiam</strong></span> <span class='ocrx_word' id='word_1_355' title='bbox 1137 4802 1414 4901; x_wconf 88' lang='lat' dir='ltr'><strong>completionem</strong></span> <span class='ocrx_word' id='word_1_356' title='bbox 1434 4799 1685 4898; x_wconf 90' lang='lat' dir='ltr'><strong>suscipiamus,</strong></span> <span class='ocrx_word' id='word_1_357' title='bbox 1707 4795 1825 4892; x_wconf 88' lang='lat' dir='ltr'><strong>cujus,</strong></span> 
     </span>
     <span class='ocr_line' id='line_1_35' title="bbox 237 4910 1831 5022; baseline 0.004 -41"><span class='ocrx_word' id='word_1_358' title='bbox 237 4910 340 4984; x_wconf 91' lang='lat' dir='ltr'><strong>nulla</strong></span> <span class='ocrx_word' id='word_1_359' title='bbox 355 4939 523 5014; x_wconf 88' lang='lat' dir='ltr'><strong>respuere</strong></span> <span class='ocrx_word' id='word_1_360' title='bbox 539 4918 648 4991; x_wconf 89' lang='lat' dir='ltr'><strong>verba</strong></span> <span class='ocrx_word' id='word_1_361' title='bbox 666 4921 936 5019; x_wconf 76' lang='lat' dir='ltr'><strong>praesumimus?</strong></span> <span class='ocrx_word' id='word_1_362' title='bbox 950 4926 1063 4994; x_wconf 89' lang='lat' dir='ltr'><strong>Tanto</strong></span> <span class='ocrx_word' id='word_1_363' title='bbox 1078 4922 1212 5022; x_wconf 91' lang='lat' dir='ltr'><strong>quippe</strong></span> <span class='ocrx_word' id='word_1_364' title='bbox 1230 4922 1347 5019; x_wconf 88' lang='lat' dir='ltr'><strong>major</strong></span> <span class='ocrx_word' id='word_1_365' title='bbox 1365 4937 1418 4995; x_wconf 91' lang='lat' dir='ltr'><strong>est</strong></span> <span class='ocrx_word' id='word_1_366' title='bbox 1435 4919 1629 4992; x_wconf 86' lang='lat' dir='ltr'><strong>concordia</strong></span> <span class='ocrx_word' id='word_1_367' title='bbox 1645 4916 1782 4990; x_wconf 87' lang='lat' dir='ltr'><strong>Veteris</strong></span> <span class='ocrx_word' id='word_1_368' title='bbox 1795 4932 1831 4988; x_wconf 88' lang='lat' dir='ltr'><strong>et</strong></span> 
     </span>
     <span class='ocr_line' id='line_1_36' title="bbox 236 5033 1829 5141; baseline 0.004 -38"><span class='ocrx_word' id='word_1_369' title='bbox 236 5033 334 5104; x_wconf 86' lang='lat' dir='ltr'><strong>Novi</strong></span> <span class='ocrx_word' id='word_1_370' title='bbox 346 5039 576 5131; x_wconf 88' lang='lat' dir='ltr'><strong>Testamenti,</strong></span> <span class='ocrx_word' id='word_1_371' title='bbox 595 5055 630 5112; x_wconf 93' lang='lat' dir='ltr'><strong>et</strong></span> <span class='ocrx_word' id='word_1_372' title='bbox 641 5040 714 5113; x_wconf 91' lang='lat' dir='ltr'><strong>hoc</strong></span> <span class='ocrx_word' id='word_1_373' title='bbox 728 5067 770 5113; x_wconf 87' lang='lat' dir='ltr'><strong>ex</strong></span> <span class='ocrx_word' id='word_1_374' title='bbox 787 5041 848 5113; x_wconf 93' lang='lat' dir='ltr'><strong>illo</strong></span> <span class='ocrx_word' id='word_1_375' title='bbox 866 5044 977 5140; x_wconf 89' lang='lat' dir='ltr'><strong>magis</strong></span> <span class='ocrx_word' id='word_1_376' title='bbox 994 5042 1239 5136; x_wconf 85' lang='lat' dir='ltr'><strong>confirmatur,</strong></span> <span class='ocrx_word' id='word_1_377' title='bbox 1254 5059 1389 5141; x_wconf 86' lang='lat' dir='ltr'><strong>quanto</strong></span> <span class='ocrx_word' id='word_1_378' title='bbox 1403 5067 1477 5114; x_wconf 94' lang='lat' dir='ltr'><strong>non</strong></span> <span class='ocrx_word' id='word_1_379' title='bbox 1493 5039 1610 5112; x_wconf 91' lang='lat' dir='ltr'><strong>solum</strong></span> <span class='ocrx_word' id='word_1_380' title='bbox 1626 5036 1756 5130; x_wconf 90' lang='lat' dir='ltr'><strong>verbis,</strong></span> <span class='ocrx_word' id='word_1_381' title='bbox 1770 5061 1829 5110; x_wconf 79' lang='lat' dir='ltr'><strong>ve-</strong></span> 
     </span>
     <span class='ocr_line' id='line_1_37' title="bbox 234 5158 1069 5260; baseline 0.014 -37"><span class='ocrx_word' id='word_1_382' title='bbox 234 5177 324 5224; x_wconf 89' lang='lat' dir='ltr'><strong>rum</strong></span> <span class='ocrx_word' id='word_1_383' title='bbox 342 5158 449 5229; x_wconf 91' lang='lat' dir='ltr'><strong>etiam</strong></span> <span class='ocrx_word' id='word_1_384' title='bbox 465 5158 572 5232; x_wconf 89' lang='lat' dir='ltr'><strong>rebus</strong></span> <span class='ocrx_word' id='word_1_385' title='bbox 585 5162 671 5260; x_wconf 91' lang='lat' dir='ltr'><strong>ipsis</strong></span> <span class='ocrx_word' id='word_1_386' title='bbox 687 5164 879 5260; x_wconf 88' lang='lat' dir='ltr'><strong>conjuncta</strong></span> <span class='ocrx_word' id='word_1_387' title='bbox 892 5164 1069 5236; x_wconf 90' lang='lat' dir='ltr'><strong>videntur.</strong></span> 
     </span>
    </p>
   </div>
   <div class='ocr_carea' id='block_1_3' title="bbox 279 5423 1315 5504">
    <p class='ocr_par' dir='ltr' id='par_1_4' title="bbox 279 5423 1315 5504">
     <span class='ocr_line' id='line_1_38' title="bbox 279 5423 1315 5504; baseline 0.01 -28"><span class='ocrx_word' id='word_1_388' title='bbox 279 5423 291 5452; x_wconf 82' lang='lat'>¹</span> <span class='ocrx_word' id='word_1_389' title='bbox 311 5425 397 5481; x_wconf 78' lang='lat' dir='ltr'><strong>Psalm.</strong></span> <span class='ocrx_word' id='word_1_390' title='bbox 411 5447 465 5493; x_wconf 84' lang='lat' dir='ltr'><strong>cn,</strong></span> <span class='ocrx_word' id='word_1_391' title='bbox 479 5450 503 5482; x_wconf 83' lang='lat' dir='ltr'><strong>v.</strong></span> <span class='ocrx_word' id='word_1_392' title='bbox 518 5435 542 5483; x_wconf 81' lang='lat' dir='ltr'><strong>l.</strong></span> <span class='ocrx_word' id='word_1_393' title='bbox 554 5431 606 5472; x_wconf 85' lang='lat'><strong>-¹</strong></span> <span class='ocrx_word' id='word_1_394' title='bbox 621 5435 728 5487; x_wconf 76' lang='lat' dir='ltr'><strong>Corinth.</strong></span> <span class='ocrx_word' id='word_1_395' title='bbox 742 5436 768 5496; x_wconf 82' lang='lat' dir='ltr'><strong>I,</strong></span> <span class='ocrx_word' id='word_1_396' title='bbox 780 5451 834 5504; x_wconf 86' lang='lat' dir='ltr'><strong>cap.</strong></span> <span class='ocrx_word' id='word_1_397' title='bbox 848 5454 874 5500; x_wconf 82' lang='lat' dir='ltr'><strong>r,</strong></span> <span class='ocrx_word' id='word_1_398' title='bbox 886 5455 910 5489; x_wconf 84' lang='lat' dir='ltr'><strong>v.</strong></span> <span class='ocrx_word' id='word_1_399' title='bbox 925 5441 949 5489; x_wconf 85' lang='grc'><strong>8.</strong></span> <span class='ocrx_word' id='word_1_400' title='bbox 959 5463 993 5477; x_wconf 88' lang='lat'><strong>-·</strong></span> <span class='ocrx_word' id='word_1_401' title='bbox 1005 5437 1015 5464; x_wconf 87' lang='lat'>⁸</span> <span class='ocrx_word' id='word_1_402' title='bbox 1029 5437 1097 5488; x_wconf 77' lang='lat' dir='ltr'><strong>haiae</strong></span> <span class='ocrx_word' id='word_1_403' title='bbox 1108 5452 1164 5503; x_wconf 84' lang='lat' dir='ltr'><strong>cap.</strong></span> <span class='ocrx_word' id='word_1_404' title='bbox 1174 5453 1223 5498; x_wconf 82' lang='lat' dir='ltr'><strong>ru,</strong></span> <span class='ocrx_word' id='word_1_405' title='bbox 1237 5454 1261 5487; x_wconf 85' lang='lat' dir='ltr'><strong>v.</strong></span> <span class='ocrx_word' id='word_1_406' title='bbox 1276 5439 1315 5487; x_wconf 80' lang='lat' dir='ltr'><strong>tt.</strong></span> 
     </span>
    </p>
   </div>
   <div class='ocr_carea' id='block_1_4' title="bbox 0 0 2268 6100">
    <p class='ocr_par' dir='ltr' id='par_1_5' title="bbox 0 0 2268 6100">
     <span class='ocr_line' id='line_1_39' title="bbox 0 0 2268 6100; baseline 0 0"><span class='ocrx_word' id='word_1_407' title='bbox 0 0 2268 6100; x_wconf 95' lang='lat' dir='ltr'><strong> </strong></span> 
     </span>
    </p>
   </div>
  </div>
 </body>
</html>
