4520 6104
871 612 1107 684 EPlSTOLAE.
1715 613 1789 684 229

199 768 239 828 ut
256 773 443 848 nunquam
461 749 537 822 haec
554 747 600 820 de
617 747 782 822 manibus
799 750 944 848 virginis
960 777 1141 824 recessura
1157 765 1319 841 censeat;
1340 751 1439 848 quasi
1457 750 1539 850 plus
1556 750 1691 848 aliquid
1713 750 1787 824 dia·

199 872 367 956 conissis,
389 894 499 968 quam
519 868 679 940 diaconis
703 868 751 941 de
771 869 923 943 lectione
942 871 1103 969 injungat
1126 870 1328 968 evangelica
1346 899 1354 942 r
1372 895 1486 969 quum
1502 872 1558 943 isti
1577 872 1614 942 in
1640 870 1787 944 ecclesia

199 992 296 1066 illam
310 990 464 1062 habeant
484 989 656 1080 recitare,
678 988 745 1060 illae
758 1014 942 1088 nunquam
958 990 1003 1062 ab
1022 1015 1148 1063 eorum
1160 989 1314 1064 debeant
1330 981 1484 1064 lectione
1495 1009 1633 1064 vacare:
1650 991 1789 1064 Deinde

199 1113 265 1184 ista
287 1111 391 1182 matri
416 1108 464 1181 de
492 1107 563 1179 filia
590 1108 767 1202 scribens,
799 1129 847 1181 ne
873 1133 982 1207 quam
1008 1125 1122 1182 mater
1150 1110 1414 1182 excusationem
1427 1107 1688 1207 protenderet,
1714 1111 1788 1184 haec

201 1232 324 1304 omnia
342 1235 463 1302 Romae
481 1226 681 1300 secularem
700 1227 868 1302 feminam
888 1230 924 1300 in
952 1243 1049 1302 tanta
1066 1229 1256 1303 hominum
1281 1229 1478 1327 frequentia
1498 1228 1668 1328 perficere
1694 1239 1789 1302 non¹

200 1375 324 1449 posse;
347 1349 410 1422 dat
428 1347 640 1440 consilium,
664 1363 703 1420 ut
721 1347 768 1420 ab
783 1349 851 1420 isto
872 1373 910 1421 se
933 1373 1044 1422 onere
1069 1348 1211 1440 liberet,
1234 1350 1457 1422 monasterio
1472 1349 1650 1446 virginum
1676 1350 1789 1423 tradat

201 1469 329 1561 filiam«,
351 1468 411 1540 ubi
423 1467 568 1540 educari
582 1466 658 1539 sine
676 1467 858 1565 pericul0,
878 1484 913 1540 et
930 1467 976 1542 de
993 1468 1070 1560 his,
1087 1495 1165 1567 quae
1183 1469 1292 1558 dixit,
1313 1469 1503 1567 perfectius
1519 1469 1643 1542 instrui
1662 1471 1785 1567 possit.

201 1595 358 1662 Omnem
376 1587 533 1686 denique
551 1588 784 1660 occasionem
797 1605 1006 1688 amputans,
1030 1615 1076 1662 ne
1097 1589 1143 1662 de
1164 1591 1331 1688 magistro
1350 1589 1518 1681 tandem,
1546 1590 1688 1687 qualem
1714 1593 1789 1690 ipse

201 1709 458 1808 descripserat,
484 1722 599 1778 mater
617 1707 891 1799 sollicitaretur,
908 1706 1035 1810 puellae
1049 1713 1162 1782 Roma
1184 1708 1490 1806 Hierosolymam,
1515 1708 1563 1780 ad
1583 1709 1697 1780 aviam
1722 1711 1789 1780 soi·

200 1829 284 1902 licet
309 1843 469 1900 sanctam
490 1825 636 1900 Paulam
658 1842 694 1900 et
715 1828 862 1902 amitam
883 1829 1116 1902 Eustochium
1147 1831 1284 1922 missae,
1306 1855 1344 1904 se
1370 1830 1576 1928 magistrum
1601 1830 1733 1927 pariter
1755 1845 1794 1902 et·

201 1949 388 2022 nutritium
406 1947 521 2020 offert.
544 1951 586 2019 Et
606 1948 642 2019 in
662 1963 822 2039 tantum,
846 1948 947 2047 quod
965 1948 1062 2022 dictu
1088 1949 1249 2024 mirabile
1265 1966 1341 2041 est,
1366 1950 1521 2050 erumpit
1550 1951 1766 2047 promissum
1779 1995 1793 2038 ,-

202 2085 240 2142 ut
255 2084 375 2142 tantus
393 2066 555 2140 Ecclesia
572 2069 700 2140 doctor
712 2071 818 2142 etiarn
836 2069 939 2140 senio
955 2068 1104 2161 debilis,
1128 2069 1222 2144 dicat
1239 2095 1277 2143 se
1298 2072 1491 2168 virginem,
1516 2069 1617 2168 quasi
1631 2069 1796 2166 bajulum-

200 2181 298 2277 ejus,
319 2179 477 2252 humeris
500 2193 636 2278 gestare
657 2205 732 2253 non
751 2180 948 2279 dedignari.
971 2180 1081 2272 Quod
1099 2181 1245 2281 quidem
1264 2182 1362 2282 apud
1382 2182 1598 2281 suspiciosos
1620 2206 1694 2252 non
1717 2183 1793 2254 sine

200 2301 403 2400 suspicione
423 2299 523 2392 fieri,
548 2304 641 2388 nec¹
659 2300 757 2399 apud
778 2301 963 2398 religiosos
987 2303 1063 2374 sine
1084 2301 1261 2388 scandalo,
1276 2303 1332 2374 vis
1355 2304 1587 2402 contingeret.
1619 2307 1723 2375 Haec'
1740 2318 1791 2374 ta-

200 2443 284 2493 men
310 2421 433 2491 omnia
459 2421 514 2490 vir
530 2424 607 2492 Deo
634 2419 786 2519 plenus,
806 2435 841 2492 et
870 2420 916 2493 de
942 2422 1142 2520 integritate
1159 2425 1238 2496 vitae
1255 2423 1425 2495 omnibns
1453 2422 1577 2496 tandiu
1602 2423 1796 2520 cognitus,

200 2537 426 2612 confidenter
444 2537 668 2638 spondebat:
687 2539 889 2612 dummodo
910 2565 1021 2612 unam
1036 2542 1086 2613 sic
1100 2544 1274 2616 instruere
1287 2543 1460 2642 virginem
1473 2558 1611 2642 posset,
1627 2557 1666 2614 ut
1678 2543 1791 2640 ipsam

201 2660 336 2732 caeteris
354 2659 555 2756 magistram
576 2658 813 2757 relinqueret,
841 2661 930 2732 etin
949 2661 1063 2760 ipsam
1080 2663 1340 2758 Hieronymum
1361 2662 1513 2760 legeret,
1534 2664 1793 2760 quiflierony-

202 2807 305 2855 mum
322 2807 397 2854 non
414 2781 571 2854 vidisset.
597 2786 642 2852 Ut
660 2797 779 2854 autem
796 2782 842 2854 de
860 2781 1018 2882 parvulis
1035 2782 1082 2855 ad
1101 2785 1253 2880 majores
1272 2800 1491 2858 transeamus
1508 2785 1691 2881 virgines,
1704 2811 1793 2882 quas

201 2904 397 3002 plurimum
415 2927 557 3002 semper
579 2917 753 3001 provocat
774 2902 824 2974 ad·
845 2902 1003 2976 studium
1020 2903 1242 2996 litterarum,
1263 2919 1335 2976 tam
1355 2901 1585 2976 eisvidelieet
1602 2904 1792 2978 scribendo

186 3029 281 3122 'quae
298 3024 438 3122 legant,
464 3048 573 3122 quam
596 3048 656 3095 eas
673 3022 855 3096 laudando
878 3023 924 3096 de
948 3024 1153 3098 assiduitate
1176 3025 1319 3124 legendi
1344 3024 1400 3098 vel
1429 3023 1591 3097 discendi
1610 3052 1618 3094 :
1640 3024 1727 3122 qnid
1746 3024 1791 3096 ad

202 3144 418 3242 Principiam
441 3145 617 3242 virginem
642 3143 689 3216 de
715 3142 853 3242 psalmo
879 3169 960 3216 xnrv
978 3144 1135 3218 scribens
1164 3145 1311 3238 dieat⁶,
1332 3144 1531 3216 audiamus.
1567 3174 1584 3212 r
1602 3146 1682 3216 Scio
1710 3170 1790 3235 me,

203 3265 381 3364 Principia
407 3265 443 3334 in
471 3263 611 3336 Christo
647 3263 737 3356 lilia,
770 3288 792 3335 a
825 3263 1003 3363 plerisque
1034 3265 1271 3366 reprehendi,
1303 3265 1403 3363 quod
1433 3264 1616 3336 interdum
1640 3265 1793 3338 scribam

203 3387 251 3458 ad
279 3385 444 3458 mulieres
456 3439 467 3478 ,
497 3401 533 3458 et
558 3385 770 3483 fragiliorem
796 3410 920 3459 sexum
941 3386 1099 3460 maribus
1117 3388 1302 3488 praeseram
1327 3415 1336 3457 ε
1365 3401 1401 3459 et
1429 3385 1564 3458 idcirco
1583 3381 1699 3460 debeo
1708 3390 1795 3500 pri·-
1868 3395 1872 3398 ’

203 3530 305 3578 mum
336 3504 634 3578 obtrectatoribus
662 3507 751 3578 meis
779 3506 1020 3606 respondere,
1058 3522 1093 3579 et
1123 3507 1173 3578 sic
1206 3507 1326 3580 venire
1353 3505 1407 3578 ad
1431 3505 1810 3605 disputatiunculam„

203 3651 313 3726 quam
330 3627 472 3724 rogasti.
496 3627 533 3697 si
555 3625 683 3698 viride
706 3627 895 3727 Scripturis
919 3642 1139 3725 quaererent,
1161 3626 1368 3732 mulieribus
1383 3651 1463 3730 non
1478 3626 1658 3726 loquerer.
1679 3628 1715 3700 Si
1733 3633 1796 3699 Ba·

204 3745 291 3818 rach
314 3745 366 3818 ire
390 3744 437 3816 ad
457 3743 623 3843 praelium
647 3745 834 3838 voluisset,
856 3744 999 3818 Debora
1017 3745 1063 3818 de
1082 3747 1183 3818 victis
1199 3746 1363 3820 hostibus
1390 3771 1464 3818 non
1492 3746 1792 3846 triumphasset.»

205 3869 247 3937 Et
263 3881 346 3966 post
365 3867 483 3965 aliqua
500 3895 516 3968 ι·
532 3897 549 3936 «
568 3864 719 3965 Apollo,
746 3867 861 3938 virum
880 3865 1142 3964 apostolicum,
1166 3868 1256 3940 etin
1281 3868 1358 3964 lege
1384 3863 1650 3957 doctissimum‘,
1673 3867 1796 3965 Aquila

204 4003 239 4059 et
255 3986 412 4060 Priscilla
436 3987 625 4080 erudiunt,
652 4002 687 4061 et
706 3989 888 4060 instruunt
905 4009 988 4058 eum
1007 3986 1052 4058 de
1068 3988 1126 4060 via
1142 3989 1306 4059 Domini.
1323 3983 1360 4059 Si
1381 3986 1503 4060 doceri
1528 4011 1549 4058 a
1567 3987 1698 4061 semina
1720 4014 1794 4062 non

206 4107 269 4180 luit
287 4123 390 4206 turpe
408 4106 595 4206 apostolo,
616 4106 704 4202 milri
720 4131 831 4205 quare
853 4121 957 4205 turpe
975 4106 1042 4196 sit,
1063 4121 1146 4204 post
1163 4107 1259 4178 viros
1271 4105 1402 4180 docere
1416 4121 1451 4178 et
1465 4106 1638 4181 feminas?
1658 4112 1739 4180 Haec
1761 4125 1796 4181 et

205 4226 426 4317 istiusmodi,
448 4237 614 4324 σεμνοτάτη
633 4227 726 4320 filia,
743 4227 930 4328 perstrinxi
950 4220 1118 4316 breviter,
1140 4243 1178 4298 ut
1195 4252 1262 4300 nec
1276 4240 1310 4300 te
1324 4228 1513 4325 poeniteret
1525 4252 1628 4300 sexus
1642 4229 1692 4298 tui
1704 4281 1714 4318 ,
1728 4253 1795 4302 nec

206 4352 303 4421 viros
326 4356 433 4420 suum
463 4374 596 4422 nomen
627 4351 792 4448 erigeret,
816 4350 853 4421 in
871 4373 1028 4447 quorum
1044 4347 1387 4424 condemnationem
1411 4348 1623 4422 feminarum
1644 4350 1681 4420 in
1705 4351 1796 4421 scri-

206 4471 321 4568 pturis
337 4471 466 4542 sanctis
483 4472 553 4543 vita
564 4471 742 4543 laudatur.
761 4499 779 4538 u
797 4475 901 4542 Juvat
918 4485 1000 4570 post
1018 4471 1192 4572 virgines,
1208 4470 1338 4544 intueri
1352 4470 1397 4542 de
1415 4469 1552 4560 viduis,
1570 4485 1750 4567 qnantum
1761 4488 1803 4542 et·

204 4589 291 4687 ipsae
312 4590 350 4661 in
368 4588 488 4662 studio
507 4615 698 4664 sacrarum·
708 4589 904 4663 litterarum
923 4589 1033 4689 ipsius
1051 4590 1255 4663 testimonio
1274 4604 1309 4662 et
1324 4588 1432 4662 laude
1451 4590 1677 4688 profecerint.
1701 4592 1797 4662 Scri-

201 4709 297 4782 bens
320 4709 426 4806 igitur
446 4709 543 4782 idem
564 4711 693 4783 doctor
714 4708 760 4782 ad
781 4709 950 4782 eamdem
969 4710 1142 4816 virginem
1164 4709 1378 4810 Principiam
1395 4708 1441 4781 de
1460 4709 1532 4783 vita
1551 4725 1679 4785 sanetae
1699 4715 1797 4783 Mar-

198 4829 329 4919 cellae,
350 4830 441 4901 sicut
451 4829 510 4902 illa
528 4829 730 4938 postulabat
741 4879 759 4917 ,ι
770 4831 863 4903 inter
879 4807 1050 4903 virtutum
1070 4831 1145 4928 ejus
1156 4831 1344 4930 insignia⁸2
1363 4831 1616 4924 «Divinarum,
1632 4861 1650 4900 u
1668 4833 1794 4930 inquit,

243 5149 251 5174 ·
272 5147 313 5200 Sic
323 5147 385 5200 coo.
396 5147 544 5202 liat-Nor
558 5149 628 5203 deest
642 5152 666 5204 in
682 5151 814 5221 impressis.
826 5173 859 5190 ·-
869 5149 878 5178 ⁸
890 5152 931 5204 Sic
941 5151 1003 5205 cod.
1015 5151 1080 5206 vict.
1089 5156 1167 5208 -licrr
1181 5153 1246 5208 Edit.
1259 5155 1328 5208 Amb.
1344 5181 1373 5192 -
1384 5153 1394 5184 ¹
1405 5155 1446 5207 Sic
1456 5152 1518 5206 (lod.
1531 5151 1593 5218 Vict.
1603 5155 1681 5208 -lluc
1691 5149 1754 5206 Edd.
1769 5169 1810 5192 ·-·

194 5237 207 5262 ⁴
225 5237 293 5300 opp.
305 5247 323 5287 t.
337 5235 376 5300 ll,
386 5236 435 5288 col.
450 5239 548 5288 tm.—
558 5238 568 5264 ³
579 5239 656 5305 Epist.
667 5257 737 5301 serr,
752 5242 813 5304 opp.
827 5248 845 5288 t.
860 5238 902 5303 lV,
913 5239 961 5292 col.
974 5240 1033 5290 779.
