4510 6108
727 583 770 656 lN
795 583 869 654 DlE
894 583 1170 657 ASCENSIONIS
1193 584 1354 656 SERMO.
1759 582 1831 656 475

253 717 360 792 etiam
386 723 449 817 qui
480 723 737 820 sequebantur,
770 725 893 797 laudes
917 725 967 797 ibi
995 726 1247 824 precinebant.
1277 729 1334 798 Sic
1354 741 1390 798 et
1409 725 1518 798 hodie
1539 740 1613 798 tam
1632 724 1834 824 praeceden-

252 840 341 912 tium
364 842 573 938 angelorum
598 846 716 936 chori,
743 872 852 944 quam
868 848 999 945 captivi
1023 847 1254 920 liberatorem
1273 873 1379 919 suum
1403 862 1609 945 sequentes,
1632 872 1773 918 summa
1797 861 1833 918 et

251 955 422 1031 inellabili
433 962 646 1057 jubilatione
661 966 790 1036 victori
804 964 927 1036 laudes
944 965 1206 1055 acclamabant,
1225 967 1316 1038 sicut
1332 966 1504 1064 scriptum
1521 969 1588 1036 est¹
1604 993 1611 1034 :
1634 992 1651 1032 κ
1667 963 1834 1036 Ascendit

250 1081 346 1150 Deus
370 1081 408 1151 in
431 1081 662 1177 jubilatione,
689 1099 724 1156 et
746 1087 922 1157 Dominus
945 1088 981 1156 in
1008 1112 1097 1158 voce
1118 1086 1230 1176 tubae,
1249 1115 1266 1151 1
1297 1086 1334 1157 id
1360 1101 1412 1157 est
1433 1111 1516 1158 cum
1537 1086 1640 1182 signo
1662 1086 1829 1158 victoriae.

250 1198 413 1295 Denique
437 1200 498 1272 illo
522 1202 571 1273 ibi
601 1202 822 1298 ingrediente
847 1206 1046 1293 civitatem,
1075 1230 1157 1275 cum
1174 1219 1274 1275 tanta
1299 1204 1412 1276 turbae
1428 1205 1689 1275 circumstantis
1705 1203 1836 1276 exulta·

250 1314 366 1406 tione,
392 1317 452 1390 alii
474 1319 690 1393 admirantes
711 1300 955 1420 quaerebant':
977 1323 1080 1410 «Qui
1101 1322 1279 1393 0111110111
1299 1327 1343 1392 Ε1
1358 1321 1417 1394 alii
1434 1321 1673 1419 quaerentibus
1689 1345 1835 1419 respon·

250 1430 418 1506 debant³z
450 1466 467 1506 1
482 1439 547 1509 Η10
573 1455 626 1510 011
648 1445 747 1512 lesus
776 1441 953 1538 propheta
983 1465 1003 1512 a
1030 1440 1204 1513 Nazareth
1225 1439 1387 1511 Galilaeae.
1404 1468 1421 1508 1
1445 1442 1502 1510 Sic
1530 1441 1627 1509 etin
1653 1439 1832 1532 hodierno

249 1552 447 1652 triumphu,
462 1557 537 1630 aliis
554 1560 700 1656 angelis,
717 1577 757 1633 ut
773 1560 939 1652 diximus,
954 1559 1278 1657 interrogantibus:
1299 1561 1417 1647 «Quis
1434 1573 1486 1630 est
1502 1559 1567 1630 iste
1583 1583 1643 1629 rex
1661 1558 1799 1654 gloriae?
1813 1588 1830 1626 1

249 1669 308 1742 alii
323 1675 615 1770 respondebant:
637 1680 843 1750 «Dominus
860 1679 977 1768 sortis,
1001 1693 1069 1751 etc.
1089 1707 1106 1746 11
1132 1678 1258 1750 'lurbis
1273 1676 1529 1749 comitantibus
1549 1701 1662 1775 usque
1684 1677 1731 1749 ad
1747 1692 1833 1748 tcm-

249 1788 365 1887 plum,
384 1792 422 1863 id
438 1809 491 1865 est
506 1797 659 1893 propriae
675 1797 806 1868 domus
823 1799 1011 1896 palatium,
1030 1799 1207 1869 Dominus
1222 1797 1416 1895 perductus
1432 1811 1498 1870 est.
1517 1801 1561 1866 Et
1577 1797 1668 1867 sicut
1683 1795 1832 1892 legimus

248 1910 286 1980 in
302 1912 477 2002 Daniele,
496 1915 534 1984 in
551 1915 611 1986 illo
629 1916 840 2013 angelorum
855 1918 1028 1988 comitatu
1044 1917 1146 2013 quasi
1162 1915 1303 1987 oblatus
1325 1930 1480 2013 paternae
1502 1914 1696 2010 majestati,
1719 1937 1833 2010 usque

249 2026 295 2099 ad
315 2031 512 2128 Antiquum
532 2035 680 2105 Dierum
697 2033 789 2106 filius
805 2035 963 2106 bominis
980 2034 1129 2106 eductus
1152 2033 1197 2104 ab
1215 2033 1348 2129 angelis
1363 2034 1538 2130 pervenit.
1558 2038 1603 2103 Et
1618 2032 1668 2104 ibi
1685 2031 1832 2128 quidem

248 2147 350 2243 pigro
362 2148 527 2244 jumento
544 2152 716 2242 insidere,
734 2152 793 2224 bic
808 2153 878 2224 levi
894 2153 983 2224 nubi
1000 2152 1213 2224 describitur
1228 2150 1429 2249 praesidere.
1448 2155 1547 2223 Tunc
1563 2152 1697 2249 quippe
1714 2150 1833 2222 adbuc

247 2269 478 2367 corruptibile
495 2297 643 2370 corpus,
662 2274 763 2370 quod
779 2288 945 2370 aggravat
962 2274 1141 2362 animam,
1160 2271 1198 2342 id
1214 2286 1267 2342 est
1283 2269 1434 2342 mortale
1451 2270 1622 2366 gestabat.
1642 2274 1721 2341 Jam
1746 2273 1833 2341 ver'o

248 2387 348 2456 omni
364 2389 589 2463 mortalitatis
609 2391 770 2490 pondere
787 2392 970 2490 deposito,
985 2391 1074 2462 nubi
1090 2389 1279 2490 praesidere
1295 2389 1425 2479 voluit,
1445 2404 1481 2459 et
1497 2390 1547 2461 sic
1564 2388 1774 2478 ascendere,
1793 2405 1834 2461 ut

246 2523 388 2604 quantae
407 2510 560 2584 levitatis
579 2514 655 2585 lraec
676 2516 813 2609 gravia,
839 2538 917 2611 quae
943 2536 1040 2584 nunc
1066 2527 1261 2610 gestamus,
1289 2535 1444 2610 corpora
1469 2510 1587 2582 futura
1612 2512 1704 2600 sint,
1733 2512 1833 2584 inse

247 2628 353 2700 nobis
368 2632 525 2728 primum
542 2634 736 2705 exhiberet.
761 2636 858 2705 Sicut
874 2634 971 2704 enim
996 2632 1178 2705 nascendo
1195 2657 1237 2704 ex
1254 2632 1379 2721 uobis,
1404 2646 1439 2702 ct
1454 2632 1627 2730 patiendo
1643 2655 1710 2728 pro
1727 2630 1833 2715 nobis

246 2774 427 2822 summum
447 2729 553 2825 nobis
573 2754 752 2826 honorem
777 2754 833 2826 vel
856 2755 1041 2826 caritatem
1062 2752 1243 2841 exhibuit3
1267 2753 1315 2824 ita
1335 2751 1571 2850 postmodum
1591 2749 1830 2846 resurgendo,

245 2869 302 2941 vel
319 2869 500 2970 discipulis
516 2876 742 2973 apparendo,
770 2890 806 2947 et
827 2900 925 2966 nunc
946 2875 1103 2972 denique
1123 2872 1353 2945 ascendendo
1375 2873 1532 2944 futuram
1548 2898 1743 2973 corporum
1760 2877 1833 2972 glo-
1939 2923 1951 2983 '.

245 2991 336 3062 riam
353 2991 628 3084 demonstravit;
645 3012 684 3068 ut
700 3011 801 3068 tanto
817 2996 986 3068 libentius
1002 2995 1244 3095 corporalium
1259 2994 1469 3092 passionum
1485 3019 1617 3090 agones
1634 2997 1832 3070 sustineant

245 3111 425 3202 membra,
450 3130 626 3212 quantum
647 3119 684 3189 in
704 3119 784 3215 ipso
808 3117 925 3216 capite
951 3115 1087 3188 babent
1112 3116 1396 3214 experimentum
1421 3114 1467 3185 de
1492 3114 1612 3188 lutura
1635 3141 1832 3215 corporum

245 3233 369 3330 gloria.
388 3239 429 3305 Iu
444 3240 704 3310 resurrectione
718 3240 852 3338 quippe
864 3263 1059 3336 corporum
1073 3237 1380 3310 immortalitatem
1395 3235 1502 3307 nobis
1518 3236 1690 3309 exhibuit.
1710 3239 1832 3314 lenuis

244 3375 331 3424 1010
360 3353 487 3427 clausis
516 3356 563 3428 ad
590 3357 784 3456 discipulos
815 3361 953 3430 intrans
977 3359 1204 3456 appariturus
1228 3356 1313 3446 illis,
1344 3354 1577 3427 subtilitatem
1606 3381 1732 3428 eorum
1758 3383 1832 3455 qua

243 3471 410 3568 quaelibet
425 3475 540 3549 solida
556 3493 743 3575 penetrare
758 3479 897 3577 possint
918 3478 1088 3549 ostendit.
1117 3481 1219 3548 Nunc
1240 3500 1327 3547 vero
1348 3500 1455 3574 super
1476 3475 1703 3548 altitudinem
1724 3477 1832 3551 coelo·

245 3617 325 3663 rum
351 3593 566 3686 ascendens,
584 3611 758 3695 quantam
773 3597 818 3668 sit
834 3596 1000 3669 habitura
1015 3596 1197 3668 levitatem
1223 3593 1464 3683 demonstrat,
1492 3610 1533 3666 ut
1559 3594 1725 3667 videlicet
1749 3595 1830 3668 ubi·

243 3739 387 3814 cunque
407 3716 560 3788 voluerit
580 3719 738 3808 animus,
768 3717 851 3789 illuc
876 3719 996 3789 statim
1021 3719 1098 3787 sine
1128 3715 1337 3787 difficultate
1362 3715 1595 3788 transferatur
1617 3741 1760 3815 corpus.
1785 3722 1833 3790 Ut

243 3833 350 3932 igitur
367 3835 556 3933 Apostolus
577 3837 652 3926 ait¹,
671 3837 789 3936 ipsum
812 3861 910 3907 nnnc
933 3849 1054 3906 mente
1075 3859 1217 3906 sursum
1234 3857 1452 3930 quaeramus,
1476 3834 1539 3905 ubi
1559 3849 1612 3906 est
1633 3837 1670 3906 in
1688 3836 1832 3910 dextera

244 3954 311 4038 Dei
330 3953 476 4046 sedens,
499 3971 539 4026 111
559 3955 793 4054 postmodum
818 3957 926 4026 etiam
951 3977 1103 4052 corpore
1129 3953 1175 4024 ad
1200 3953 1336 4050 ipsum,
1364 3976 1463 4023 nunc
1486 3968 1607 4024 mente
1629 3978 1832 4027 mereamur

245 4075 449 4171 pervenire,
475 4100 550 4146 non
576 4090 650 4147 tam
667 4076 847 4146 ascensuri
866 4098 977 4171 quam
993 4072 1039 4144 ab
1060 4074 1139 4171 ipso
1159 4069 1347 4160 trahendi,
1371 4071 1429 4141 cui
1449 4069 1569 4144 honor
1590 4087 1644 4144 est
1667 4087 1703 4143 et
1718 4073 1831 4168 gloria

246 4216 310 4290 per
324 4191 464 4265 infinita
480 4194 683 4266 seculorum
698 4182 828 4266 secula.
853 4197 978 4264 Amen.

279 4439 287 4464 ¹
306 4438 396 4490 Psalm.
417 4457 486 4506 rari,
506 4458 531 4494 1.
554 4447 578 4491 6.
595 4471 619 4480 -
633 4441 749 4505 'Mattb.,
768 4459 824 4511 cap.
842 4460 902 4506 xxr,
923 4459 947 4494 1.
968 4440 1160 4505 to.-⁸tbtd.,
1178 4459 1201 4494 1.
1225 4436 1410 4506 lt.-·⁸Dan.,
1432 4451 1486 4505 rap.
1503 4454 1551 4503 111,
1567 4454 1592 4488 1.
1610 4439 1649 4490 13.
1663 4437 1830 4503 -“001011.,

242 4542 298 4592 cap.
311 4543 388 4593 111,1.
404 4539 425 4580 1.
