4510 6108
448 513 520 588 521*
1044 515 1173 590 PETRI
1197 515 1433 592 trallunt

445 653 493 728 de
515 653 682 754 paradiso
702 652 802 726 illum
822 677 928 727 suurn
951 669 1028 728 tam
1047 658 1166 730 virum
1187 681 1298 756 quam
1314 673 1500 756 parentem
1519 657 1655 759 expulit
1672 685 1682 730 :
1699 657 1795 732 hauc
1815 657 1925 733 hodie
1945 686 2029 734 suus

445 789 521 848 tam
535 797 688 874 sponsus
704 796 814 872 quam
825 771 918 847 filius
929 773 976 848 ad
990 775 1184 850 feliciorem
1200 777 1407 877 paradisum
1421 779 1623 878 assumpsit.
1638 779 1708 868 Qui
1723 778 2029 878 quemadmodum

446 892 555 966 coelos
584 891 799 986 ascendens,
829 919 851 969 a
873 893 1004 969 dextris
1026 898 1093 970 Dei
1112 897 1244 972 sedisse
1268 896 1495 990 describitur,
1512 899 1561 972 ita
1585 898 1697 973 hodie
1719 915 1870 974 matrem
1894 924 2027 972 assum·

445 1029 545 1115 ptam
556 1037 578 1088 a
589 1013 721 1092 dextris
733 1016 806 1090 suis
815 1015 1008 1091 collocasse
1020 1043 1097 1090 non
1114 1016 1298 1110 dubitant,
1314 1020 1372 1091 cui
1388 1019 1476 1092 olim
1490 1045 1556 1119 per
1568 1019 1787 1119 Prophetam
1802 1019 1939 1094 dicurm
1954 1019 2027 1092 fue·

446 1141 540 1210 rat¹:
562 1167 580 1206 u
599 1137 716 1210 Astitit
735 1137 859 1236 regina
880 1161 903 1212 a
927 1138 1060 1214 dextris
1080 1141 1167 1230 tuis,
1189 1139 1227 1212 in
1243 1140 1374 1214 vestitu
1393 1139 1584 1232 deaurato,
1605 1169 1624 1211 ιι
1646 1140 1718 1214 hoc
1739 1156 1793 1215 est
1813 1142 1851 1215 in
1878 1165 2027 1240 corpore

445 1281 587 1357 semper
609 1257 853 1358 immaculat0,
871 1259 980 1334 etiam
996 1259 1191 1334 immortali
1206 1275 1243 1336 ct
1256 1261 1520 1360 incorruptibili
1536 1261 1644 1359 facto.
1663 1266 1798 1335 Aurum
1813 1260 1947 1362 quippe
1962 1286 2027 1334 cn·

445 1378 530 1452 teris
552 1375 704 1450 metallis
723 1375 946 1479 splendidius
972 1393 1009 1453 et
1031 1377 1199 1470 solidius,
1225 1403 1295 1454 nec
1317 1379 1400 1479 igne
1424 1379 1605 1468 consumi,
1635 1405 1703 1452 nec
1726 1380 1890 1478 rubigine
1913 1355 2028 1480 potest

445 1495 640 1594 corrumpi.
1675 1495 1715 1514 “'

494 1619 593 1691 Sicut
612 1641 699 1716 ergo
719 1619 896 1693 Dominus
919 1619 958 1694 in
982 1620 1100 1720 seipso
1119 1620 1222 1712 viris,
1240 1619 1318 1718 jam
1338 1618 1377 1694 in
1401 1635 1516 1695 matre
1540 1620 1681 1693 feminis
1702 1619 1852 1717 gloriam
1872 1641 2026 1692 resurre-

447 1738 576 1811 ctionis
592 1737 752 1810 exhibuit
770 1765 779 1809 ι
798 1763 872 1836 quo
887 1736 1054 1814 videlicet
1067 1740 1253 1838 utriusque
1272 1763 1375 1813 sexus
1389 1737 1568 1813 desideria
1581 1764 1645 1838 spe
1660 1739 1786 1812 futurae
1798 1737 2026 1811 beatitudinis

447 1856 600 1956 amplius
615 1856 653 1930 in
674 1881 712 1930 se
728 1857 938 1932 concitaret.
957 1857 1011 1932 hd
1027 1857 1123 1932 hanc
1143 1857 1343 1958 specialiter
1364 1857 1424 1932 illa
1438 1882 1509 1932 vox
1524 1858 1654 1956 Sponsi
1675 1855 1851 1954 dirigitur,
1869 1879 1942 1956 qua
1956 1871 2026 1928 tam

447 1976 599 2050 dulciter
614 1976 801 2051 invitatur¹
813 2006 823 2051 ι
840 2006 859 2048 u
872 1981 997 2076 Surge,
1010 2003 1180 2081 propera,
1193 1979 1309 2052 amica
1317 2002 1411 2069 mea,
1425 1991 1462 2052 et
1471 1979 1567 2052 veni.
1582 1982 1660 2051 Jam
1671 1978 1770 2051 enim
1784 1977 1900 2052 hiems
1914 1993 2026 2051 oaus-

449 2097 509 2186 iit,
525 2093 641 2168 imber
656 2093 764 2188 abiit,
778 2111 816 2170 et
828 2100 1010 2172 recessit.»
1024 2098 1185 2171 Amicam
1197 2096 1303 2173 simul
1314 2112 1351 2171 et
1360 2096 1556 2170 formosam
1568 2120 1648 2171 eam
1659 2096 1826 2197 appellat,
1842 2121 1922 2196 quae
1932 2111 2027 2170 tanta

448 2229 503 2288 est
523 2215 671 2289 caritate
689 2215 757 2289 Dei
776 2215 981 2308 vulnerata,
999 2231 1040 2290 ut
1054 2215 1145 2290 nulli
1159 2215 1295 2290 inimici
1310 2213 1382 2289 telo
1400 2215 1438 2288 in
1459 2237 1504 2290 ea
1517 2214 1618 2290 locus
1633 2230 1766 2315 pateat.
1783 2220 1825 2288 ln
1846 2217 1947 2313 cujus
1962 2217 2029 2290 sin·

448 2335 562 2433 gulari
587 2333 714 2426 laude,
737 2349 773 2410 et
796 2334 843 2409 ab
867 2337 948 2438 ipso
966 2336 1002 2411 ei
1025 2336 1209 2410 dicitiu⁸s
1231 2365 1257 2406 ιι
1269 2335 1500 2412 Immaculata
1525 2360 1625 2428 mea,
1655 2349 1692 2409 et
1711 2335 1851 2409 macula
1878 2360 1954 2409 non
1979 2351 2030 2410 est

449 2459 487 2532 in
503 2474 552 2532 te.
572 2487 589 2526 ιι
608 2458 683 2530 Etsi
697 2457 796 2529 enim
817 2457 921 2532 multi
945 2457 1050 2532 amici
1068 2457 1137 2532 Dei
1154 2456 1334 2549 dicantur,
1352 2459 1454 2556 juxta
1469 2457 1569 2557 quod
1588 2457 1665 2557 ipse
1683 2462 1843 2557 Sponsus
1862 2456 2029 2558 apostolis

450 2577 518 2652 ait*
535 2606 544 2650 ε
566 2607 584 2646 u
602 2581 677 2649 Vos
692 2588 813 2648 autem
828 2575 903 2652 dixi
917 2577 1071 2670 amicos,
1091 2606 1111 2647 ιι
1128 2577 1398 2677 comparatione
1417 2592 1538 2650 tamen
1554 2575 1744 2649 dominicae
1759 2575 1900 2667 matris,
1912 2577 1972 2650 cui
1985 2575 2028 2650 ab

450 2699 578 2798 angelo
587 2696 752 2776 dicitur:
767 2731 785 2771 u
798 2704 885 2791 Ave,
897 2700 1010 2799 gratia
1023 2699 1144 2800 plena,
1156 2728 1175 2768 s
1189 2699 1350 2773 nullaest
1360 2698 1521 2774 fidelium
1532 2699 1653 2774 anima
1662 2698 1834 2772 immunis
1844 2722 1866 2770 a
1876 2697 2025 2772 macula.

453 2851 471 2892 u
489 2823 617 2919 Surge,
635 2845 809 2923 propera,
830 2850 849 2891 ιι
870 2819 943 2896 hoc
963 2835 1018 2896 cst
1034 2847 1043 2893 ι
1061 2823 1200 2895 Matura
1223 2821 1540 2911 resurrectionem,
1570 2817 1618 2894 ad
1640 2843 1700 2892 me
1719 2818 1834 2892 filium
1857 2833 1972 2894 mater
1993 2845 2028 2894 es

449 2939 693 3040 perducenda.
714 2946 779 3015 Per
798 2939 956 3014 hiemem
978 2953 1016 3014 et
1037 2938 1211 3031 imbrem,
1229 2937 1301 3012 boc
1317 2953 1370 3012 est
1389 2939 1470 3038 gelu
1492 2953 1528 3012 et
1547 2935 1723 3038 pluviam,
1741 2952 1856 3012 totam
1870 2935 2029 3014 hiemalis

449 3061 621 3159 temporis
640 3057 918 3161 comprehendit
940 3059 1163 3172 gravitatem.
1185 3061 1300 3132 Tanto
1321 3071 1442 3131 autem
1461 3058 1612 3156 quisque
1637 3055 1789 3156 amplius
1809 3057 1846 3128 in
1870 3053 1941 3131 hac
1960 3057 2028 3130 vita

449 3195 629 3278 gravante,
647 3195 684 3255 et
698 3181 832 3256 invitm
846 3195 1001 3272 tenebo,
1020 3195 1156 3280 quanto
1174 3179 1334 3254 securior
1348 3179 1394 3252 de
1410 3179 1541 3270 futura,
1554 3178 1682 3276 majori
1697 3176 1875 3251 desiderio
1891 3176 1939 3251 ad
1952 3201 2028 3252 eam

450 3301 604 3376 festinat.
624 3303 713 3390 Quis
733 3316 855 3376 autem
873 3300 1036 3375 fidelium
1059 3303 1111 3376 sic
1131 3299 1178 3374 ad
1193 3301 1408 3392 Dominum,
1427 3300 1519 3373 sicut
1534 3315 1649 3374 mater
1663 3299 1852 3398 pervenire
1867 3299 2029 3398 cupiebat

449 3420 496 3494 ad
511 3420 645 3494 filium?
659 3427 773 3496 Tanto
789 3446 875 3521 ergo
891 3421 987 3494 hanc
1001 3421 1114 3497 vitam
1129 3423 1242 3520 magis
1257 3447 1324 3523 pro
1339 3421 1458 3496 hieme
1473 3420 1652 3512 habebat,
1671 3433 1708 3494 et
1722 3421 1864 3518 gravius
1879 3421 2026 3494 sustine·

367 3633 374 3648 ·
448 3542 531 3632 bat,
543 3558 679 3641 quanto
692 3542 739 3616 ad
754 3557 912 3617 aestatem
926 3567 1089 3643 supernae
1102 3542 1301 3624 serenitatis
1316 3542 1468 3642 amplius
1483 3541 1688 3614 anhelabat.
1704 3539 1808 3614 Unde
1823 3555 1920 3613 recte
1934 3565 2027 3613 nunc

450 3661 580 3736 dicitur
595 3664 629 3734 ei
650 3664 726 3761 jam
741 3663 858 3736 hienu
872 3663 1070 3755 transiisse,
1087 3678 1124 3737 et
1139 3661 1255 3736 imber
1270 3662 1419 3754 abiisse,
1437 3660 1641 3761 quse-fmitis
1656 3659 1825 3739 omnibus
1841 3659 2026 3746 molestiis,

450 3807 525 3855 non
542 3782 588 3855 ad
609 3783 710 3856 illum
731 3783 880 3857 Abrahae
899 3783 1019 3858 sinum
1035 3799 1070 3858 et
1089 3784 1312 3884 refrigerium
1327 3781 1506 3874 fidelium,
1532 3806 1606 3881 quo
1630 3805 1766 3881 pauper
1782 3785 1935 3856 Lazarus
1949 3805 2027 3882 per-

450 3894 577 3976 ductus
594 3920 648 3977 est
662 3909 685 3995 ⁸,
703 3903 768 3978 sed
783 3903 833 3982 ad
845 3902 987 3978 aetherei
1007 3903 1130 3978 throni
1152 3905 1295 3980 culmen
1311 3919 1366 3978 est
1380 3904 1606 3978 assumenda.
1625 3907 1706 3976 Non
1720 3905 1929 4000 ignoramus
1946 3901 2030 3976 hea-

448 4039 526 4096 tum
545 4025 807 4122 Hieronymum
820 4025 844 4115 ⁸,
865 4047 979 4123 quum
998 4023 1105 4121 hujus
1125 4025 1610 4126 Assumptionissermonem
1626 4021 1816 4114 scriberet,
1837 4023 1875 4096 in
1891 4037 2031 4096 tautum

447 4141 629 4215 dubitasse
644 4141 692 4215 de
707 4143 969 4218 resurrectione
983 4141 1074 4232 hac,
1095 4166 1206 4244 quam
1221 4144 1375 4218 diximus
1392 4144 1429 4218 in
1446 4159 1560 4216 matre
1576 4142 1723 4216 Domini
1738 4140 1972 4240 completam,
1990 4155 2031 4212 ut

448 4263 583 4338 diceret
598 4263 688 4336 nihil
712 4288 780 4362 pro
803 4279 903 4340 certo
923 4265 1009 4338 hinc
1029 4264 1173 4356 haberi,
1193 4295 1212 4335 u
1233 4267 1302 4340 nisi
1318 4265 1420 4366 quod
1441 4265 1619 4338 hodierna
1633 4264 1692 4336 die
1708 4264 1874 4360 migravit
1888 4239 1935 4338 de
1949 4287 2031 4336 cor·

449 4409 550 4482 pore.
573 4411 591 4451 o
610 4383 681 4456 Sed
698 4409 812 4482 quum
829 4385 867 4457 in
884 4385 1031 4458 Daniele
1047 4387 1220 4486 scriptum
1236 4388 1307 4461 sit⁷
1325 4415 1334 4460 :
1356 4416 1374 4455 u
1391 4386 1662 4460 Pertransibunt
1677 4383 1839 4485 plurimi,
1859 4399 1895 4458 et
1911 4383 2032 4458 inulti-

448 4502 529 4600 plex
545 4503 612 4574 erit
627 4503 794 4592 scientia,
810 4530 828 4570 n
847 4517 884 4574 et
895 4502 1021 4576 beatus
1037 4504 1247 4578 Benedictus
1256 4506 1293 4578 in
1310 4505 1460 4605 Regula·
1472 4504 1582 4596 dicat,
1593 4485 1677 4603 q’uia
1690 4501 1824 4576 revelat
1834 4507 1930 4576 Deus
1941 4527 2033 4602 saepe

443 4625 580 4720 juniori
604 4623 705 4722 quod
729 4649 804 4696 non
825 4621 959 4698 revelat
975 4625 1102 4722 majori
1121 4654 1131 4699 z
1150 4628 1270 4727 potuit
1285 4629 1512 4727 contingere,
1531 4643 1572 4700 ut
1592 4625 1693 4725 quod
1717 4641 1882 4726 tempore
1906 4625 2034 4698 llicro·

449 4744 548 4839 nymi
569 4742 671 4816 latuit
691 4744 886 4835 incertum,
904 4744 1138 4845 postmodum
1159 4745 1337 4820 revelante
1354 4747 1487 4847 Spiritu
1503 4745 1604 4820 fieret
1618 4743 1859 4818 manifestum.
1879 4742 1987 4832 Quod
2006 4745 2037 4815 si

485 4970 493 4996 ¹
512 4970 600 5022 Psalm.
619 4987 685 5036 xuv,
701 4939 725 5023 vi
747 4973 851 5025 to.-·
865 4973 947 5035 dont,
958 4990 1016 5041 cap.
1037 4991 1070 5039 ιι,
1088 4989 1113 5026 v.
1134 4976 1218 5026 10.-
1257 4975 1395 5028 comiatum
1406 4967 2037 5041 velpotiuschusrcchiuncpistolcm,dom.lob.

451 5053 558 5114 'Cunt.,
576 5069 633 5121 cap.
651 5071 676 5117 v,
698 5069 723 5106 v.
745 5059 769 5108 2.
782 5055 928 5122 -⁸lorn.,
949 5072 1005 5127 cap·
1024 5073 1067 5121 xv,
1087 5074 1112 5110 v.
1131 5061 1170 5109 15.
1185 5085 1217 5097 -
1257 5059 1390 5127 llartianay
1401 5055 1831 5127 Hieronymcabjudican-¹l)so.,
1842 5070 1899 5124 cap.
1910 5068 1957 5118 ιιι,
1970 5067 1998 5106 r.
2010 5054 2038 5106 ⁴·

451 5137 461 5166 ⁸
477 5138 546 5200 luc„
560 5155 617 5208 cap.
627 5155 683 5207 ιιι,
697 5157 722 5194 ι.
733 5143 775 5194 2³.
784 5143 837 5184 -⁸
853 5145 915 5212 Opp.
927 5153 945 5198 ι.
957 5143 988 5209 V,
1000 5144 1049 5198 col.
1062 5147 1103 5198 88.
1115 5144 1217 5205 Serno-
1260 5171 1288 5184 -
1300 5141 1311 5172 ⁸
1325 5142 1387 5211 Cap.
1403 5159 1440 5196 ιιι.
1954 5145 1960 5155 ’
