4486 6100
906 575 1150 650 suuuouus.
1213 531 1215 536 ’

365 993 424 1081 ΙΝ
460 981 928 1110 ΑΝΝΠΝΤΙΑΤΙΟΝΕ
963 989 1161 1083 BEATAE
1192 991 1446 1084 vluolttts
1483 991 1701 1099 lihlllAE,

738 1225 790 1292 sl)
810 1225 994 1294 VlliGlNliS
1014 1226 1333 1294 Pmsuurausas,

952 1506 1064 1555 SERMO
1088 1508 1113 1554 1.
1139 1533 1143 1543 ·

287 1685 484 1760 Exordium
508 1700 639 1760 nostrae
666 1687 944 1789 redemptionis,
969 1690 1166 1764 hodiernus
1190 1707 1244 1765 est
1266 1707 1463 1792 conceptus
1481 1693 1670 1768 dominicae
1693 1697 1827 1769 matris.

237 1809 411 1908 Concepit
425 1807 624 1884 Dominum
648 1809 797 1900 femina,
818 1825 858 1884 ut
875 1815 1080 1885 Creatorem
1103 1829 1243 1913 pareret
1258 1829 1432 1888 creatura.
1456 1817 1667 1888 Communis
1684 1816 1831 1915 quidem
1979 1909 1982 1916 .

237 1928 331 2002 salus
348 1929 424 2002 haec
442 1943 495 2002 est
512 1929 720 2021 hominum,
742 1930 807 2003 sed
822 1931 983 2032 specialis
999 1932 1110 2030 gloria
1124 1933 1349 2008 feminarum.
1376 1936 1515 2008 Primus
1538 1935 1650 2008 ddum
1671 1936 1718 2010 de
1737 1951 1832 2009 terra

237 2049 449 2150 plasmatus,
477 2073 553 2122 non
576 2049 623 2123 de
644 2050 776 2125 femina
803 2064 856 2124 est
879 2067 984 2123 natus
1009 2079 1018 2122 ι
1044 2053 1119 2125 ἱιιιο
1142 2052 1188 2126 de
1211 2054 1287 2149 ejus
1309 2069 1410 2125 costa
1431 2053 1561 2127 femina
1587 2069 1640 2127 est
1666 2055 1828 2128 formata.

238 2167 424 2240 Secundus
440 2167 570 2260 Adam,
588 2194 631 2242 ac
645 2169 777 2266 prioris
791 2182 826 2240 et
839 2171 1006 2242 omnium
1016 2184 1090 2242 tam
1101 2170 1214 2270 factor
1226 2195 1334 2269 quarn
1350 2170 1577 2272 redemptor,
1598 2176 1712 2247 nostri
1729 2201 1834 2249 sexus

237 2289 391 2360 formam
402 2287 448 2360 de
462 2286 594 2360 femina
605 2286 764 2360 decrevit
777 2310 975 2380 assumere,
993 2290 1081 2362 utin
1097 2305 1347 2388 utroquesexu
1364 2294 1571 2366 consisteret
1589 2295 1720 2390 gratia,
1742 2296 1832 2366 sicut

236 2409 273 2479 in
291 2419 445 2505 utroque
462 2405 821 2507 praecesseratculpa,
837 2419 874 2480 et
886 2407 1023 2482 eaedem
1041 2425 1194 2502 naturas,
1216 2435 1282 2510 per
1299 2436 1389 2510 quas
1406 2412 1536 2486 vulnus
1559 2428 1612 2486 est
1633 2413 1829 2506 inflictum,

236 2526 431 2600 curationis
453 2524 622 2598 afferrent
643 2525 967 2619 medicamentum,
998 2543 1034 2602 et
1056 2527 1154 2602 unde
1178 2529 1274 2604 illata
1295 2546 1349 2604 est
1371 2532 1492 2632 plaga,
1515 2531 1600 2606 inde
1625 2532 1833 2606 mirabiliter

236 2644 475 2718 conficeretur
493 2643 722 2745 cataplasma.
745 2649 853 2719 Actor
870 2647 984 2747 plagae
1005 2647 1188 2742 diabolus,
1208 2650 1369 2728 minister
1391 2653 1586 2726 curationis
1598 2652 1756 2752 angelus.
1779 2658 1833 2727 De

238 2791 311 2865 quo
341 2790 439 2840 nunc
465 2765 640 2840 dicitur¹:
670 2767 830 2841 «Missus
852 2783 906 2841 est
924 2769 1070 2868 angelus
1087 2770 1232 2844 Gabriel
1249 2797 1270 2844 a
1286 2775 1386 2862 D'eo,
1406 2789 1475 2847 etc.
1498 2801 1517 2842 ιι
1542 2777 1696 2873 Serpens
1718 2775 1833 2860 silia-

236 2883 324 2958 holo
351 2885 548 2977 immissus,
572 2883 632 2958 hic
656 2891 774 2960 aDeo
800 2902 1021 2991 memoratur
1050 2891 1200 2982 missus;
1227 2906 1285 2986 ut,
1316 2915 1360 2966 ex
1384 2893 1460 2991 ipsa
1490 2893 1609 2966 statim
1635 2893 1753 2967 fronte
1776 2894 1833 2966 le-

238 3007 386 3098 ctionis,
407 3031 470 3107 spe
483 3005 613 3080 divinae
634 3007 753 3105 gratiae
766 3009 875 3082 saucii
892 3009 1096 3083 releventur
1113 3010 1160 3083 ad
1174 3013 1343 3086 nuntium
1363 3012 1497 3085 salutis.
1519 3017 1615 3087 Bene
1633 3029 1753 3088 autem
1771 3038 1833 3086 an-

238 3125 338 3223 gelus
348 3149 392 3199 ex
403 3126 552 3200 nomine
565 3125 782 3226 designatur,
794 3153 907 3227 quum
917 3128 1046 3205 dicitur
1056 3124 1220 3224 Gahrie13
1238 3146 1278 3204 ut
1288 3155 1402 3231 quum
1416 3132 1514 3205 idem
1523 3132 1696 3206 referatur
1705 3135 1834 3206 missus

239 3244 287 3317 ad
305 3246 472 3336 limiam,
496 3271 606 3346 quem
628 3247 704 3344 jam
723 3249 887 3348 superius
905 3250 1121 3349 evangelista
1145 3250 1282 3325 dixerat
1302 3253 1451 3325 missurn
1470 3252 1517 3326 ad
1532 3253 1761 3346 Zachariam,
1783 3257 1833 3327 sic

239 3381 276 3438 et
296 3368 363 3440 ista
385 3367 576 3467 promissio
602 3367 819 3468 complenda
847 3370 1033 3463 credatur,
1059 3371 1227 3445 sicutilla
1244 3370 1424 3472 completa
1438 3373 1514 3470 jam
1530 3375 1702 3448 noscitur.
1729 3373 1833 3447 Unde

241 3501 278 3558 et
293 3487 369 3588 ipse
384 3487 619 3588 postmodum
639 3489 794 3586 Angelus
812 3489 909 3563 illam
927 3492 965 3564 in
983 3490 1091 3588 hujus
1107 3508 1358 3590 argumentum
1375 3492 1550 3577 inducens
1569 3522 1577 3565 ε
1601 3522 1619 3564 ιι
1635 3497 1678 3567 Et
1695 3518 1797 3584 ecce,
1812 3523 1830 3562 ιι

239 3607 394 3704 inquit',
415 3637 433 3678 ιι
448 3608 630 3683 Elisabeth
645 3626 801 3709 cognata
820 3626 899 3705 tua,
920 3627 989 3686 etc.
1007 3641 1025 3682 ιι
1054 3617 1138 3702 Quo
1162 3638 1249 3687 vero
1274 3615 1453 3707 mittatur,
1478 3615 1665 3714 diligenter
1685 3640 1834 3714 evange·

240 3727 320 3802 lists
336 3728 524 3822 describit,
545 3753 658 3829 quum
677 3733 745 3805 ait⁸
761 3761 768 3804 :
787 3763 805 3803 ιι
819 3738 859 3806 ln
875 3734 1055 3807 civitatem
1074 3733 1243 3825 Galilaeae,
1265 3736 1324 3808 cui
1341 3760 1476 3809 nornen
1500 3737 1687 3810 Nazareth.
1705 3766 1723 3806 ιι
1743 3738 1834 3811 Civi-

241 3863 296 3922 tas
309 3851 443 3950 quippe
456 3874 532 3924 non
545 3875 763 3951 paucorum,
784 3853 848 3927 sed
865 3853 1061 3926 multorum
1076 3868 1141 3927 est.
1164 3859 1209 3926 Et
1221 3856 1288 3926 ista
1298 3857 1437 3928 curatio
1451 3879 1527 3928 non
1540 3858 1647 3930 unius
1659 3856 1832 3955 languidi,

241 3967 306 4042 sed
331 3969 441 4041 totius
459 3969 609 4043 humani
634 3972 773 4068 generis
798 3985 852 4044 est
875 3972 1003 4044 lutura.
1031 3975 1076 4044 Et
1092 3972 1176 4069 quia
1198 3995 1274 4044 non
1292 3973 1515 4070 singulorum
1539 3972 1748 4066 hominum,
1771 3976 1834 4048 sed

241 4111 370 4161 eornm
386 4103 544 4183 tantum,
567 4090 682 4189 quiin
702 4115 766 4164 sua
788 4116 864 4164 non
885 4107 1109 4164 remanentes
1119 4093 1276 4190 ignavia,
1297 4091 1343 4165 de
1362 4092 1453 4165 valle
1469 4094 1639 4168 vitiorum
1652 4096 1836 4192 migraturi

242 4211 391 4284 suntad
409 4227 570 4286 montem
586 4214 779 4302 virtutum,
800 4227 896 4286 recte
915 4213 1037 4285 civitas
1060 4213 1126 4285 ista
1153 4227 1375 4287 memoratur
1400 4237 1477 4286 esse
1500 4213 1547 4286 de
1565 4213 1719 4286 Gaiilaea.
1747 4216 1835 4300 Quae

243 4343 280 4401 et
295 4329 389 4403 hene
407 4332 598 4423 Nazareth,
616 4331 690 4405 hoc
708 4333 865 4424 estflor,
887 4332 1114 4425 nominatum
1140 4331 1204 4406 ubi
1223 4332 1334 4406 hodie
1353 4331 1413 4405 ille
1430 4332 1499 4404 llos
1521 4346 1717 4432 conceptus
1740 4347 1793 4404 est
1813 4357 1835 4404 a

242 4447 361 4548 virga,
374 4447 421 4522 de
439 4474 514 4548 quo
532 4452 638 4524 lsaias
655 4450 886 4552 predixerat*
905 4479 913 4523 ι
936 4481 954 4520 ιι
971 4451 1181 4550 Egredietur
1198 4453 1297 4550 rirga
1314 4451 1362 4526 de
1379 4451 1498 4526 radice
1514 4457 1629 4546 lesse,
1650 4467 1687 4525 et
1704 4451 1833 4524 ssoede

242 4565 364 4642 radice
380 4568 457 4664 ejus
474 4570 654 4643 ascendet.
675 4599 693 4639 ιι
713 4571 784 4659 Qui
800 4572 907 4644 etiam
920 4570 967 4643 de
980 4572 1171 4671 semetipso
1186 4573 1255 4644 ait⁸
1273 4599 1281 4644 ε
1305 4601 1323 4641 ιι
1337 4576 1412 4670 Ego
1431 4571 1498 4644 llos
1515 4572 1648 4671 campi,
1669 4586 1705 4644 et
1719 4569 1832 4644 lilium

243 4685 472 4760 convallium.
492 4717 509 4756 ιι
530 4693 576 4761 Ut
595 4714 681 4789 ergo
701 4689 800 4762 hunc
817 4691 944 4764 florem
961 4691 1059 4790 virga
1082 4690 1141 4764 illa
1159 4689 1352 4789 producat,
1372 4689 1419 4763 ad
1438 4691 1615 4789 Virginem
1633 4690 1746 4788 ipsam
1765 4715 1834 4761 an-

244 4807 344 4902 gelus
359 4808 526 4894 mittitur,
547 4806 611 4908 qui
629 4833 708 4883 eam
731 4810 779 4883 ad
794 4810 866 4883 hoc
883 4824 1074 4912 praeparet,
1096 4826 1132 4883 et
1148 4810 1252 4909 quasi
1275 4811 1435 4910 quodam
1462 4835 1533 4884 suae
1554 4811 1834 4884 annuntiationis

243 4927 384 5000 sarculo
404 4928 452 5002 ad
469 4929 737 5022 foecrmditatem
758 4930 908 5026 excolat.
930 4930 1034 5005 Unde
1051 4946 1182 5031 etpost
1195 4930 1316 5004 locum
1336 4956 1411 5030 quo
1432 4933 1602 5023 mittitur,
1618 4930 1665 5004 de
1681 4955 1836 5030 persona

279 5187 288 5214 ¹
305 5186 520 5256 lnc.,eap.r‚r.
535 5189 729 5256 te.-·tbid.‚
748 5207 771 5243 ιι.
790 5192 981 5260 to.-⁸1btd.,
999 5208 1024 5244 r.
1045 5165 1231 5246 lost-‘leam
1247 5207 1304 5261 cap.
1318 5208 1396 5256 ιω.
1412 5199 1472 5244 1.-
1486 5193 1588 5254 Ι(λιιι,
1605 5207 1663 5261 cap.
1679 5209 1713 5254 u,
1727 5207 1751 5242 r.
1766 5194 1787 5241 1.
