4486 6100
462 607 535 682 332

533 746 609 801 Deus
620 757 699 820 pater
710 757 819 802 tantum
829 745 897 817 Dei,

533 836 624 911 Virgo
636 847 725 892 mater
736 835 783 892 sed
794 847 824 892 ct
835 835 894 890 Dei.

533 928 565 982 ln
577 937 634 982 tam
646 946 716 983 nova
727 921 848 1000 ligatura

530 1016 576 1072 sic
589 1027 707 1092 utraque
720 1026 775 1072 stat
785 1026 901 1082 natura,

530 1107 571 1162 Ut
583 1117 726 1165 conservet
738 1103 879 1181 quidquid
891 1113 964 1174 erat,

530 1200 612 1255 Facta
623 1195 758 1272 quiddam
769 1194 847 1270 quod
858 1213 918 1250 nou
925 1204 994 1250 erat.

529 1289 631 1344 Noster
644 1289 696 1343 iste
709 1285 857 1354 mediator,

527 1378 584 1435 Iste
597 1388 692 1433 noster
702 1375 856 1451 legislator,

526 1468 732 1536 Circumcisus,
746 1467 918 1540 baptizatus,

526 1557 698 1626 Crucifixus,
713 1555 885 1626 tumulatus,

526 1647 709 1704 Obdormivit
718 1656 747 1702 et
759 1644 922 1714 deseendit,

526 1738 691 1794 Resurrenit
702 1747 732 1794 et
742 1736 878 1793 ascendit.

526 1831 573 1887 Sic
587 1851 618 1888 ac
628 1830 712 1887 coelos
723 1829 845 1886 elevatus

523 1920 666 1976 ludicabit
674 1919 828 1992 judicatus.

525 2009 678 2067 paraclitus
690 2012 844 2080 increatus,

524 2101 622 2176 Neque
633 2101 735 2168 lactus,
750 2118 841 2174 neque
853 2110 949 2167 natus,

523 2191 601 2246 Patri
615 2207 729 2247 consors
740 2191 912 2264 genitoque,

523 2280 569 2337 Sic
582 2279 709 2355 procedit
721 2279 757 2334 ab
768 2290 907 2354 utroque,

522 2369 565 2425 Ne
577 2370 613 2424 sit
629 2370 722 2424 minor
733 2378 885 2443 potestate,

523 2457 577 2516 Vel
589 2457 728 2514 discretus
740 2456 885 2532 qualitate.

410 2553 418 2566 “
521 2549 630 2620 Quanti
642 2547 697 2617 illi,
712 2557 806 2605 tantus
818 2549 886 2614 iate,

521 2637 626 2710 Quales
637 2637 695 2706 illi,
708 2637 772 2693 talis
784 2638 847 2696 iste.

521 2727 562 2782 Ex
575 2745 632 2802 quo
644 2725 701 2800 illi,
713 2745 746 2783 er
759 2737 827 2782 tunc
839 2727 910 2797 iste,

521 2817 666 2888 Quantum
679 2817 737 2886 illi,
751 2827 862 2873 motum
875 2817 940 2872 iste.

518 2907 601 2963 Pater
612 2907 691 2977 alter,
704 2906 753 2963 sed
764 2907 930 2983 gignendo,

518 2996 697 3065 Natusalter,
711 2996 760 3052 sed
770 2997 930 3066 demendo,

517 3087 632 3144 Flamen
645 3085 680 3142 ab
692 3086 737 3143 his
749 3085 949 3160 procedendo,

517 3177 588 3233 Tres
600 3185 666 3232 sunt
678 3194 767 3230 unum
778 3175 970 3232 subsistendo.

517 3267 645 3341 Quisque
655 3267 743 3322 trium
757 3266 856 3340 plenus
867 3265 962 3329 Deus,

516 3355 580 3410 Non
592 3365 648 3410 trec
660 3364 725 3409 sunt
739 3354 805 3423 Dii,
818 3353 866 3409 sed
879 3353 962 3412 Deus.

516 3444 616 3500 Inhoc
626 3444 701 3512 Deo,
712 3443 773 3498 Deo
783 3460 863 3510 vero,
896 3495 900 3502 .

516 3535 587 3590 Tres
597 3543 628 3588 et
639 3550 729 3588 unum
741 3549 865 3588 assevero
873 3573 886 3599 ,

515 3625 590 3680 Dans
602 3623 668 3680 usie
680 3622 819 3678 unitatem

516 3713 552 3768 Et
565 3711 692 3785 personis
705 3711 876 3768 trinitatem.

518 3803 553 3858 ln
565 3803 690 3876 personis
704 3800 778 3856 nulla
792 3802 882 3875 prior,

518 3891 600 3948 Nulla
614 3893 712 3965 major,
726 3889 803 3946 nulla
815 3892 920 3948 minor.

517 3981 697 4056 Unaquaeque
709 3998 818 4055 semper
829 3982 890 4054 ipsa

517 4075 563 4131 Sic
577 4083 619 4132 est
629 4083 758 4129 constans
769 4083 853 4142 atque
865 4073 937 4144 lixa,

519 4165 558 4221 Ut
569 4183 620 4222 nec
633 4163 691 4236 ipsa
702 4163 834 4230 varietur,

517 4255 576 4310 Nec
586 4255 616 4309 in
629 4251 718 4306 ullum
729 4261 947 4308 transmutetur.

515 4346 580 4401 Huc
593 4352 635 4399 est
646 4342 714 4398 fides
727 4340 901 4410 orthodoxa,

516 4436 581 4492 Non
591 4433 639 4490 hio
649 4449 729 4488 error
740 4431 796 4486 sive
809 4448 888 4486 nora.

515 4527 594 4583 Sicut
605 4523 685 4591 dico,
701 4523 741 4576 sic
752 4531 782 4577 et
793 4520 896 4591 credo,

516 4616 574 4670 Nec
585 4613 615 4668 iu
626 4629 738 4686 pravam
750 4621 858 4685 partem
870 4609 960 4676 cedo,

488 4697 491 4705 ’
515 4702 584 4759 lnde
597 4701 673 4756 venit
685 4701 775 4756 bonus
786 4700 879 4769 Deua,

514 4793 557 4849 Ne
568 4791 697 4864 desperes
708 4791 833 4864 quamvis
847 4809 923 4846 reus.

513 4881 590 4939 Reos
603 4881 701 4936 mortis
713 4898 771 4936 non
782 4880 915 4954 despero,

513 4969 569 5030 Sed
581 4970 610 5025 in
622 4978 713 5024 morte
723 4969 808 5025 sitam
822 4988 928 5044 quero.

513 5062 619 5133 Quoto
632 5056 738 5132 placem
749 5060 790 5115 nil
802 5061 959 5133 protendo,

512 5150 573 5208 Nisi
584 5147 668 5204 fidem
680 5167 764 5225 qnam
777 5148 897 5206 delendo

511 5239 610 5298 Fidem
622 5238 715 5310 sides,
731 5239 804 5296 hauc
814 5238 953 5316 imploro,

1062 605 1190 680 PE‘l'Rl
1216 608 1450 687 ABAELARDl

1346 751 1415 806 Lern
1426 749 1527 808 fascem
1538 769 1596 826 quo
1606 751 1713 807 laboro.

1344 839 1399 896 Per
1412 841 1467 898 hoe
1480 859 1589 898 sacrum
1600 841 1763 916 cataplasma

1344 929 1523 989 Convaleseat
1533 933 1638 1005 egram
1651 931 1770 1006 plasma,

1345 1021 1429 1078 Extra
1441 1033 1550 1097 portam
1560 1024 1618 1096 jam
1628 1021 1752 1078 delatum
1762 1063 1770 1085 ,
1891 1093 1895 1100 Ι

1343 1114 1360 1168 J
1360 1131 1407 1168 am
1416 1113 1561 1170 foetentem
1571 1111 1751 1170 tumulatum.

1345 1203 1424 1260 Vitta
1435 1205 1518 1279 ligat,
1531 1203 1601 1278 lapis
1612 1213 1711 1278 urget,

1344 1289 1401 1349 Sed
1412 1293 1435 1349 si
1444 1294 1526 1366 jubes
1538 1295 1585 1350 bic
1599 1303 1737 1367 resurget.
1857 1281 1862 1292 ’

1342 1381 1431 1438 Jube:
1445 1382 1516 1456 lapis
1526 1381 1700 1450 resolvetur,

1342 1467 1415 1526 Jube
1428 1496 1435 1526 :
1450 1473 1518 1528 vitta
1531 1471 1724 1546 dimmpetur3

1343 1559 1476 1617 Exiturus
1489 1561 1577 1617 nescit
1590 1578 1696 1629 moras,

1342 1649 1493 1726 Postquam
1505 1651 1622 1707 clamas:
1635 1651 1685 1707 Exi
1696 1650 1778 1706 foras.

1342 1739 1377 1793 In
1388 1739 1443 1796 hoc
1455 1741 1511 1797 salo
1525 1760 1586 1798 mea
1596 1743 1664 1798 ratis

1342 1828 1494 1887 Infestatur
1504 1851 1520 1887 a
1531 1833 1639 1906 piratis.

1340 1919 1415 1976 Hinc
1427 1921 1563 1990 multus,
1579 1921 1645 1978 inde
1658 1921 1773 1986 fluctus,

1341 2009 1416 2066 Hinc
1427 2022 1456 2066 et
1466 2010 1532 2067 inde
1546 2029 1621 2067 mors
1636 2021 1665 2067 et
1676 2010 1777 2067 luctus.

1340 2099 1396 2156 Sed
1407 2110 1452 2169 tu,
1467 2101 1539 2157 bone
1551 2112 1644 2172 muta,
1659 2101 1739 2169 veni,

1340 2189 1442 2247 Preme
1452 2201 1550 2247 ventos
1557 2234 1564 2261 ,
1578 2209 1654 2247 mare
1665 2190 1738 2259 leni,

1340 2279 1395 2334 Fac
1407 2280 1556 2336 abscedant
1566 2280 1597 2336 hi
1610 2282 1718 2355 pirate,

1339 2369 1402 2426 Duc
1413 2369 1447 2425 ad
1458 2381 1573 2444 portum
1587 2369 1658 2426 salva
1671 2380 1740 2425 rate.

1339 2458 1503 2516 Infoecunda
1516 2479 1575 2516 mea
1588 2461 1670 2528 licus,
1683 2479 1685 2484 ’

1338 2550 1429 2622 Cujus
1441 2569 1535 2606 mmus
1547 2568 1641 2606 ramus
1653 2552 1756 2619 siccus,

1339 2639 1495 2712 Incidetur,
1507 2641 1685 2712 incendetur,

1337 2729 1367 2786 si
1381 2730 1542 2805 promulgas
1552 2731 1629 2806 quod
1644 2743 1778 2788 meretur.

1338 2819 1394 2876 Sed
1405 2820 1459 2876 hoc
1471 2839 1545 2877 anno
1556 2821 1728 2890 dimittatur,

1338 2909 1524 2982 Stercoretur,
1537 2913 1671 2969 fodiatur.

1337 2999 1422 3070 Quod
1434 3001 1456 3056 si
1468 3000 1587 3057 necdum
1601 3001 1797 3076 respondebit,

1335 3088 1418 3146 Flens
1429 3090 1484 3146 hcc
1494 3090 1604 3166 loquar,
1617 3102 1686 3148 tunc
1697 3091 1816 3148 ardebit.

1335 3178 1428 3236 Vetus
1439 3179 1528 3236 hostia
1538 3182 1569 3237 in
1581 3199 1628 3237 me
1640 3182 1725 3250 furit,

1334 3267 1425 3342 Aquis
1436 3280 1552 3339 mersat,
1565 3271 1686 3327 flammis
1696 3271 1763 3326 urit.

1335 3356 1406 3413 Inde
1416 3357 1552 3433 languens
1563 3370 1592 3416 et
1603 3359 1735 3428 afflictus,

1336 3445 1402 3502 Tibi
1413 3447 1464 3503 soli
1477 3465 1539 3503 sum
1552 3449 1676 3506 relictus.

1335 3535 1375 3592 Ut
1387 3536 1435 3592 bie
1447 3537 1537 3594 bostis
1547 3550 1706 3609 evanescat,

1335 3625 1375 3682 Ut
1387 3627 1516 3684 infirmus
1530 3627 1715 3700 convalescat,

1336 3717 1382 3771 Tu
1395 3717 1528 3774 virtutem
1536 3718 1684 3792 jejunandi

1333 3805 1389 3862 Des
1400 3807 1529 3877 infirmo,
1544 3809 1593 3865 des
1606 3810 1719 3866 orandi.

1296 3945 1300 3952 .
1333 3895 1388 3952 Per
1398 3895 1457 3954 bec
1471 3898 1543 3972 duo,
1558 3899 1673 3956 Christo
1686 3910 1771 3970 teste,

1333 3988 1486 4046 Liberabor
1496 3990 1532 4046 ab
1543 3991 1596 4046 bac
1610 4001 1696 4065 peste.

1331 4078 1377 4136 ab
1389 4079 1443 4135 bae
1453 4091 1531 4156 peste
1544 4080 1617 4137 solve
1630 4091 1770 4149 mentem,

1332 4167 1387 4224 Fac
1399 4169 1534 4227 devotum
1546 4172 1739 4246 poenitentem.

1332 4257 1373 4314 Da
1385 4259 1536 4330 timorem,
1550 4278 1608 4336 quo
1623 4259 1749 4334 projecto

1331 4347 1373 4404 De
1384 4348 1471 4406 salute
1482 4347 1523 4405 nil
1534 4350 1671 4424 conjecto.

1329 4438 1372 4494 Da
1383 4456 1475 4512 spem,
1490 4439 1590 4510 fidem,
1604 4441 1764 4510 caritatem,

1330 4527 1372 4584 Da
1384 4529 1533 4586 discretam
1544 4531 1620 4605 pieta
1641 4542 1692 4602 tm,
1815 4545 1817 4556 ’

1329 4615 1371 4672 Da
1382 4628 1576 4693 contemptum
1586 4629 1782 4689 terrenorum,

1328 4709 1493 4782 Appetitum
1505 4727 1702 4784 supernorum.

1327 4798 1447 4868 Totum,
1460 4797 1551 4868 Deus,
1565 4799 1595 4854 in
1606 4810 1635 4856 te
1645 4817 1744 4874 spero,

1325 4886 1416 4956 Deus,
1428 4905 1463 4943 ex
1473 4897 1502 4944 te
1513 4897 1606 4944 totum
1617 4907 1721 4964 quero

1327 4977 1374 5032 Tu
1385 4976 1445 5034 laus
1459 4995 1537 5046 mea,
1553 4995 1648 5034 meum
1659 4979 1786 5050 boucam

1325 5067 1387 5122 ldea
1399 5077 1500 5122 cuncta
1511 5076 1593 5122 tuum
1607 5067 1724 5126 donum.

1324 5155 1371 5212 Tu
1382 5154 1505 5212 solamen
1517 5156 1547 5212 in
1560 5156 1669 5228 labore,

1324 5245 1498 5305 Medicamen
1511 5245 1668 5322 indolere,
