4522 6102
367 725 372 733 .
471 668 541 740 ttt
907 669 1033 740 PETRl
1060 668 1295 741 ABAELAlllll
1320 669 1376 740 ΕΤ
1401 653 1626 740 flutolssAE

467 807 615 904 quidam
632 807 751 879 abbati
772 808 906 906 pastori
925 806 971 880 de
987 807 1146 905 quodam
1162 808 1359 898 monacho,
1382 809 1464 906 quia
1482 831 1557 879 non
1573 805 1718 878 bibebat
1736 805 1877 892 vinum,
1900 820 1935 878 et
1955 803 2041 876 dixit

466 929 609 1025 eisquia
622 929 746 999 vinum
754 927 1016 999 monachorum
1027 929 1178 1001 omnino
1187 952 1261 1000 non
1275 943 1341 1000 est.
1357 956 1375 998 ι
1396 933 1484 1000 ltem
1495 942 1578 1024 post
1594 925 1732 1022 aliqua:
1749 953 1767 992 a
1785 929 1888 996 Facta
1906 938 1958 994 est
1974 923 2036 994 ali-

465 1047 611 1143 quando
639 1047 829 1120 celebratio
854 1035 1045 1120 missarum
1075 1049 1113 1118 in
1137 1062 1260 1122 monte
1290 1046 1426 1120 abbatis
1448 1045 1609 1135 Antonii,
1644 1058 1679 1116 et
1702 1046 1888 1118 inventum
1913 1056 1965 1114 est
1989 1042 2039 1114 ibi

464 1168 654 1239 cenidum¹
673 1170 760 1240 vini.
783 1173 827 1240 Et
849 1167 1020 1242 extollens
1043 1193 1136 1240 unus
1159 1167 1205 1240 de
1228 1167 1370 1240 senibus
1392 1191 1543 1265 parvum
1562 1189 1623 1236 vas
1642 1157 1791 1236 calicein
1816 1164 1971 1262 portavit
1991 1163 2037 1239 ad

463 1285 628 1360 abbatem
640 1290 751 1379 Sisoi,
772 1302 808 1360 et
826 1288 925 1360 dedit
940 1289 987 1360 ei.
1009 1293 1053 1358 Et
1069 1287 1160 1360 bibit
1173 1287 1298 1378 semel,
1316 1301 1352 1358 et
1367 1285 1546 1374 secundo,
1566 1299 1602 1356 et
1619 1284 1772 1381 accepit,
1791 1298 1826 1354 et
1838 1281 1939 1354 bibit.
1962 1281 2036 1356 Ob·

463 1405 542 1478 tulit
559 1409 592 1479 ei
608 1423 645 1479 et
662 1409 778 1479 tertio.
799 1407 869 1478 Sed
887 1429 961 1479 non
976 1409 1128 1504 accepit,
1149 1407 1273 1480 dicens
1293 1434 1300 1450 ·
1319 1407 1519 1493 «Quiesce,
1537 1403 1659 1493 lrater3
1678 1425 1724 1474 aa
1736 1407 1746 1440 ²
1759 1402 1872 1474 nescis
1885 1402 1969 1498 quia
1985 1416 2038 1474 est

464 1555 482 1592 (ι
497 1525 669 1599 Satanas?
683 1553 703 1595 ιι
720 1531 763 1598 Et
774 1529 905 1598 lterum
915 1525 961 1597 de
972 1525 1099 1606 abbate
1112 1527 1221 1598 Sisoi:
1239 1526 1361 1604 «Dicit
1369 1548 1454 1621 ergo
1468 1522 1645 1596 Abrabam
1657 1519 1839 1618 discipulis
1851 1519 1928 1614 ejus
1944 1547 1951 1589 :
1971 1547 1988 1590 ι(
1999 1521 2035 1592 δί

464 1675 481 1711 α
498 1646 695 1717 occurritur
712 1647 752 1716 in'
765 1645 911 1718 sabbato
925 1659 961 1716 et
977 1645 1157 1718 dominica
1174 1644 1220 1716 ad
1232 1645 1435 1733 ecclesiam,
1452 1658 1488 1716 et
1504 1642 1633 1714 biberit
1643 1657 1715 1713 tres
1726 1640 1869 1729 calices,
1886 1664 1932 1712 ne
1942 1638 2033 1712 mul·

464 1793 482 1831 a
494 1768 588 1836 tum³
600 1765 677 1836 est?
689 1793 705 1833 a
722 1769 766 1838 Et
774 1765 862 1837 dixit
873 1789 1004 1838 senex:
1023 1793 1041 1834 a
1049 1766 1085 1836 Si
1102 1763 1183 1837 non'
1191 1779 1282 1836 esset
1290 1767 1550 1852 Satanas‚·non
1563 1776 1653 1834 esset
1668 1760 1832 1834 multum.
1845 1789 1863 1828 a
1881 1758 1949 1830 Ubi
1969 1783 2034 1832 un·

460 1907 582 1979 quarn,
595 1907 728 1980 quaeso,
742 1890 982 1957 camesaDeo
992 1884 1168 1956 damnatae
1179 1897 1262 1956 sunt
1273 1882 1329 1954 vel
1339 1880 1523 1954 monacbis
1534 1878 1744 1952 interdictae?
1755 1878 1858 1967 Vide,
1870 1876 2031 1968 obsecre,

407 2051 422 2072 .
460 2016 496 2073 et
512 2002 655 2074 attende
672 2026 744 2098 qna
761 2004 968 2075 necessitate
991 2001 1149 2098 regulam
1167 2016 1340 2098 temperet
1363 2001 1400 2072 in
1422 2023 1467 2072 eo
1487 1999 1594 2072 etiam
1616 1997 1715 2094 quod
1734 1997 1966 2094 periculosius
1984 2012 2035 2069 est

438 2118 664 2208 monacbis,
691 2135 728 2191 et
749 2120 848 2217 quod
876 2144 1002 2191 eorum
1027 2142 1102 2190 non
1130 2143 1206 2190 esse
1231 2119 1389 2207 noverit,
1413 2118 1497 2213 quia
1514 2114 1678 2188 videlieet
1694 2113 1800 2210 hujus
1823 2114 2034 2188 abstinentia

459 2239 678 2336 temporibus
697 2240 768 2310 suis
781 2238 967 2310 monacbis
982 2237 1057 2333 jam
1070 2237 1275 2336 persuaderi
1293 2261 1366 2309 non
1383 2251 1534 2336 poterat.
1551 2237 1694 2308 Utinam
1707 2234 1834 2308 eadem
1851 2235 2034 2332 dispensa·
2110 2285 2112 2290 -

459 2361 555 2429 tione
574 2374 609 2429 et
633 2360 670 2428 in
688 2358 759 2429 boc
778 2372 940 2455 tempore
960 2372 1142 2454 ageretur,
1170 2370 1209 2427 ut
1228 2356 1392 2428 videlicet
1408 2357 1445 2427 in
1459 2355 1534 2444 his,
1558 2379 1637 2452 quac
1656 2354 1774 2426 media
1793 2352 1934 2426 boniet
1951 2355 2034 2428 mali

459 2493 565 2574 atque
577 2477 813 2549 indifferentia
827 2477 1012 2583 dicuntur,
1029 2477 1098 2548 tale
1113 2491 1431 2574 temperamentum
1445 2474 1564 2566 lieret;
1582 2490 1621 2547 ut
1633 2473 1731 2572 quod
1742 2475 1817 2570 jam
1830 2475 2035 2571 persuaderi

458 2621 530 2669 non
550 2597 661 2688 valet,
682 2597 855 2695 professio
870 2621 943 2668 non
959 2598 1130 2693 exigeret,
1152 2595 1348 2692 mediisque
1368 2595 1535 2666 omnibus
1554 2595 1629 2666 sine
1647 2593 1815 2666 scandalo
1833 2595 2031 2684 concessis,

457 2716 532 2790 sola
553 2717 713 2789 interdici
731 2731 876 2814 peccata
893 2715 1089 2805 sufficeret;
1116 2730 1152 2786 et
1171 2717 1222 2786 sic
1234 2736 1380 2812 quoque
1397 2716 1434 2786 in
1454 2714 1542 2786 cibis
1558 2715 1650 2786 sicut
1671 2715 1708 2784 in
1728 2715 1945 2788 vestimentis
1964 2715 2034 2789 dis·

457 2852 684 2934 pensaretur,
707 2851 745 2907 ut
757 2835 857 2932 quod
870 2834 973 2907 vilius
987 2836 1187 2933 comparari
1206 2851 1327 2934 posset
1347 2836 1622 2924 ministraretur,
1642 2849 1679 2908 et
1698 2859 1761 2933 per
1779 2835 1900 2907 omnia
1913 2859 2033 2909 noces-

456 2955 565 3045 sitati,
593 2979 667 3026 non
693 2954 925 3052 superfluitati
943 2954 1200 3026 consuleretur.
1224 2959 1304 3026 Non
1322 2956 1419 3026 enirn
1441 2977 1657 3050 magnopere
1676 2967 1759 3024 sunt
1775 2951 1934 3026 curanda
1954 2977 2033 3050 quae

455 3099 521 3147 nos
538 3096 649 3171 regno
664 3077 729 3146 Dei
743 3099 816 3146 non
836 3089 1054 3172 praeparant,
1074 3074 1133 3146 vel
1143 3099 1223 3171 quae
1235 3099 1302 3146 nos
1316 3075 1462 3146 minime
1476 3077 1554 3144 Deo
1570 3073 1838 3146 commendant.
1854 3079 1936 3148 Haec
1948 3099 2032 3146 vero

455 3209 537 3266 sunt
549 3197 671 3266 omnia
688 3219 767 3290 quae
781 3195 933 3266 exterius
945 3207 1135 3290 geruntur,
1156 3208 1193 3264 et
1203 3215 1304 3290 mque
1323 3193 1484 3291 reprobis
1495 3208 1534 3264 ut
1549 3191 1707 3282 electis&
1728 3215 1827 3292 teque
1840 3192 2034 3290 hypocritis

455 3327 495 3383 ut
514 3312 681 3410 religiosis
696 3314 900 3384 communia
914 3327 1009 3383 sunt.
1027 3311 1120 3383 Nihil
1136 3313 1271 3410 quippe
1287 3313 1379 3384 inter
1391 3311 1528 3408 judaeos
1544 3327 1580 3384 et
1600 3311 1811 3384 christianos
1829 3314 1877 3384 ita
1895 3328 2033 3411 separat

455 3433 544 3504 sicut
553 3435 926 3528 exteriorumoperum
940 3445 977 3502 et
990 3432 1200 3502 interiorum
1216 3430 1401 3522 discretio,
1421 3433 1613 3529 presertim
1627 3457 1740 3530 quum
1755 3433 1847 3504 inter
1861 3431 1954 3504 lilios
1966 3435 2031 3502 Dei

453 3565 489 3622 et
510 3550 643 3622 diaboli
658 3549 735 3624 sola
748 3549 900 3620 charitas
920 3549 1139 3639 dlscernw,
1167 3573 1276 3646 quam
1296 3549 1556 3648 plenitudinem
1576 3549 1662 3648 legis
1680 3565 1716 3622 et
1735 3549 1845 3622 finem
1864 3551 2032 3649 praecepti

455 3671 644 3766 Apostolus
657 3671 792 3740 vocat⁸.
811 3668 914 3741 Unde
928 3670 1051 3767 etipse
1064 3669 1158 3740 hanc
1172 3694 1323 3768 operum
1342 3669 1488 3766 gloriam
1503 3695 1647 3766 prorsus
1660 3685 1873 3757 extenuans,
1895 3685 1934 3740 ut
1947 3668 2032 3741 lidei
2082 3705 2094 3722 =

453 3788 614 3884 praeferat
627 3791 818 3883 justitiam,
842 3789 1021 3861 Judoeam⁷
1044 3788 1230 3885 alloquens
1251 3789 1359 3861 dicit⁸
1380 3817 1388 3860 ι
1418 3819 1435 3858 ιι
1451 3789 1520 3860 Ubi
1538 3804 1590 3862 est
1606 3789 1769 3886 gloriatio
1787 3789 1871 3861 tua?
1891 3789 2032 3862 exclusa

454 3921 515 3977 est.
535 3911 601 3976 Per
617 3927 726 4002 quam
741 3907 877 4004 legem?
897 3908 1094 3979 factorum?
1115 3933 1210 3998 non,
1232 3909 1296 3980 sed
1308 3933 1373 4007 per
1391 3909 1506 4006 legem
1520 3907 1614 3980 fidei.
1633 3907 1852 3980 Arbitrantur
1864 3932 1947 3980 eum
1965 3908 2032 3981 lto-

453 4026 587 4097 minem
591 4025 773 4122 justificari
782 4025 960 4123 perfidem
971 4028 1049 4099 sina
1062 4028 1231 4126 operibus
1240 4019 1362 4126 legis.»
1378 4032 1498 4100 trent:
1513 4058 1531 4098 u
1542 4029 1579 4100 Si
1591 4029 1687 4122 enim
1696 4027 1872 4100 Abraham
1884 4052 1928 4098 ex
1938 4051 2027 4125 ope·

451 4140 549 4213 ribus
571 4142 782 4239 justificatus
805 4162 874 4233 est,
901 4145 1010 4218 babet
1038 4145 1204 4242 gloriam,
1241 4146 1302 4220 sed
1328 4171 1402 4218 non
1426 4146 1523 4244 apud
1546 4150 1674 4219 Deum.
1700 4145 1796 4234 Quid
1820 4146 1917 4218 enirn
1944 4145 2033 4218 dicit

449 4262 671 4360 scripturali
687 4263 845 4334 Credidit
859 4263 1035 4336 Abrabam
1048 4265 1139 4354 Deo,
1156 4279 1192 4336 et
1203 4280 1406 4363 reputatum
1418 4279 1472 4338 est
1483 4265 1516 4338 ei
1527 4263 1572 4336 ad
1582 4266 1790 4360 justitiam.»
1807 4269 1851 4336 Et
1861 4290 2026 4338 rursum:

451 4413 468 4450 a
488 4383 545 4471 ai,
570 4410 587 4448 a
616 4384 731 4479 inquit
745 4386 779 4472 ¹¹,
810 4413 827 4450 ιι
844 4379 911 4481 'qui
932 4408 1007 4456 non
1036 4399 1222 4482 operabar,
1251 4385 1410 4458 medenti
1436 4399 1555 4456 autem
1582 4387 1618 4456 in
1637 4389 1753 4456 Deum
1774 4385 1837 4482 qui
1860 4383 2032 4479 justificat

448 4502 615 4600 impium,
642 4500 833 4600 deputatur
854 4501 945 4573 fides
969 4503 1045 4598 ejus
1062 4503 1109 4572 ad
1125 4504 1296 4599 justitiam
1317 4501 1516 4575 secundum
1534 4502 1758 4600 propositum
1775 4503 1892 4598 gratiae
1910 4505 1987 4576 Dei.
2008 4535 2027 4572 >t

446 4616 546 4686 ldem
563 4617 668 4686 etiam
681 4623 844 4690 oninium
862 4620 1027 4693 eborum
1041 4646 1141 4692 asum
1155 4622 1354 4694 christianis
1372 4621 1575 4718 indulgens,
1592 4637 1628 4693 et
1639 4621 1685 4694 ab
1703 4611 1758 4694 ltis
1772 4643 1814 4695 ea
1829 4647 1910 4718 quae
1924 4623 2029 4717 justi·

447 4732 555 4806 licant
570 4734 813 4830 distinguens:
832 4763 850 4802 a
864 4738 943 4805 Non
963 4748 1033 4822 est,
1052 4761 1070 4800 n
1087 4741 1205 4832 inquit
1215 4745 1251 4826 ¹¹,
1266 4770 1286 4806 a
1303 4763 1454 4832 regnum
1469 4741 1533 4810 Dei
1544 4765 1625 4812 asoa
1635 4756 1671 4810 ct
1683 4755 1803 4836 potua,
1819 4739 1881 4812 sed
1890 4741 2026 4834 jtntllia

449 4869 483 4924 et
502 4878 589 4952 pax,
605 4870 641 4924 et
653 4855 821 4950 gaudium
835 4856 870 4925 in
885 4854 1018 4951 Spiritu
1039 4869 1174 4926 sancto.
1193 4883 1210 4922 a
1233 4858 1363 4928 Omnia
1380 4857 1527 4954 quidem
1542 4858 1676 4930 munda
1689 4874 1788 4948 sunt,
1809 4859 1872 4930 sed
1891 4860 2028 4934 malum

480 5071 488 5097 ¹
509 5071 629 5122 cenidium
643 5069 789 5121 C.-'Aut
802 5076 879 5122 ιιιιιοίι
890 5071 1065 5124 lla-'Nullo
1075 5073 1104 5122 b.
1115 5071 1220 5124 -⁴ste
1253 5072 1263 5102 ⁸
1277 5073 1358 5134 Rvet„
1371 5089 1425 5141 cap.
1440 5091 1480 5136 nr,
1491 5091 1515 5124 ι.
1528 5077 1570 5125 27.
1588 5099 1612 5129 ,-
1631 5075 1734 5135 ⁹llom.‚
1747 5091 1804 5144 cap.
1815 5093 1847 5132 ιι,
1858 5094 1881 5127 ι.
1892 5080 1906 5126 2
1919 5091 1944 5129 ot
1960 5081 1983 5130 l.
1997 5107 2027 5117 —-

447 5155 496 5206 Gl).
507 5181 525 5194 -
537 5156 640 5220 Deiecit
651 5169 780 5223 perperam
793 5157 818 5206 in
830 5155 977 5208 editionibus
988 5155 1101 5208 hebetur.
1110 5179 1142 5194 0-
1153 5157 1164 5183 ⁸
1175 5157 1220 5206 De·
1254 5155 1277 5186 ¹⁰
1292 5159 1388 5218 Gener„
1405 5173 1460 5225 cap.
1478 5175 1519 5216 ιι,
1534 5175 1557 5208 ι.
1578 5160 1601 5208 s.
1611 5185 1644 5199 -
1655 5161 1675 5189 ¹⁴
1693 5163 1774 5222 Rosa,
1795 5177 1850 5228 cap.
1872 5179 1905 5221 ιι,
1919 5179 1941 5212 ι,
1955 5166 1981 5213 ὁ.
1995 5191 2029 5202 -

447 5241 568 5291 remote.
580 5241 721 5300 --⁸llom.,
733 5256 788 5306 cap.
801 5257 897 5302 xur,r.
915 5239 1135 5294 10.—-'Judoetm
1148 5241 1220 5292 ὓμ-
1253 5241 1577 5310 ‘'lbid.,cap.xtr,r.t'l.
1657 5255 1668 5276 ·
