4522 6102
794 625 799 632 ‘
895 611 1130 687 tutatuta.
1721 607 1792 682 l09

215 755 349 857 judicat
366 755 617 854 elephantem?
639 755 728 844 Quis
744 771 842 828 tauta
858 757 978 855 pueris
997 769 1058 828 aut
1078 754 1374 851 senibusquanta
1391 751 1475 826 viris
1487 749 1667 847 injungat?
1684 754 1793 824 Tanta

219 875 394 953 debilibus
418 875 549 948 scilicet
572 891 706 973 quanta
734 875 903 965 iordbus,
934 890 1032 946 tanta
1059 873 1209 946 infirmis
1235 887 1368 970 quanta
1389 871 1503 961 sanis,
1536 884 1632 942 tanta
1655 869 1794 942 seminis

217 1012 349 1096 quanta
362 995 542 1068 mannus?
556 993 747 1066 infirmiori
760 995 923 1066 uidelicet
936 993 1036 1066 sexui
1047 1007 1181 1091 quanta
1194 1007 1229 1065 et
1243 991 1345 1064 lorti?
1355 991 1463 1078 Quod
1474 990 1659 1087 diligenter
1668 988 1794 1062 beatus

219 1141 310 1218 papa
323 1117 512 1213 Gregorius
519 1113 727 1203 attendens,
745 1115 942 1186 Partoralis
952 1114 1007 1184 sui
1023 1137 1102 1211 cap.
1117 1137 1177 1182 xiv
1189 1117 1218 1200 ²,
1240 1127 1312 1182 tam
1321 1112 1367 1183 de
1381 1109 1617 1182 admonendis
1630 1133 1739 1206 quam
1749 1109 1795 1181 de

220 1233 463 1335 praecipiendis
486 1235 534 1306 ita
556 1232 714 1306 distinxit
739 1259 747 1304 ε
781 1263 806 1304 u,
825 1233 933 1304 Aliter
956 1231 1064 1329 igitur
1085 1229 1303 1302 admonendi
1332 1243 1414 1300 sunt
1444 1229 1531 1317 viri,
1562 1242 1668 1325 atque
1695 1228 1795 1300 aliter

219 1353 356 1426 feminae
378 1381 387 1423 :
413 1353 496 1449 quia
517 1352 587 1426 illis
611 1353 749 1450 pavia,
772 1354 847 1424 istis
867 1377 953 1424 vero
976 1366 1060 1423 sunt
1081 1349 1298 1447 injungenda
1322 1348 1478 1437 leviora;
1503 1361 1537 1419 et
1559 1348 1647 1420 alios
1669 1373 1794 1444 magna

218 1486 421 1562 exerceant,
442 1473 525 1548 istas
542 1493 628 1542 vero
647 1469 738 1544 levia
757 1470 997 1544 demulcendo
1014 1484 1261 1542 convertant.»
1277 1473 1380 1540 Certe
1400 1481 1436 1538 et
1456 1467 1518 1563 qui
1536 1467 1795 1540 monachorum

219 1591 358 1691 regula
370 1592 608 1690 scripserunt,
630 1615 697 1664 nec
709 1589 828 1664 sobam
851 1590 898 1662 de
919 1591 1057 1664 feminis
1075 1590 1225 1662 omnino
1244 1601 1448 1674 tacuerunt,
1471 1611 1594 1658 verum
1615 1589 1720 1657 etiam
1738 1587 1795 1658 illa

220 1727 417 1788 statuemur
436 1737 516 1811 quae
543 1713 593 1786 eis
615 1712 816 1785 nuliatenus
844 1715 1036 1785 convenire
1060 1711 1218 1784 sciebant
1244 1739 1252 1780 ε
1280 1711 1363 1782 satis
1388 1708 1580 1782 commode
1604 1711 1804 1783 innuerunt·

220 1857 446 1930 nequaquam
457 1830 587 1904 eodem
596 1831 686 1929 jugo
698 1831 825 1929 regula
834 1833 930 1902 tauri
945 1848 987 1903 et·
997 1833 1158 1927 juvencae
1172 1829 1409 1929 premendam
1422 1853 1497 1901 esse
1511 1830 1698 1918 cervicem,
1714 1831 1797 1925 quia

219 1976 310 2049 quoe
327 1952 484 2049 dispares
500 1967 629 2024 natura
645 1953 777 2026 creauit
788 1953 918 2047 mii
932 1951 1053 2024 labore
1067 1975 1142 2021 non
1155 1951 1334 2021 convenit.
1357 1949 1468 2045 Hujus
1481 1964 1600 2020 autem
1614 1948 1797 2020 discretio·

219 2072 297 2142 nis¹
311 2070 436 2144 beatus
454 2095 529 2144 non
548 2072 739 2142 immemor
758 2069 985 2159 Benedictus,
1003 2065 1183 2166 'tanquam
1207 2071 1367 2140 omnium
1384 2069 1561 2163 justorum
1581 2069 1704 2166 spiritu
1725 2069 1797 2165 ple·

220 2213 304 2281 uus,
322 2214 391 2289 pro
406 2189 576 2286 qualitate
596 2187 786 2260 hominum
804 2202 871 2259 aut
883 2203 1085 2285 temporum
1104 2203 1232 2258 cunda
1247 2188 1299 2257 sic
1318 2185 1524 2257 moderatur
1543 2187 1577 2256 in
1598 2186 1737 2282 regula,
1758 2205 1797 2258 ut

221 2309 358 2400 omnia,
374 2310 464 2383 siout
477 2309 626 2405 ipsemet
642 2331 716 2380 uno
730 2306 932 2391 concludit³
948 2307 1049 2396 loco,
1071 2321 1272 2378 mensurate
1286 2303 1384 2376 liant.
1403 2306 1520 2376 Primo
1534 2307 1651 2402 itaque
1663 2307 1707 2377 ab
1719 2308 1797 2405 ipso

220 2428 393 2526 incipieus
406 2427 534 2504 abbate
547 2429 705 2525 praecipit
719 2451 806 2499 eum.
815 2429 863 2499 ita
877 2426 1043 2522 subjectis
1060 2425 1269 2526 praesidere,
1284 2455 1300 2492 u
1315 2438 1354 2496 ut
1370 2425 1567 2498 semrodum
1581 2425 1702 2518 unitae,
1714 2455 1732 2494 u
1747 2429 1799 2498 in·

221 2548 314 2644 quit,
336 2575 356 2616 u
371 2547 543 2644 cujusque
554 2545 830 2643 qualitatem-vet
841 2545 1125 2641 intelligentiam,
1139 2546 1189 2616 ita
1201 2569 1238 2616 se
1251 2543 1418 2616 omnibus
1431 2544 1631 2618 conformet
1641 2561 1677 2618 et
1688 2561 1796 2644 aptet,

223 2681 353 2740 utnon
365 2665 483 2741 solum
502 2665 845 2762 detrimentagregis
866 2665 931 2736 sibi
949 2664 1129 2737 commissi
1146 2688 1220 2735 non
1243 2664 1415 2761 patiatur,
1441 2688 1567 2736 verum
1581 2667 1617 2736 in
1632 2689 1800 2761 augmen-

221 2786 353 2858 tatione
381 2785 469 2858 boni
498 2786 621 2882 gangis·
645 2785 840 2882 pudeat...
864 2787 891 2874 ⁸,
921 2805 1094 2880 suamque
1120 2783 1338 2880 fragilitatem
1365 2804 1505 2881 semper
1529 2801 1710 2882 suspectus
1728 2787 1796 2878 ¹sit,

223 2904 493 3000 memineritque
512 2903 690 2979 calamam
709 2918 912 3001 quassatum
935 2927 1008 2975 non
1022 2903 1281 2974 conterendum
1292 2905 1345 2971 ⁸...
1367 2903 1551 2974 Discemat
1564 2919 1599 2976 et
1613 2919 1795 3002 tempora,

222 3023 381 3119 cogimus
400 3022 666 3095 discretionem⁸
682 3023 795 3097 uncti
813 3021 923 3095 Jacob
946 3021 1139 3094 dicentis⁷:
1165 3049 1184 3090 u
1201 3021 1237 3090 si
1256 3044 1377 3116 greges
1396 3045 1494 3092 meos
1511 3020 1591 3117 plus
1612 3023 1648 3093 in
1668 3024 1799 3096 ambu-

226 3169 244 3210 u
264 3139 373 3212 lando
384 3140 500 3214 &em
515 3140 695 3229 laborare,
709 3141 908 3214 morientur
920 3140 1040 3212 cuncti
1051 3163 1123 3210 una
1135 3139 1206 3210 die.
1224 3167 1242 3205 u
1257 3143 1339 3211 Haeo
1352 3163 1437 3235 ergo
1451 3138 1589 3237 aliaque
1598 3143 1798 3214 testimonia

223 3257 612 3340 dismetionis⁸,matris
636 3261 806 3332 virtutum
837 3283 1002 3347 sumens,
1032 3261 1082 3332 sic
1105 3259 1256 3330 omnino
1281 3272 1473 3357 temperet,
1509 3275 1606 3332 utet
1631 3261 1738 3334 fortes
1756 3261 1798 3334 sit

224 3377 322 3471 quod
343 3381 505 3478 cupiant,
530 3393 566 3452 et
586 3378 724 3456 infirmi
747 3403 821 3453 non
854 3379 1028 3476 refugiant
1043 3381 1065 3449 ².
1093 3406 1111 3446 s
1150 3377 1201 3449 td
1227 3377 1321 3448 hauc
1350 3378 1497 3474 quidem
1528 3379 1799 3478 dispensationis

226 3497 506 3578 moderationem
538 3498 756 3596 indulgentia
787 3501 941 3596 pertinet
972 3521 1186 3594 puerorum,
1216 3521 1342 3569 senum
1367 3513 1403 3570 et
1432 3499 1580 3571 omnino
1605 3499 1797 3590 debilium,

226 3613 366 3686 lectoris
383 3640 445 3690 seu
464 3619 818 3714 septimanariorum,
840 3619 1002 3716 coquina
1016 3626 1097 3688 ante
1116 3617 1205 3688 alios
1223 3616 1386 3707 reiectio,
1402 3632 1438 3689 et
1450 3618 1486 3689 in
1501 3619 1579 3716 ipso
1593 3620 1698 3690 etiam
1717 3645 1801 3692 oon·

224 3747 350 3823 ventu,
373 3733 418 3808 de
439 3735 517 3834 ipsa
541 3735 611 3812 uiti
630 3735 687 3808 rel
711 3751 816 3833 potus
834 3735 1000 3832 qualitate
1018 3757 1080 3806 seu
1098 3735 1293 3830 quantitate
1310 3759 1377 3834 pro
1396 3736 1597 3810 diversitate
1612 3737 1801 3811 hominum

223 3852 449 3948 providentia
461 3858 491 3924 ¹⁰.
509 3859 562 3927 De
580 3855 709 3952 quibus
726 3855 873 3953 quidem
887 3853 1032 3950 siugulis
1044 3852 1093 3924 ibi
1107 3853 1293 3948 diligenter
1306 3856 1476 3952 scriptum
1490 3871 1553 3928 est.
1569 3862 1647 3954 ipsa
1659 3883 1802 3956 quoque

221 3987 354 4046 statiua
363 3975 487 4071 jejunii
506 3991 666 4075 tempora
685 4001 752 4076 pro
771 3975 938 4073 qualitate
957 3975 1127 4072 temporis
1144 3975 1200 4044 vel
1222 3977 1416 4072 quantitate
1434 3976 1563 4050 laboris
1584 3980 1630 4050 ita
1649 3980 1798 4071 relaxat,

218 4111 334 4189 prout
345 4111 480 4168 natum
496 4098 650 4194 postulet
662 4097 859 4169 infirmitas.
877 4097 989 4184 Quid,
1004 4095 1172 4184 obsecro,
1189 4095 1250 4167 uhi
1264 4097 1344 4186 iste,
1361 4099 1424 4194 qui
1442 4099 1492 4168 sic
1504 4098 1549 4170 ad
1567 4099 1754 4171 hominum
1768 4117 1802 4172 et

218 4225 429 4310 temporum
442 4216 646 4312 qualitatem
664 4218 786 4288 omnia
804 4217 1029 4304 moderatur,
1051 4232 1090 4286 ut
1102 4215 1148 4287 ab
1160 4215 1327 4286 omnibus
1340 4218 1416 4288 sine
1428 4217 1708 4288 murmuratione
1722 4243 1803 4316 pro-

215 4333 307 4406 ferri
320 4337 338 4373 ¹¹
355 4349 489 4430 queant
509 4358 588 4430 quae
610 4337 843 4406 instituuntur
864 4363 871 4405 ι
898 4335 1002 4429 quid,
1029 4337 1193 4429 inquam,
1218 4334 1264 4403 de
1286 4334 1425 4404 feminis
1448 4333 1673 4431 provideret,
1699 4337 1728 4406 si
1752 4339 1802 4408 eis

212 4477 372 4551 quoque
384 4453 515 4550 pariter
528 4468 568 4524 ut
580 4455 664 4526 viris
677 4454 835 4550 regulam
848 4452 1065 4524 institueret?
1078 4453 1114 4522 Si
1128 4453 1223 4524 enirn
1236 4453 1272 4524 in
1287 4452 1499 4550 quibusdam
1511 4454 1638 4551 regulae
1650 4457 1802 4552 rigorem

209 4573 365 4672 pueris,
386 4571 547 4661 senibus,
568 4588 602 4644 et
621 4572 797 4645 debilibus
812 4597 879 4671 pro
898 4573 972 4670 ipsa
986 4571 1378 4644 natur-a‘debilitatevel
1391 4571 1594 4645 infirmitate
1607 4588 1802 4672 temperare

206 4691 387 4786 cogitur:
410 4691 496 4788 quid
510 4692 555 4764 de
574 4692 683 4788 fragili
700 4717 785 4764 sexu
798 4690 1020 4789 provideret,
1037 4691 1138 4786 cujus
1156 4691 1307 4762 maxime
1323 4690 1447 4763 debilis
1466 4707 1500 4764 et
1519 4689 1659 4763 inlirma
1678 4707 1803 4766 natura

249 4945 261 4971 ⁴
285 4947 399 5006 Pauor..
413 4955 477 5011 part.
493 4945 540 5004 lll,
554 4943 998 5012 up.-1‚opp.r.tt,p.at.-¹tta-
1034 4971 1060 4980 -
1075 4943 1191 5002 'Gmes.,
1203 4959 1259 5010 asp.
1272 4961 1362 5005 xxsru,
1380 4960 1404 4994 v.
1423 4946 1462 4995 13.
1479 4971 1497 4982 -
1513 4945 1673 4998 'Predmttoe
1692 4947 1803 4999 utta.-

201 5032 301 5080 ta'om's
310 5032 405 5092 anthia
416 5044 507 5080 aarum
516 5027 587 5081 usa.
601 5057 625 5068 -
638 5029 648 5056 ⁸
659 5029 752 5096 Regula
764 5031 846 5081 Sancti
858 5028 1001 5091 Benedicti,
1034 5023 1143 5094 'Regula
1151 5027 1234 5080 Sancti
1243 5027 1380 5088 benedicti,
1397 5044 1452 5096 esp.
1466 5043 1530 5079 extr.
1542 5055 1573 5068 -
1584 5029 1607 5058 “
1618 5029 1708 5097 lingula
1719 5031 1801 5082 Sancti

201 5127 280 5178 cap.
296 5125 416 5162 assuru—
427 5111 537 5178 ‘nemu
546 5112 629 5166 Sancti
642 5113 778 5175 mamert,
792 5129 849 5179 cap.
862 5130 887 5166 u.
896 5137 927 5149 —
938 5111 1004 5163 'lte-
1034 5110 1174 5172 Bensbcu.
1189 5127 1244 5177 cap.
1259 5127 1390 5167 xxxv-nu.
1400 5139 1431 5150 -
1445 5113 1593 5175 “Profiurt
1603 5113 1674 5166 ttttS.

198 5195 276 5262 gnta
297 5193 384 5246 Sancti
395 5194 535 5260 Benedicti,
549 5212 605 5263 esp·
617 5213 681 5248 extr.
692 5197 746 5238 -⁸
757 5199 915 5250 Prudentem
933 5196 1002 5249 llldS.
1352 5222 1359 5238 ι
