4606 6106
358 579 362 586 ’
458 621 529 692 aaa
1053 619 1179 690 rnnu
1207 619 1439 690 inaurant

457 767 592 837 invitat.
606 769 743 836 Memor
760 763 893 861 quippe
911 763 1111 851 sententiae,
1129 786 1201 859 qua
1218 763 1400 835 Rusticum
1421 764 1598 834 instruens
1616 761 1707 832 aits:
1727 791 1744 828 a
1762 767 1848 832 hma
1862 762 2043 834 scientiam

459 887 739 984 scripturarum,
762 897 798 954 et
814 883 930 954 carnis
947 882 1030 953 vitia
1055 907 1130 953 non
1152 881 1310 975 amabis3
1331 911 1348 950 n
1370 897 1468 955 tanto
1492 883 1603 980 magis
1626 883 1862 954 necessarium
1884 906 2043 953 amorem

457 1005 563 1100 hujus
579 1004 686 1075 studii
708 1003 847 1075 leminis
869 1027 944 1075 esse
969 1004 1125 1093 censuit,
1151 1019 1288 1099 quanto
1317 1027 1376 1076 eas
1406 1002 1611 1075 naturaliter
1637 1001 1851 1075 infirmiores
1880 1019 1915 1074 et
1939 1027 2045 1074 carne

458 1122 648 1195 debiliores
672 1149 748 1196 esse
777 1123 973 1222 conspexit.
1004 1126 1075 1194 Nec
1103 1123 1220 1194 solum
1241 1123 1287 1195 ad
1314 1124 1407 1196 hauc
1434 1124 1610 1222 virginum
1633 1125 1917 1197 exhortationem
1942 1149 2045 1220 argu-

457 1259 618 1316 mentum
637 1257 658 1316 a
674 1243 905 1317 similitudine
916 1248 926 1283 ¹
939 1267 960 1315 a
975 1241 1170 1340 virginibus
1188 1259 1371 1344 sumptum
1391 1244 1545 1335 inducit,
1560 1244 1657 1316 unde
1673 1245 1718 1316 ad
1740 1245 2043 1343 comparationem

458 1365 624 1454 minoris,
645 1364 770 1436 viduas
789 1379 825 1435 et
843 1363 1049 1460 coniugatus
1066 1364 1103 1434 in
1122 1364 1325 1468 exemplum
1344 1365 1513 1436 assumit:
1535 1389 1608 1462 quo
1626 1366 1737 1461 magis
1753 1389 1901 1463 sponsas
1918 1363 2045 1442 Christi

456 1485 500 1555 ad
519 1484 590 1556 hoc
608 1485 765 1556 studium
787 1487 910 1557 incitet
930 1509 995 1583 per
1019 1500 1200 1558 matronas
1226 1485 1353 1576 seculi,
1383 1501 1419 1558 et
1441 1511 1484 1558 ex
1506 1487 1635 1561 virtute
1663 1485 1831 1558 laicarum
1861 1499 2040 1582 torporem

456 1604 608 1676 excutiat
627 1604 682 1676 vel
701 1604 899 1676 confundat
919 1604 1142 1676 monialium.
1176 1609 1219 1675 Et
1244 1607 1432 1702 quoniam,
1451 1606 1551 1701 juxta
1575 1604 1664 1676 illud
1684 1605 1952 1702 gregorianum,
1981 1633 1996 1669 u
2022 1629 2042 1673 a

456 1724 612 1795 minimis
641 1724 791 1821 quisque
815 1723 985 1828 inchoat,
1013 1737 1053 1793 ut
1077 1722 1124 1795 ad
1150 1724 1286 1819 majora
1308 1725 1511 1824 perveniat;
1531 1753 1546 1792 >r
1566 1725 1779 1826 praemittere
1793 1724 1894 1819 juvat
1911 1737 2041 1819 quanta

455 1843 634 1941 diligentia
648 1844 875 1941 virgunculas
891 1843 926 1914 in
945 1844 1051 1915 sacris
1065 1843 1226 1916 imbuere
1244 1844 1368 1916 litteris
1385 1845 1572 1916 studuerit.
1593 1844 1717 1934 Unde,
1736 1859 1777 1915 ut
1792 1844 1954 1915 omittam
1977 1867 2042 1914 coe·

456 1981 550 2053 tera,
568 1962 657 2035 illud
680 1964 830 2037 nuncin
849 1963 1009 2035 medium
1023 1964 1217 2064 procedat,
1234 1963 1331 2062 quod
1351 1965 1396 2036 ad
1409 1970 1559 2056 Laetam,
1577 1965 1624 2036 de
1638 1964 1857 2035 institutione
1877 1962 1955 2033 hliae
1973 1987 2043 2033 suae

458 2083 588 2176 l‘aulae,
619 2099 767 2184 propter
795 2108 938 2157 morum
964 2083 1186 2176 doctrinam,
1218 2086 1325 2157 tradit
1345 2084 1440 2156 hanc.
1462 2085 1656 2159 litterarum
1682 2084 1918 2181 disciplinam.
1952 2086 2043 2156 «Sic

455 2203 651 2277 erudienda
675 2219 744 2296 est,
760 2235 778 2272 »
794 2204 909 2302 inquit
919 2207 941 2295 ³,
965 2235 982 2272 α
1000 2204 1137 2296 anima,
1163 2230 1242 2303 quae
1260 2205 1377 2277 lutura
1393 2220 1446 2278 est
1463 2204 1637 2306 templum
1651 2206 1729 2276 Dei.
1747 2210 1771 2274 F
1772 2206 1846 2276 iant
1869 2205 1900 2275 ei
1922 2204 2043 2276 littera.

455 2327 511 2398 vel
527 2327 670 2417 huxeae,
694 2326 749 2398 vel
763 2325 945 2416 eburneae,
963 2341 997 2397 et
1008 2327 1079 2397 suis
1099 2326 1305 2400 nominibus
1319 2327 1555 2427 appellentur.
1578 2325 1692 2401 Ludat
1705 2327 1742 2400 in
1757 2327 1828 2413 eis,
1846 2340 1885 2399 ut
1899 2340 1934 2397 et
1946 2325 2043 2396 lusus

457 2449 531 2546 ipse
550 2447 703 2521 eruditio
717 2447 773 2519 sit.
792 2450 836 2517 Et
847 2470 921 2516 non
939 2445 1055 2518 solum
1072 2446 1237 2521 ordinem
1252 2461 1371 2521 teneat
1384 2447 1601 2536 litterarum,
1621 2461 1659 2520 ut
1670 2447 1843 2520 memoria
1854 2447 2043 2518 nominum

455 2571 491 2639 in
511 2570 690 2642 canticum
710 2583 866 2640 transeat
884 2595 891 2638 :
910 2567 973 2640 sed
992 2569 1118 2667 etipse
1140 2570 1232 2640 inter
1256 2595 1294 2641 se
1314 2569 1441 2642 crebro
1465 2570 1557 2642 ordo
1585 2568 1758 2659 turbetur,
1787 2585 1824 2642 et
1845 2569 1972 2641 mediis
1990 2568 2043 2639 ul·

457 2692 557 2780 tima,
584 2690 708 2789 primis
727 2688 844 2760 media
861 2688 1088 2777 misceantur,
1112 2703 1149 2759 ut
1168 2713 1227 2760 eas
1244 2713 1317 2760 non
1340 2714 1431 2762 sono
1450 2706 1613 2783 tantum,
1639 2690 1701 2762 sed
1726 2706 1761 2762 et
1786 2691 1862 2761 risu
1889 2690 2038 2761 noverit.

456 2814 576 2898 Quum
604 2833 689 2881 vero
715 2809 862 2907 coeperit
879 2808 1044 2880 trementi
1065 2831 1174 2879 manu
1193 2807 1323 2906 stylum
1349 2809 1386 2880 in
1411 2834 1493 2881 cera
1511 2809 1665 2901 ducere,
1686 2809 1741 2882 vel
1764 2810 1906 2882 alterius
1923 2835 2043 2909 super-

455 2935 569 3030 posita
586 2931 844 3020 manuteneri,
870 2944 1036 3027 regantur
1054 2930 1210 3020 articuli,
1227 2929 1283 3003 vel
1296 2931 1333 3002 in
1350 2930 1469 3002 tabula
1490 2931 1697 3032 sculpantur
1715 2931 1911 3022 elementa;
1929 2947 1965 3004 ut
1980 2957 2044 3031 per

456 3039 602 3124 eosdem
620 3050 737 3122 sulcos
757 3049 893 3122 inclusa
918 3049 1136 3147 marginibus
1155 3050 1340 3124 trahantur
1359 3053 1522 3148 vestigia,
1551 3067 1586 3124 et
1609 3051 1702 3124 loras
1719 3077 1793 3125 non
1813 3067 1946 3151 queant
1965 3078 2043 3125 eva-

455 3175 540 3271 gari.
560 3171 718 3269 Syllabas
736 3172 863 3268 jungat
879 3170 926 3243 ad
943 3159 1151 3270 praemium,
1171 3186 1206 3243 et
1220 3171 1350 3269 quibus
1365 3173 1423 3244 illa
1437 3188 1520 3246 aetas
1532 3171 1673 3245 deliniri
1687 3189 1805 3271 potest
1823 3174 2043 3246 munusculis

455 3295 636 3366 invitetur.
663 3292 798 3364 Habeat
824 3293 860 3362 in
886 3291 1060 3363 discendo
1083 3293 1218 3382 socias,
1238 3294 1368 3391 quibus
1386 3294 1566 3384 invideat,
1588 3317 1738 3391 quarum
1758 3293 1924 3364 laudibus
1949 3319 2043 3365 mor-

455 3413 592 3485 deatur.
611 3417 689 3484 Non
715 3411 937 3510 objurganda
960 3427 1032 3502 est,
1058 3413 1087 3483 si
1116 3411 1251 3483 tardior
1269 3414 1335 3484 sit:
1352 3413 1414 3486 sed
1433 3413 1598 3486 laudibus
1616 3412 1842 3485 excitandum
1868 3430 1920 3486 est
1946 3417 2041 3513 inge-

454 3535 572 3623 nium,
602 3546 635 3605 et
660 3547 700 3604 ut
721 3533 844 3605 vicisse
870 3532 1038 3630 gaudeat,
1064 3549 1097 3605 et
1127 3536 1218 3605 victa
1245 3533 1376 3606 doleat.
1404 3535 1613 3607 Cavendum
1639 3535 1829 3634 imprimis,
1859 3561 1904 3608 ne
1928 3536 2041 3608 oderit

454 3651 587 3740 studia,
613 3677 659 3725 ne
684 3651 884 3723 amaritudo
911 3676 1037 3724 eorum
1059 3667 1225 3752 percepta
1248 3655 1285 3724 in
1305 3654 1451 3728 infantia
1476 3654 1566 3726 ultra
1595 3653 1702 3728 rudes
1727 3679 1842 3726 annos
1873 3671 2038 3728 transeat.

454 3779 532 3872 lpsa
551 3773 718 3860 nomina,
739 3797 803 3872 per
821 3797 899 3870 quae
918 3774 1117 3846 consuescit
1135 3772 1306 3872 paulatim
1323 3775 1431 3846 verba
1452 3791 1662 3868 contexere,
1690 3801 1763 3848 non
1786 3777 1857 3850 sint
1875 3777 2039 3868 lortnita,

456 3895 518 3967 sed
535 3910 647 3986 certa,
673 3909 708 3966 et
726 3909 936 3968 coacervata
951 3893 996 3966 de
1023 3894 1215 3984 industria,
1243 3895 1498 3994 prophetarum
1532 3895 1693 3969 videlicet
1725 3911 1832 3995 atque
1863 3897 2043 3994 apostolo-

456 4040 554 4105 rum,
575 4028 610 4086 et
627 4013 744 4085 omnis
762 4012 808 4085 ab
829 4013 939 4085 Adam
958 4014 1238 4113 patriarcharum
1257 4015 1381 4105 series,
1398 4014 1445 4088 de
1460 4015 1625 4088 lllatthaeo
1639 4021 1805 4114 Lucaque
1821 4016 2012 4089 descendat
2031 4047 2038 4087 :

457 4153 512 4227 ut,
533 4137 619 4208 dnm
639 4135 736 4207 aliud
750 4136 837 4232 agit,
860 4135 984 4208 suturae
1001 4138 1181 4207 memoriae
1199 4151 1427 4234 praeparetur.
1448 4139 1610 4235 Magister
1628 4137 1749 4238 probae
1767 4139 1875 4210 aetatis
1893 4153 1928 4211 et
1946 4139 2038 4230 ritae,

456 4275 561 4358 atque
584 4241 794 4329 eruditionis
824 4272 877 4328 est
903 4256 1106 4355 eligendus;
1128 4281 1211 4346 nec,
1234 4272 1340 4356 puto,
1363 4259 1547 4331 erubescet
1572 4259 1625 4330 vir
1652 4258 1779 4330 doctus
1803 4257 1839 4329 id
1867 4258 1981 4330 lacere
2007 4261 2041 4329 in

454 4381 673 4480 propinqua,
689 4378 746 4449 vel
760 4377 873 4450 nobili
885 4379 1040 4476 virgine,
1058 4377 1156 4475 quod
1177 4377 1377 4451 Aristoteles
1397 4379 1478 4452 lecit
1495 4382 1530 4451 in
1549 4378 1703 4478 Philippi
1722 4378 1816 4469 filio,
1843 4395 1877 4451 ut
1902 4381 1976 4478 ipse
2002 4381 2040 4449 li-

453 4502 654 4575 brarioruru
670 4499 817 4590 vilitate,
832 4501 931 4571 initia
944 4499 1100 4571 traderet
1112 4498 1320 4571 litterarum.
1339 4504 1418 4572 Non
1436 4514 1518 4574 sunt
1531 4499 1795 4572 contemnenda
1807 4500 1908 4596 qnasi
1920 4525 2039 4596 parra,

453 4629 530 4698 sine
547 4622 676 4721 quibus
694 4645 823 4720 magna
839 4621 1034 4694 consistere
1052 4647 1127 4692 non
1149 4637 1310 4721 possunt.
1339 4627 1417 4720 lpse
1441 4623 1700 4696 elementorum
1722 4647 1855 4714 sonuS,
1876 4638 1913 4696 et
1929 4625 2043 4721 prima

454 4745 627 4818 institutio
651 4759 909 4843 praeceptorum
937 4743 1040 4814 aliter
1061 4743 1107 4814 de
1132 4744 1292 4835 erudito,
1319 4744 1420 4818 aliter
1444 4745 1490 4817 de
1517 4746 1647 4818 rustico
1671 4769 1734 4816 ore
1755 4743 1945 4844 profertur.
1972 4748 2043 4814 h'ec

454 4866 566 4937 discat
579 4865 614 4935 in
629 4879 767 4954 tenero,
783 4861 882 4961 quod
895 4862 927 4932 ei
942 4875 1066 4958 postea
1079 4860 1336 4934 dediscendum
1349 4877 1412 4935 est.
1424 4863 1620 4937 Difficulter
1634 4864 1802 4952 eraditur,
1819 4862 1918 4960 quod
1934 4863 2040 4934 rudes

453 4984 563 5059 animi
576 4982 821 5083 perbiberunt.
841 5013 858 5048 n
877 4986 998 5054 Graeca
1016 4998 1136 5054 narrat
1151 4980 1316 5074 historia,
1334 4982 1571 5058 Alexandrum
1593 4983 1879 5082 potentissimum
1899 5003 2037 5078 regem,

488 5261 495 5288 ¹
515 5261 593 5326 Epist.
605 5275 662 5325 xer,
674 5261 736 5324 opp.
747 5273 766 5315 t.
778 5261 818 5323 lv,
831 5261 879 5314 col.
891 5259 947 5312 tta.
958 5285 986 5297 -
998 5257 1008 5286 ⁸
1019 5261 1187 5314 snutrane
1198 5259 1259 5314 God.
1274 5260 1366 5314 Victor.
1378 5261 1569 5327 alth-'Epist
1583 5277 1645 5322 aru,
1663 5261 1724 5324 opp.
1740 5270 1756 5310 ι.
1768 5259 1810 5319 Ν,
1822 5259 1869 5310 col.
1885 5259 1942 5307 592.
