4522 6104
465 525 718 600 ‹tuvsscrtva
743 449 1034 612 lucdunum
1060 525 1263 600 lGNARUM
1287 525 1582 599 uttuuc‘ttcus.
1758 525 1830 598 699

240 669 332 742 latus
360 667 410 739 eis
439 667 592 740 contulit
611 695 620 739 ε
641 683 680 740 ut
708 692 774 766 per
802 691 961 740 amorem
993 667 1253 767 philosophos,
1290 683 1326 741 et
1355 694 1421 767 per
1450 669 1631 740 rationum
1662 668 1830 740 virtutem

240 813 401 862 summos
421 788 577 861 efficeret
594 786 741 885 logicos.
765 788 870 878 Unde
886 787 979 860 bene
999 789 1149 888 Spiritus
1166 790 1204 860 in
1227 790 1319 887 ignis
1340 803 1376 861 et
1399 789 1604 885 linguarum
1631 789 1748 887 specie
1777 803 1830 860 est

241 911 522 1000 demonstratus,
542 910 605 1007 qui
628 910 678 982 eis
699 933 861 981 amorem
879 924 915 982 et
933 909 1175 1007 eloquentiam
1192 911 1229 982 in
1254 910 1354 981 omni
1376 934 1504 1006 genere
1520 909 1723 1006 linguarum
1739 933 1828 981 con·

241 1029 360 1102 ferret.
388 1029 476 1116 Quis
509 1027 665 1127 denique
690 1029 808 1127 ipsum
838 1029 945 1100 etiam
976 1030 1174 1101 Dominum
1197 1034 1318 1102 lesum
1342 1028 1522 1101 Christum
1546 1028 1680 1100 crebris
1704 1027 1827 1126 dispu-

241 1147 435 1219 tationibus
464 1148 604 1219 Judaeos
629 1149 771 1244 ignoret
795 1147 1013 1236 convicisse,
1038 1161 1074 1219 et
1098 1161 1171 1221 tam
1197 1149 1330 1248 scripto
1349 1173 1460 1246 quam
1478 1149 1616 1220 ratione
1632 1145 1828 1220 calumnias

241 1292 367 1340 eorum
392 1270 626 1366 repressisse:
646 1295 721 1341 non
739 1267 857 1341 solum
873 1269 1035 1367 potentia
1058 1268 1331 1361 miraculorum,
1351 1294 1477 1341 verum
1495 1270 1623 1342 virtute
1634 1268 1828 1340 verborum

240 1385 350 1460 fidem
374 1388 569 1487 plurimum
586 1389 801 1462 astruxisse?
820 1393 892 1460 Cur
915 1413 991 1460 nou
1016 1389 1101 1460 solis
1119 1413 1204 1460 usus
1224 1404 1276 1461 est
1293 1389 1489 1479 miraculis,
1519 1404 1559 1461 ut
1577 1387 1653 1460 haec
1678 1387 1824 1477 laceret,

241 1505 370 1604 quibus
397 1507 551 1579 maxime
579 1507 709 1597 ludaei,
743 1508 806 1606 qui
828 1507 928 1603 signa
958 1522 1104 1605 petunt,
1127 1522 1466 1579 commoverentur:
1483 1508 1550 1578 nisi
1575 1507 1660 1604 quia
1678 1506 1826 1604 proprio

240 1651 307 1699 nos
335 1627 500 1726 exemplo
531 1629 704 1700 instruere
732 1628 907 1718 decrevit,
939 1628 1092 1724 qualiter
1120 1642 1155 1699 et
1185 1653 1266 1719 eos,
1307 1630 1370 1726 qui
1404 1627 1615 1727 sapientiam
1641 1642 1824 1724 quaerunt,

240 1747 438 1821 rationibus
474 1748 520 1821 ad
546 1748 657 1820 fidem
683 1749 1000 1847 pertraheremus?
1029 1753 1116 1836 Quae
1148 1748 1222 1820 duo
1247 1749 1437 1848 Apostolus
1474 1748 1716 1844 distinguens,
1737 1749 1824 1818 ait¹:

242 1895 260 1934 u
282 1873 371 1940 Nam
386 1884 422 1940 et
448 1868 560 1940 Judaei
577 1870 676 1966 signa
690 1883 836 1967 petunt,
868 1883 903 1941 et
925 1870 1038 1940 Graeci
1067 1870 1279 1967 sapientiam
1304 1885 1480 1967 quaemnt.
1502 1897 1519 1936 u
1549 1873 1626 1939 Hoc
1644 1883 1697 1940 est
1724 1868 1828 1940 ratio·

209 2011 212 2016 ’
241 1986 347 2058 nibus
363 1987 559 2085 plurimum
573 1989 629 2059 isti
641 2003 655 2078 ,¹
673 1988 764 2059 sicut
777 1987 828 2059 illi
849 1989 1001 2060 maxime
1021 1989 1129 2084 signis
1151 1989 1197 2060 ad
1219 1988 1328 2061 fidem
1346 2005 1550 2062 moventur.
1569 1992 1691 2075 Quum
1707 2004 1827 2061 autem

240 2105 496 2178 miraculorum
516 2107 592 2202 jam
616 2107 717 2203 signa
737 2106 950 2196 defecerint,
968 2131 1042 2179 una
1068 2106 1174 2178 nobis
1199 2123 1327 2180 contra
1345 2108 1524 2205 quoslihet
1540 2107 1826 2179 contradicentes

240 2244 401 2325 superest
431 2253 575 2327 pugna,
603 2243 644 2299 ut
678 2227 779 2325 quod
811 2228 911 2300 sactis
942 2254 1018 2300 non
1052 2254 1265 2327 possumus,
1290 2229 1410 2302 verbis
1435 2231 1692 2301 convincamus
1713 2256 1721 2298 ε
1740 2253 1827 2326 prae-

240 2348 362 2418 sertim
392 2373 505 2445 quum
530 2347 627 2445 apud
651 2348 824 2419 discretos
846 2349 921 2419 vim
945 2348 1120 2444 majorem
1146 2351 1303 2420 rationes
1329 2374 1438 2447 quarn
1461 2348 1631 2420 miracula
1659 2363 1824 2436 teneant,

240 2491 319 2562 quae
342 2481 464 2538 utrum
492 2466 610 2538 illusio
637 2465 816 2538 diabolica
840 2467 968 2556 saciat,
998 2466 1131 2563 ambigi
1156 2467 1258 2538 facile
1290 2482 1422 2565 potest.
1453 2467 1558 2550 Unde
1588 2481 1623 2538 et
1648 2467 1823 2556 Veritas¹,

243 2615 263 2655 r<
274 2590 439 2682 Surgent,
459 2614 478 2654 n
498 2587 628 2684 inquit,
650 2615 668 2654 u
682 2585 1046 2685 pseudo-prophetae,
1058 2601 1094 2657 et
1107 2585 1246 2658 dabunt
1262 2587 1362 2682 signa
1379 2611 1508 2681 magna
1525 2601 1561 2656 et
1576 2586 1758 2684 prodigia,
1777 2587 1827 2657 ita

240 2723 281 2780 ut
304 2709 343 2779 in
371 2732 531 2779 errorem
559 2707 789 2810 inducantur,
819 2689 849 2779 si
875 2706 952 2778 steri
975 2687 1115 2806 potest,
1143 2707 1251 2779 etiam
1281 2707 1396 2779 electi.
1418 2736 1436 2775 n
1467 2713 1511 2779 At
1539 2731 1625 2777 vero
1640 2761 1648 2796 ,
1665 2707 1823 2803 inquies,

240 2828 325 2926 quia
349 2829 445 2898 etin
472 2827 706 2900 rationalibus
737 2828 913 2926 plurimus
941 2852 1042 2899 error
1066 2852 1104 2899 se
1135 2829 1286 2923 ingerit,
1326 2843 1366 2899 ut
1395 2853 1470 2898 non
1500 2827 1600 2899 facile
1627 2826 1822 2916 discernat,

240 2974 353 3047 quum
373 2950 530 3021 rationes
546 2949 767 3020 inducuntur
784 2963 1097 3046 argumentorum,
1116 2974 1195 3046 quae
1213 2964 1250 3020 et
1264 2974 1332 3047 pro
1348 2947 1548 3021 rationibus
1566 2949 1821 3046 suscipiantur,

240 3085 277 3143 et
296 3094 381 3167 quae
407 3085 579 3169 tanquam
605 3070 825 3170 sophismata
851 3069 1088 3167 respuantur?
1115 3073 1184 3159 lta,
1217 3071 1391 3167 inquam,
1418 3069 1474 3176 his
1500 3068 1649 3159 accidit,
1678 3069 1741 3166 qui
1766 3093 1826 3165 pe·

240 3191 359 3264 ritiam
387 3206 681 3288 argumentorum
709 3216 786 3262 non
811 3206 896 3262 sunt
919 3171 1052 3291 adepti.
1087 3190 1267 3278 Quodne
1295 3191 1387 3263 sorte
1412 3189 1572 3280 accidat,
1603 3191 1735 3262 rationi
1751 3189 1825 3260 dis·

241 3308 402 3400 serendi,
420 3308 492 3381 hoc
515 3323 569 3381 est
590 3308 713 3407 logicae
729 3307 944 3408 disciplinae,
970 3334 1082 3408 opera
1098 3324 1151 3381 est
1167 3308 1309 3399 danda,
1334 3335 1434 3407 quae,
1456 3324 1496 3380 ut
1516 3309 1642 3381 beatus
1663 3309 1852 3380 meminit·

241 3430 471 3525 Augustinus,
500 3429 686 3502 adomnia
712 3453 843 3526 genera
867 3431 1105 3527 quaestionum
1129 3429 1373 3528 penetranda,
1399 3454 1478 3528 quae
1503 3431 1540 3500 in
1564 3430 1672 3501 sacris
1699 3428 1824 3499 litteris

240 3547 427 3639 incidunt,
457 3549 653 3646 plurimum
678 3548 784 3621 valet.
824 3550 896 3621 Sed
923 3549 995 3621 hoc
1020 3567 1115 3622 certe
1140 3549 1237 3649 apud
1269 3550 1348 3622 illos
1379 3554 1554 3622 Doctores
1584 3548 1824 3622 necessarium

239 3681 315 3757 cst,
340 3670 403 3766 qui
425 3668 606 3740 solvendis
634 3667 889 3766 questionibus
917 3695 954 3741 se
984 3669 1148 3742 sufficere
1174 3669 1411 3763 confidentes,
1430 3697 1490 3746 eas
1518 3672 1666 3744 minime
1684 3669 1823 3743 subter·

240 3784 394 3882 fugiunt.

276 3998 285 4027 ¹
302 3999 410 4050 arturit.
424 3998 451 4061 l,
463 4007 519 4064 cap.
528 3995 555 4060 i,
568 4014 591 4050 r.
604 4000 644 4050 22.
655 3996 813 4058 -·¹llatth.‚
825 3961 880 4066 cap.
892 4013 960 4061 un,
971 4013 993 4047 r.
1006 3997 1048 4048 24.
