4520 6104
911 632 1148 706 EPlSTOLAE.
1391 661 1393 670 ’
1749 637 1823 710 203

239 767 487 867 praedicatores
500 767 764 862 conducamus;
782 785 816 842 et
830 770 1151 871 pseudoapostolos
1165 773 1352 846 nobiscum
1367 773 1684 866 circumducendo,
1701 801 1825 850 cruces

242 905 277 962 et
295 889 501 988 philacteria
518 890 745 987 reliquiarum
765 906 963 988 gestemus,
986 907 1116 966 uttam
1134 893 1209 966 haec
1228 918 1337 991 quam
1356 893 1505 965 verbum
1525 893 1612 984 Dei,
1633 919 1695 966 seu
1720 895 1825 966 etiarn
1918 915 1920 921 ·

243 1007 411 1108 figmenta
430 1009 565 1082 diaboli
582 1009 801 1108 simplicibus
819 1025 854 1082 et
871 1010 990 1082 idiotis
1007 1013 1205 1084 vendamus
1221 1011 1442 1105 christianis,
1461 1028 1496 1085 et
1512 1014 1562 1084 eis
1579 1014 1828 1112 promittamus

242 1155 464 1228 quecunque
490 1131 536 1203 ad
562 1130 827 1228 extorquendos
846 1156 1012 1204 nummos
1031 1133 1205 1231 prolicere
1223 1133 1413 1206 credimus.
1439 1135 1580 1231 Exque
1599 1133 1746 1231 quidem
1763 1136 1829 1206 im·

242 1250 391 1348 pudenti
407 1252 619 1352 cupiditate,
636 1277 715 1349 quae
730 1277 793 1326 sua
804 1269 899 1344 sunt,
917 1278 990 1326 non
1010 1280 1089 1352 quae
1105 1259 1187 1326 lesu
1205 1254 1334 1327 Christi
1347 1269 1549 1352 quaerente,
1571 1271 1746 1352 quantum
1753 1255 1829 1352 jam

243 1371 334 1443 ordo
351 1386 472 1444 noster
491 1388 525 1444 et
546 1374 622 1471 ipsa
651 1372 761 1444 divini
781 1373 984 1472 praedicatio
1012 1374 1111 1446 verbi
1129 1375 1292 1466 viluerit,
1317 1376 1498 1446 neminem
1513 1375 1588 1472 jam
1605 1375 1714 1448 latere
1736 1374 1828 1448 arhi-

244 1504 331 1562 tror.
354 1492 445 1563 Hinc
469 1508 504 1564 et
521 1493 588 1590 ipsi
613 1491 759 1565 abbates
776 1492 833 1565 vel
852 1494 914 1591 qui
932 1494 1085 1590 majores
1105 1497 1142 1566 in
1167 1496 1391 1568 monasteriis
1409 1494 1596 1582 videntur,
1623 1495 1831 1594 potentibus

242 1613 352 1684 seculi
377 1628 411 1686 et
438 1613 630 1686 mundanis
655 1615 761 1686 curiis
780 1639 855 1688 sese
875 1616 1079 1714 importune
1108 1618 1327 1713 ingerentes,
1344 1616 1419 1712 jam
1444 1617 1554 1713 magis
1573 1616 1731 1688 carnales
1755 1642 1829 1690 esse

242 1761 352 1834 quam
377 1733 574 1808 coenobitae
592 1735 813 1828 didicerunt;
833 1753 869 1809 et
895 1735 1053 1810 favorem
1079 1738 1270 1812 hominum
1295 1763 1508 1836 quacunque
1531 1755 1605 1816 arte
1634 1753 1830 1828 venantes,

242 1857 402 1928 crebrius
419 1883 503 1930 cum
525 1856 733 1929 hominibus
758 1857 927 1948 fabulari,
955 1882 1063 1955 quam
1084 1884 1168 1931 cum
1188 1864 1266 1932 Deo
1295 1859 1416 1957 loqui,
1442 1872 1727 1931 consueverunt:
1743 1857 1832 1929 illud

244 2001 336 2073 saepe
364 1977 491 2048 frustra
515 1975 696 2074 legentes,
726 1993 831 2076 atque
861 1978 1099 2075 negligentes,
1123 1978 1180 2050 vel
1198 1978 1405 2070 audientes,
1429 1979 1585 2052 sednon
1605 1977 1833 2050 exaudientes

242 2096 342 2194 quod
364 2095 488 2170 beatus
509 2099 683 2169 Antonius
704 2098 897 2188 admonet,
920 2098 1065 2178 dieens¹
1086 2127 1093 2170 :
1117 2130 1134 2166 «
1153 2099 1249 2172 Sicut
1270 2101 1384 2199 pisces
1403 2099 1432 2172 si
1448 2099 1665 2174 tardaverint
1685 2101 1720 2171 in
1739 2101 1833 2172 sicco

243 2217 470 2288 moriuntur:
493 2218 541 2288 ita
560 2232 595 2290 et
614 2217 783 2289 monachi
801 2216 981 2291 tardantes
1002 2233 1100 2290 extra
1120 2218 1305 2309 cellulam,
1328 2234 1389 2292 aut
1406 2244 1490 2291 cum
1513 2219 1595 2290 viris
1617 2218 1835 2296 secularibus

244 2336 498 2426 immorantes,
525 2361 546 2409 a
572 2337 700 2438 quietis
724 2338 909 2435 proposito
929 2337 1169 2410 resolvuntur.
1199 2365 1220 2404 u
1249 2341 1402 2436 Oportet
1420 2363 1505 2435 ergo
1527 2339 1617 2410 sicut
1636 2339 1769 2436 piscem
1797 2339 1832 2414 iu
1908 2423 1915 2438 ³

243 2457 360 2546 mari,
383 2457 429 2528 ita
456 2472 490 2528 et
509 2481 577 2528 nos
594 2457 640 2528 ad
659 2457 784 2530 cellam
805 2483 1009 2546 recurrere,
1034 2482 1079 2530 ne
1098 2458 1188 2530 forte
1205 2458 1289 2530 foris
1310 2457 1489 2530 tardantes
1508 2457 1759 2530 obliviscamur
1776 2460 1834 2530 in-

246 2577 385 2649 terioris
401 2577 583 2648 custodiae.
604 2576 711 2664 Quod
729 2578 806 2676 ipse
827 2601 973 2676 quoque
991 2578 1197 2650 monasticae
1218 2579 1370 2676 scriptor
1387 2577 1538 2675 regulae,
1560 2577 1691 2651 scilicet
1710 2577 1834 2653 beatus

244 2696 473 2787 Benedictus,
488 2697 674 2794 diligenter
685 2696 890 2789 attendens,
904 2722 1014 2796 quam
1026 2699 1062 2768 in
1076 2699 1300 2770 monasteriis
1311 2698 1473 2770 assiduos
1485 2698 1571 2770 velit
1585 2723 1661 2770 esse
1673 2697 1832 2787 abbates,

244 2833 281 2890 et
299 2843 406 2916 super
423 2801 622 2890 custodiam
639 2819 693 2890 sui
710 2819 823 2916 gregis
841 2817 989 2890 sollicite
1001 2831 1116 2907 stare,
1131 2833 1205 2890 tam
1225 2818 1388 2918 exemplo
1406 2842 1514 2915 quarn
1527 2819 1659 2916 scripto
1673 2834 1836 2917 patenter

244 2939 400 3011 edocuit.
423 2939 488 3012 Hic
504 2940 600 3010 euim
619 2963 731 3035 quum
749 2963 770 3010 a
790 2937 953 3010 fratribus
975 2936 1022 3009 ad
1037 2939 1306 3010 sacratissimam
1327 2962 1489 3010 sororem
1503 2961 1603 3008 suam
1621 2938 1833 3016 visitandam

242 3059 443 3158 profectus,
473 3083 587 3156 quum
613 3060 690 3156 ipsa
716 3083 800 3131 eum
820 3081 889 3157 pro
907 3055 1141 3133 aedificatione
1164 3057 1287 3130 saltem
1308 3072 1414 3129 nocte
1440 3081 1511 3130 una
1528 3055 1634 3130 vellet
1655 3058 1831 3148 retinere,

244 3193 366 3277 aperte
384 3179 561 3278 professus
579 3193 632 3250 est
650 3201 794 3250 manere
812 3193 909 3250 extra
925 3177 1051 3250 cellam
1071 3177 1274 3250 nullatenus
1295 3202 1333 3249 se
1355 3201 1472 3275 posse.
1493 3183 1564 3250 Nec
1586 3176 1635 3249 ait
1659 3178 1831 3275 quidem,

247 3330 266 3366 a
282 3324 358 3370 non
370 3324 582 3398 possumus,
601 3327 619 3367 u
643 3299 725 3390 sed,
752 3327 771 3367 u
785 3322 859 3370 non
879 3321 1026 3396 possum
1038 3302 1066 3388 ’,
1085 3325 1104 3366 u
1127 3299 1211 3394 quia
1227 3291 1299 3368 hoc
1314 3323 1381 3397 per
1398 3323 1481 3370 eum
1501 3297 1643 3390 fratres,
1668 3323 1743 3374 non
1760 3300 1835 3397 ipse

245 3435 388 3520 posset,
409 3421 477 3492 nisi
494 3421 566 3492 hoc
586 3435 622 3492 et
641 3444 661 3492 a
682 3421 861 3510 Domino,
884 3419 975 3492 sicut
991 3419 1225 3519 postmodum
1242 3433 1362 3490 actum
1377 3432 1453 3509 est,
1474 3418 1666 3490 revelante.
1684 3419 1787 3491 Unde
1801 3436 1836 3492 et

246 3567 361 3638 quum
378 3540 537 3638 regulam
555 3540 745 3631 scriberet,
767 3564 945 3637 nusquam
964 3537 1010 3612 de
1028 3538 1186 3630 abbatis,
1202 3538 1265 3610 sed
1282 3537 1512 3610 solummodo
1532 3539 1679 3610 fratrum
1693 3565 1834 3638 egressu

246 3663 471 3753 meminerit,
492 3661 538 3734 de
556 3662 656 3758 cujus
675 3661 781 3732 etiam
798 3659 1002 3732 assiduitate
1022 3661 1071 3731 ita
1088 3674 1191 3731 caute
1210 3659 1389 3757 providit³
1399 3712 1410 3751 ,
1430 3674 1470 3730 ut
1488 3659 1525 3730 in
1542 3659 1666 3756 vigiliis
1680 3660 1834 3732 domini·

247 3807 375 3854 corum
393 3799 429 3856 et
446 3782 617 3855 festorum
636 3782 776 3854 dierum
801 3779 1041 3878 evangelicam
1062 3779 1278 3866 lectionem,
1302 3795 1337 3851 et
1357 3804 1436 3876 quae
1458 3778 1507 3849 illi
1533 3779 1700 3875 adjuncta
1725 3795 1830 3874 sunt,

249 3928 323 3976 non
341 3905 409 3974 nisi
426 3903 472 3976 ah
491 3903 619 3976 abbate
636 3903 816 4003 praecipiat
832 3901 914 3974 diei.
939 3903 1009 3989 Qui
1027 3902 1134 3972 etiam
1157 3901 1384 3988 instituens‘,
1406 3914 1445 3971 ut
1465 3924 1589 3972 mensa
1603 3900 1737 3973 abbatis
1751 3927 1835 3974 cum

247 4026 441 4124 peregrinis
461 4039 496 4096 et
515 4023 713 4122 hospitibus
730 4025 773 4095 sit
794 4046 956 4120 semper,
987 4036 1022 4094 et
1048 4020 1214 4118 quotiens
1242 4019 1360 4091 minus
1378 4034 1461 4091 sunt
1478 4019 1638 4118 hospites
1658 4047 1742 4097 cum
1763 4047 1830 4112 e0,

247 4171 340 4244 quos
368 4146 522 4218 voluerit
548 4145 594 4216 de
622 4143 788 4218 fratribus
815 4167 965 4232 vocare,
997 4142 1138 4214 seniore
1159 4164 1232 4210 uno
1252 4153 1390 4228 tantum
1422 4154 1483 4211 aut
1514 4139 1657 4211 duobus
1683 4141 1835 4214 dimissis

247 4290 333 4338 cum
350 4265 534 4357 fratribus3
564 4279 728 4363 patenter
748 4265 903 4336 insinuat
922 4284 1110 4359 nunquam
1128 4261 1165 4347 in
1187 4274 1351 4357 tempore
1364 4283 1495 4331 mensae
1521 4257 1688 4330 abbatem
1713 4285 1835 4333 mona-

248 4386 356 4458 sterio
374 4385 506 4458 debere
522 4385 669 4475 deesse,
701 4398 738 4456 et
755 4398 795 4456 ut
815 4381 975 4462 delicatis
992 4380 1195 4479 principum
1212 4377 1352 4450 ferculis
1363 4377 1438 4473 jam
1458 4391 1639 4468 assuetus,
1661 4377 1834 4450 cibarium

244 4529 379 4606 panem
402 4507 607 4578 monasterii
628 4503 795 4600 subjectis
822 4503 1059 4599 derelinquat.
1082 4504 1135 4572 De
1162 4497 1326 4596 qualibus
1348 4497 1495 4594 quidem
1523 4499 1658 4588 Veritas
1681 4525 1688 4568 :
1719 4527 1737 4566 a
1755 4497 1835 4570 Alli·

241 4641 350 4724 gant,
376 4655 395 4695 u
425 4629 595 4724 inquit¹,
630 4654 649 4694 u
667 4649 781 4698 onera
810 4625 951 4721 gravia,
982 4637 1018 4696 et
1042 4616 1302 4720 importabilia,
1327 4632 1362 4690 et
1382 4620 1575 4719 imponunt
1600 4619 1637 4690 in
1662 4618 1835 4698 humeros

240 4746 438 4823 hominurn
459 4775 467 4818 ι
491 4747 602 4845 digito
621 4759 742 4820 autem
765 4769 831 4816 suo
855 4743 984 4830 nolunt
1005 4764 1047 4814 ea
1066 4764 1224 4818 movere.
1243 4768 1261 4806 u
1283 4742 1325 4810 Et
1344 4737 1429 4811 alibi
1445 4739 1491 4811 de
1509 4737 1601 4810 falsis
1621 4737 1834 4838 praedicato-

241 4867 396 4940 ribus‘:
421 4897 439 4936 a
457 4867 634 4940 Attendite
652 4890 672 4937 a
694 4865 788 4938 falsis
806 4864 993 4964 prophetis
1009 4862 1073 4962 qui
1093 4862 1243 4934 veniunt
1263 4860 1308 4934 ad
1331 4885 1407 4934 vos.
1437 4889 1453 4928 u
1488 4861 1665 4950 Veniunt,
1689 4860 1831 4957 inquit,

283 5177 291 5204 ¹
317 5179 363 5228 ru.
382 5179 500 5242 Parrum,
523 5189 588 5246 part.
612 5179 646 5231 ll.
668 5205 695 5216 -
717 5175 766 5230 ¹8.
789 5173 900 5242 Gregorii
916 5175 1026 5242 litatae,
1058 5188 1113 5241 cap.
1125 5189 1197 5224 xu-
1210 5170 1395 5240 ‘Regul.,cap.
1406 5170 1617 5233 au.-⁸llatth.,
1627 5187 1682 5240 cap.
1693 5173 1835 5240 arenul.
1946 5165 1952 5172 ’

237 5261 295 5318 lib.
309 5260 346 5324 ll,
366 5278 423 5330 cap.
444 5280 536 5324 xxxrrr,
561 5264 620 5328 app.
641 5273 659 5314 t.
681 5263 717 5330 ll,
731 5262 780 5316 col.
793 5261 852 5316 268.
864 5286 894 5298 -
908 5259 1027 5332 'Regum
1057 5285 1092 5312 ·-,·
1102 5259 1113 5287 ‘
1123 5258 1196 5321 thia,
1211 5273 1267 5326 cap.
1283 5274 1314 5314 vu
1325 5295 1332 5318 ,
1345 5273 1371 5310 v.
1387 5259 1428 5322 15.
