4590 6106
950 605 1096 680 ND‘I'AE.
1168 613 1171 620 '
1766 599 1814 670 ill

231 742 380 796 affluunt.
389 741 446 796 vn
454 749 549 796 sntem
556 737 721 796 romulidis
728 741 812 796 sblsas
821 741 897 797 besti
907 744 1080 818 Areopagitn
1087 743 1214 817 Dionysii
1220 742 1555 802 ilenr'stusmisseum
1565 739 1811 796 mensuum

233 845 288 890 non
300 835 402 907 potnit,
411 833 476 906 qnia
487 843 622 905 prosectu
633 833 720 888 etam
729 833 905 890 imbecillitas
916 849 973 890 non
985 838 1123 909 permisit.
1133 837 1213 892 Misit
1222 849 1317 892 sutem
1329 851 1381 908 prs
1393 853 1431 902 se,
1440 844 1469 890 et
1480 849 1532 908 prs
1541 833 1712 890 ecclesianos
1722 832 1812 886 virum

233 927 397 1000 religiosam
410 935 439 982 et
451 926 601 981 honestam
615 923 794 981 liemcricmn
808 929 972 1001 magistrum
985 929 1109 1002 priorsus
1122 947 1188 986 curs
1200 929 1262 985 ahts
1278 929 1405 1002 personis
1420 925 1546 1000 ejusdem
1565 925 1702 992 ecclesie,
1721 924 1770 998 qui
1784 941 1814 978 se

233 1018 296 1075 loco
308 1017 350 1074 sni
364 1030 448 1092 prom
459 1019 626 1092 oportunius
638 1029 751 1092 possent
763 1019 871 1076 domini
883 1037 961 1094 pape
969 1024 1118 1095 prasentia
1131 1032 1335 1096 presantsrcnt.
1347 1021 1814 1092 celebratumestigimrruaynnss

234 1110 306 1166 illud
314 1111 477 1180 concilium,
491 1110 521 1164 in
535 1128 592 1184 quo
605 1121 754 1166 tractatum
763 1121 805 1166 est
816 1111 851 1166 de
865 1111 918 1167 fide
932 1112 1079 1182 catholica,
1088 1113 1123 1169 de
1137 1112 1277 1180 moribus,
1288 1123 1317 1168 et
1330 1113 1365 1167 de
1376 1122 1450 1168 stato
1464 1109 1625 1166 universalis
1633 1109 1773 1176 mneos,
1787 1117 1817 1162 et

234 1201 361 1258 derebus
373 1200 434 1258 aliis
445 1219 514 1276 quas
525 1200 642 1274 longum
652 1211 694 1256 est
705 1202 751 1257 hic
762 1213 791 1258 ct
802 1218 860 1258 noss
872 1207 1059 1260 necessarium
1068 1221 1208 1261 enarrare.
1219 1203 1316 1260 Soluto
1330 1203 1448 1258 concilio
1461 1221 1587 1258 concessa
1600 1213 1643 1258 est
1654 1199 1770 1274 siugulis
1783 1199 1817 1252 li·

234 1294 323 1348 centia
337 1291 497 1348 recedendi.
511 1293 647 1348 Dominus
658 1304 751 1348 autem
766 1313 834 1370 papa
848 1295 944 1351 uolens
955 1296 1085 1352 omnibus
1097 1297 1190 1372 palam
1201 1297 1290 1352 lacero
1302 1294 1539 1365 benevolentiam,
1551 1304 1579 1348 et
1593 1294 1720 1367 gratiam,
1733 1302 1816 1366 atque

233 1386 311 1458 pium
325 1383 484 1439 dilectionis
495 1383 639 1466 affectum,
654 1405 738 1460 quem
750 1404 816 1460 erga
827 1389 984 1444 venerabile
996 1389 1155 1447 coenobiom
1171 1389 1246 1444 Beati
1262 1388 1387 1460 Dionysii
1400 1397 1428 1442 et
1440 1397 1508 1442 tunc
1520 1385 1652 1453 habebat,
1666 1396 1693 1440 et
1707 1402 1816 1457 semper

233 1479 385 1543 habuerat,
399 1478 505 1532 vocavit
516 1477 552 1532 ad
564 1495 593 1532 se
604 1478 749 1552 prelatum
763 1480 944 1536 Hemericum
956 1501 988 1536 ac
1000 1484 1089 1538 socios
1100 1483 1174 1554 ejus,
1186 1491 1214 1537 et
1226 1483 1256 1536 iu
1266 1483 1367 1554 pignus
1378 1490 1517 1552 perpetuae
1531 1478 1675 1532 charitatis
1686 1476 1764 1532 dedit
1777 1479 1816 1532 cis

233 1570 397 1625 thesaurum
418 1567 647 1643 impretiabilem,
668 1589 769 1645 corpus
781 1573 910 1629 videlicet
927 1575 1091 1630 sanctissimi
1109 1575 1235 1648 Dionysii
1253 1573 1433 1644 confessoris,
1446 1571 1661 1638 Corinthiorum
1678 1571 1815 1642 episcopi,

235 1673 267 1718 ut
279 1661 371 1735 ipsum
384 1677 494 1732 secum,
508 1679 573 1716 cuna
585 1661 693 1718 honore
705 1662 801 1719 debito
814 1665 843 1718 in
857 1664 1003 1720 Franciam
1020 1667 1215 1732 transferrent,
1229 1677 1257 1720 et
1269 1684 1302 1722 es
1315 1675 1394 1738 parte
1408 1682 1456 1720 sua
1471 1661 1590 1718 ecclesias
1603 1661 1679 1716 Beati
1692 1660 1816 1732 Dionysii

234 1770 298 1808 cum
310 1751 387 1808 omni
399 1753 556 1808 reverentia
568 1765 775 1827 presentareut.
789 1756 920 1811 Tradidit
936 1756 991 1811 illis
1008 1768 1139 1832 praterea
1153 1775 1207 1814 sue
1222 1757 1379 1832 largitionis
1393 1754 1594 1812 testimoniales
1605 1752 1713 1808 litteras
1726 1752 1817 1826 sigillo

235 1856 332 1905 sanctu
345 1845 418 1902 sedis
437 1847 594 1920 apostolice
613 1849 766 1904 roboratas.
782 1849 827 1905 Illi
848 1869 912 1906 vero
932 1870 998 1906 cum
1019 1851 1166 1927 condignis
1188 1854 1341 1926 gratiarum
1362 1849 1532 1917 actionibus,
1552 1858 1608 1902 tans
1629 1847 1738 1914 nobile,
1761 1857 1818 1902 tam

236 1949 379 2006 metum,
390 1949 447 1994 tam
462 1939 585 2016 denique
597 1942 787 1997 venerandum
800 1944 982 2016 suscipientes
994 1944 1168 2017 depositum,
1186 1945 1307 2018 gratuita
1324 1943 1426 1997 summi
1445 1940 1584 2016 pontificis
1595 1939 1742 1995 exhilarati
1756 1959 1819 1994 niss-

238 2032 388 2105 uificentia,
400 2052 483 2108 quam
496 2035 579 2090 citius
591 2037 736 2108 potuerint
749 2037 778 2090 in
792 2037 937 2092 Franciam
950 2049 1122 2094 remearunt.
1135 2062 1148 2090 o
1160 2034 1373 2094 Testimoniales
1385 2045 1479 2092 autem
1491 2031 1710 2089 itlslnnooentii
1722 2031 1819 2088 littera

237 2130 277 2184 sic
291 2127 393 2184 ibidem
406 2137 545 2200 conceptu
559 2139 640 2182 sunt:

789 2235 991 2290 Authents'cum
1002 2235 1162 2292 innocentii
1170 2255 1264 2308 papoe.

273 2390 284 2415 o
296 2365 475 2420 Innocentius
487 2365 647 2438 episcopus,
663 2381 758 2420 servus
770 2383 910 2422 seruorum
926 2366 993 2434 Dei,
1011 2363 1122 2423 dilectis
1136 2363 1199 2421 filiis
1212 2365 1305 2422 abbati
1318 2377 1346 2420 et
1358 2363 1506 2420 conventui
1520 2363 1613 2419 Sancti
1629 2359 1752 2432 Dionysii
1768 2357 1818 2412 rs-

240 2457 361 2512 risiensis
372 2455 488 2512 salutem
502 2465 531 2510 et
545 2455 723 2528 apostolicam
736 2457 972 2512 benedictionem.
987 2457 1090 2512 Utrum
1112 2457 1248 2530 gloriosus
1261 2465 1366 2529 martyr
1379 2467 1407 2510 et
1421 2451 1545 2528 pontifex
1563 2449 1726 2525 Dionysius,
1742 2451 1820 2521 cnjus

241 2549 395 2605 venerabile
416 2567 517 2624 corpus
537 2549 566 2602 in
585 2559 672 2603 vestra
691 2549 842 2624 requiescit
858 2551 986 2619 ecclesia,
1002 2551 1038 2606 sit
1053 2549 1099 2606 ille
1113 2547 1267 2605 censendus
1280 2550 1328 2623 qui
1342 2549 1508 2622 Areopagites
1522 2557 1636 2601 vocatur
1650 2543 1685 2599 ab
1697 2541 1821 2617 apostolo

240 2642 326 2698 Paulo
338 2653 499 2710 conversus,
515 2639 627 2695 diverse
640 2651 704 2696 sunt
717 2642 859 2697 sententie
873 2642 1057 2700 diversorum.
1072 2641 1194 2713 Quidam
1207 2653 1300 2697 autem
1314 2641 1437 2696 latentur
1448 2639 1612 2712 Dionysium
1626 2637 1821 2709 Areopagitam

242 2735 270 2789 iu
282 2735 387 2791 Graecia
400 2734 485 2788 inisse
499 2744 643 2788 mortuum
655 2743 682 2788 ct
696 2733 851 2807 sepultum,
866 2734 1008 2810 aliumque
1020 2736 1185 2807 Dionysium
1204 2735 1328 2789 extitisse
1348 2736 1397 2807 qui
1416 2733 1499 2787 tidem
1521 2731 1627 2788 Christi
1649 2732 1820 2784 Francorum

240 2825 348 2900 populis
362 2825 529 2901 predicavit.
542 2825 598 2880 Alii
610 2843 676 2882 sero
690 2837 816 2882 asserunt
829 2826 908 2882 illum
922 2838 986 2901 post
1000 2838 1120 2882 mortem
1133 2827 1207 2882 beati
1220 2827 1300 2881 Pauli
1313 2827 1418 2880 venisse
1431 2824 1565 2891 Romam,
1579 2829 1607 2878 et
1618 2842 1633 2876 a
1646 2832 1740 2876 sancto
1757 2819 1821 2874 Cle-

241 2931 334 2974 mente
348 2937 417 2992 papa
429 2921 457 2973 in
468 2917 587 2974 Galliam
602 2917 771 2974 destinatum
782 2941 789 2986 ς
802 2918 944 2994 aliumque
957 2921 1041 2975 luisse
1055 2921 1103 2994 qni
1116 2929 1243 2974 mortuus
1252 2929 1294 2972 est
1307 2920 1335 2972 in
1347 2917 1467 2984 Gracia,
1481 2927 1508 2970 et
1519 2913 1652 2988 sepultus.
1662 2913 1821 2984 Utrumque
1908 2983 1912 2992 Ι

240 3023 335 3067 tamen
351 3013 493 3084 egregium
508 3012 536 3066 in
548 3027 632 3086 opere
646 3023 675 3068 et
687 3029 814 3069 sermone
829 3014 999 3086 praclarum.
1020 3013 1077 3068 Nos
1095 3023 1188 3068 autern
1212 3011 1303 3066 nentri
1324 3011 1445 3066 volentes
1462 3007 1641 3082 prejudicare
1661 3005 1818 3068 sententiae,

241 3103 290 3159 sed
302 3115 424 3160 vestrum
434 3105 574 3178 cupientes
587 3105 726 3161 honorare
739 3109 947 3180 monasterinm,
958 3105 1035 3180 quod
1046 3105 1207 3161 immediate
1219 3104 1254 3160 ad
1265 3122 1408 3159 romanam
1419 3111 1525 3175 spectat
1537 3099 1700 3165 Ecclesiam,
1712 3113 1819 3152 sacrum

240 3199 313 3253 beati
332 3197 455 3270 Dionysii
473 3200 590 3272 pignus,
617 3199 693 3273 quod
716 3200 794 3254 bonae
814 3201 953 3255 memorias
969 3199 1000 3254 P.
1016 3200 1060 3255 tit.
1080 3199 1174 3255 Sancti
1196 3197 1320 3253 Marcelli
1343 3196 1487 3269 presbytes·
1505 3193 1652 3247 cardinalis
1667 3201 1735 3245 tuuc
1752 3208 1818 3262 apo-

239 3289 340 3346 stolice
358 3289 432 3346 sedis
452 3289 560 3363 legatus
581 3291 615 3346 de
634 3290 741 3348 Gracia
762 3291 828 3346 tulit
849 3293 879 3346 in
899 3292 1016 3363 urbem,
1036 3291 1113 3346 vobis
1133 3309 1183 3364 per
1201 3289 1320 3344 dilectos
1339 3287 1427 3348 lilium
1447 3285 1627 3341 Hemericnm
1648 3283 1771 3355 priorem
1792 3291 1820 3335 ct

239 3382 373 3457 quosdam
385 3380 453 3438 alios
469 3384 582 3440 nuutios
595 3384 755 3440 monasterii
770 3384 852 3440 vestri
870 3383 905 3437 ad
923 3383 1050 3456 gencrale
1067 3383 1216 3440 concilium
1234 3382 1386 3439 destinatos
1399 3379 1497 3434 devote
1509 3376 1674 3448 dirigimus:
1688 3384 1820 3445 utquam

239 3485 370 3549 utrasque
383 3475 514 3549 reliquias
527 3476 696 3546 habueritis,
710 3477 787 3532 nulla
800 3477 946 3534 decaetero
961 3487 1103 3533 remaneat
1114 3475 1271 3544 dubitatio,
1285 3475 1355 3549 quin
1368 3491 1448 3528 soors
1465 3472 1538 3528 beati
1552 3469 1678 3541 Dionysii
1695 3470 1819 3538 Areopa-

240 3569 302 3642 gite
313 3567 438 3642 reliquie
449 3568 523 3642 apud
536 3581 659 3624 restrum
674 3571 874 3627 monasterium
887 3552 1053 3626 habeantur.
1071 3571 1130 3628 Vos
1146 3571 1235 3644 igitur
1254 3587 1300 3623 eas
1319 3578 1478 3623 reverenter
1492 3565 1637 3636 suscipite,
1651 3562 1723 3616 hauc
1740 3560 1820 3616 uobis

239 3660 458 3718 vicissitudinem
477 3661 680 3735 rependentes,
694 3671 725 3718 ut
738 3665 767 3718 iu
780 3661 955 3719 orationibus
968 3664 1065 3718 vestris
1080 3662 1205 3735 specialis
1217 3680 1327 3734 semper
1339 3661 1375 3715 ad
1390 3661 1478 3714 Deum
1492 3654 1723 3713 conmemoratio
1732 3653 1819 3708 nostri

240 3754 303 3820 fiat,
316 3763 344 3808 et
360 3752 513 3808 secundum
527 3753 695 3810 oblationem
713 3754 875 3810 eorumdem
898 3755 1061 3809 nuntiorum
1084 3765 1239 3810 vestrorum
1261 3753 1445 3809 annisrsrssria
1465 3751 1558 3806 obitus
1579 3748 1666 3804 nostri
1687 3746 1820 3810 memoria

238 3847 408 3903 sollemniter
421 3847 586 3902 celebretur.
602 3846 741 3903 Omnibus
760 3858 854 3906 autern
873 3849 922 3921 qui
936 3847 972 3901 ad
991 3848 1041 3902 has
1058 3863 1148 3902 sacras
1168 3846 1300 3920 reliquias
1320 3843 1489 3900 venerandas
1505 3843 1604 3898 devote
1620 3840 1818 3906 convenerint,

240 3937 423 4014 quandraginta
436 3938 495 3994 dies
508 3938 543 3994 de
557 3940 691 4012 injunctis
705 3940 757 3996 sibi
772 3941 944 4014 poenitentiis
957 3941 1123 3996 auctoritate
1136 3939 1284 4012 apostolica
1297 3939 1460 3994 relaxamus.
1473 3935 1550 3992 Nulli
1561 3951 1629 4007 ergo
1641 3933 1756 3990 omuino
1770 3934 1821 3986 ho-

242 4027 349 4080 minum
365 4024 448 4082 liceat
464 4027 536 4081 hanc
550 4029 680 4100 paginam
696 4038 794 4084 nostrae
806 4029 991 4084 concessionis
1004 4038 1033 4084 ct
1045 4027 1217 4083 remissionis
1234 4026 1401 4100 infringere,
1416 4024 1459 4082 vel
1471 4026 1497 4080 ei
1510 4039 1579 4080 ausu
1591 4023 1740 4078 temerario
1753 4039 1820 4076 con-

239 4121 332 4174 traisn.
346 4119 375 4175 Si
388 4121 451 4194 quis
463 4131 556 4176 autem
569 4122 625 4176 hoc
636 4131 773 4177 attentare
785 4124 1003 4196 presumpserit,
1019 4121 1241 4196 indigestionem
1252 4121 1453 4193 omnipotentis
1466 4120 1532 4187 Dei,
1544 4130 1572 4172 et
1585 4117 1732 4174 beatorum
1744 4115 1819 4172 Petri

240 4223 268 4266 et
276 4213 353 4268 Pauli
363 4213 551 4285 apostolorum
563 4215 623 4286 ejus
637 4233 666 4270 se
680 4217 787 4272 noverit
801 4217 990 4272 incursurum.
1001 4216 1073 4272 Data
1083 4215 1211 4272 laterani
1224 4213 1314 4287 pridie
1324 4227 1391 4268 non.
1402 4212 1534 4284 januarii,
1545 4207 1722 4284 pontificatus
1732 4209 1818 4265 nostri

239 4321 312 4359 ausso
326 4323 408 4360 svsss.
422 4329 434 4354 s

270 4455 378 4512 Verum
392 4456 468 4528 quod
484 4458 585 4512 attinet
603 4455 638 4513 ad
656 4459 852 4528 obstandum,
869 4479 958 4534 qussm
978 4459 1078 4516 iratres
1094 4459 1155 4531 ejus
1176 4456 1296 4530 graviter
1315 4455 1340 4508 ei
1361 4455 1609 4538 comminarentur,
1624 4449 1698 4504 etde
1712 4465 1745 4502 eo
1759 4447 1819 4500 riu-

236 4544 338 4600 dictam
352 4564 461 4602 sumere
472 4547 588 4619 vellent,
603 4551 680 4624 quod
695 4569 794 4606 eorum
808 4563 958 4625 patronum
969 4552 1164 4624 Areopagitom
1176 4549 1261 4604 inisse
1275 4546 1449 4620 denegasset,
1464 4540 1613 4616 aliquando
1625 4538 1737 4594 taudem
1752 4539 1819 4610 pali·

236 4637 350 4692 sodium
362 4648 475 4694 canmre
487 4640 648 4713 conpulsus
659 4653 712 4698 est.
727 4643 880 4716 Epistulam
892 4644 968 4698 enim
982 4641 1086 4700 direxit
1097 4642 1164 4699 nde
1177 4641 1271 4696 abbati
1284 4655 1334 4694 suo
1346 4661 1351 4691 :
1365 4635 1528 4692 «Adversus
1541 4651 1603 4702 eos,
1617 4631 1666 4706 qni
1679 4649 1712 4684 ex
1723 4638 1820 4682 aucto-

236 4731 319 4789 ritate
330 4730 411 4786 Redis
424 4733 580 4806 presbyteri
591 4753 711 4807 arguere
726 4736 900 4792 conabantur
917 4736 1084 4809 Dionysium
1102 4735 1299 4808 Areopagitans
1320 4731 1407 4788 inisse.
1422 4728 1585 4800 Dionysium
1604 4723 1818 4782 Corinthios-nto

236 4823 415 4894 timpum,
426 4833 456 4878 et
467 4841 524 4880 non
538 4827 626 4900 magis
636 4827 721 4884 ‘fnisse
732 4827 950 4884 Atheniensium
963 4829 1143 4901 episcopum,
1154 4849 1167 4878 s
1180 4836 1266 4901 quam
1278 4835 1371 4878 tamen
1384 4832 1412 4876 et
1425 4838 1476 4894 per
1488 4818 1692 4874 dubitationem
1704 4813 1819 4872 coriolo-

216 4955 218 4960 ·
236 4917 288 4983 ‘lis
303 4916 347 4971 lli!
359 4915 465 4972 verbis:
482 4939 495 4966 s
509 4919 652 4994 Denique,
669 4931 701 4977 ut
713 4921 787 4978 hmo
797 4920 879 4978 litem·
887 4921 1028 4977 rarbrstos
1039 4921 1240 4977 sententiarum
1255 4917 1429 4992 psmdssisno
1443 4914 1497 4970 noe
1509 4915 1602 4986 sopire
1613 4913 1725 4986 pertitus
1737 4909 1821 4967 snia-

238 5027 318 5081 lms
333 5010 414 5066 Mle
425 5011 567 5078 5⁰¹l³¹⁶i⁸s
580 5014 603 5068 α’
616 5013 686 5070 duos
699 5015 848 5088 Dionysius
862 5015 1076 5072 Corinthiorum
1090 5011 1368 5088 episcoposesnusse
1379 5019 1528 5082 possamus,
1542 5017 1570 5062 et
1584 5005 1685 5063 bedam
1697 5011 1820 5058 versones

240 5103 395 5174 mudum
412 5113 523 5173 tenue,
544 5116 574 5161 et
591 5106 664 5163 nibil
682 5125 732 5181 pes
752 5108 915 5180 opinionem
935 5108 1060 5181 sospes
1072 5132 1078 5162 :
1092 5107 1131 5162 its
1144 5105 1258 5180 quidem
1271 5114 1389 5182 aponus
1402 5119 1436 5158 ex
1448 5099 1592 5173 Dionysiis
1606 5094 1819 5154 costumnae

240 5193 391 5267 mmor.
406 5196 864 5273 annominemus-no·
876 5200 912 5256 sn
923 5199 959 5256 a·
970 5217 1028 5274 qao
1039 5199 1113 5256 ssu
1124 5197 1237 5267 suus,
1249 5193 1321 5252 ou
1334 5194 1449 5250 nvom
1460 5191 1634 5266 superus
1644 5188 1719 5246 nou
1732 5186 1820 5247 stne-
