4606 6106
611 613 701 689 CUM
725 615 853 688 Putat
881 613 1110 690 ABAELAlllll
1136 617 1459 694 SOLUl'lONlBUS.
1754 621 1818 692 281

248 763 336 834 mirri
351 783 440 859 puer
457 758 635 830 accinctus
654 757 774 858 ephod
789 758 902 848 lineo,
925 773 960 830 et
980 761 1136 832 tunicam
1155 787 1299 861 parvam
1320 763 1469 835 faciebat
1486 775 1599 834 mater
1616 785 1698 851 sua,
1717 787 1826 860 quam

247 880 415 953 afferebat
436 879 572 952 statutis
590 877 733 968 diebus,
753 876 948 950 ascendens
964 903 1047 972 cum
1066 883 1143 952 viro
1169 907 1252 974 suo,
1273 897 1313 954 ut
1337 883 1539 954 immolaret
1557 879 1711 953 hostiam
1736 883 1827 955 sole·

249 1024 381 1072 mnem.
398 1028 416 1066 rr
436 1001 517 1072 Sive
530 1000 626 1071 enim
640 998 757 1088 levita,
769 1013 810 1069 ut
822 998 1040 1094 probabilius
1051 1016 1115 1090 est,
1130 1003 1203 1073 sive
1213 1001 1379 1074 sacerdos
1390 1001 1534 1074 Samuel
1545 1002 1649 1073 fuerit
1666 1031 1673 1072 :
1695 1027 1827 1100 nequa·

248 1145 354 1217 quam
387 1133 470 1192 aetas
504 1119 662 1216 pueritiae
684 1118 880 1190 ministerio
906 1118 981 1214 ejus
1009 1122 1200 1194 convenire
1228 1121 1425 1194 secundum
1455 1122 1568 1217 legem
1597 1137 1754 1222 poterat,
1786 1138 1827 1193 ut

249 1242 411 1314 videlieet
443 1241 563 1340 ephod
592 1241 771 1312 accinctus
801 1255 970 1337 tanquam
1003 1241 1128 1331 levita,
1159 1242 1216 1315 vel
1244 1243 1408 1314 sacerdos
1440 1245 1547 1315 vitam
1580 1259 1700 1315 tenera
1726 1257 1827 1317 aetate
1910 1319 1920 1336 ‚

250 1363 473 1434 ministraret.
497 1352 696 1448 Quaerimus
722 1376 757 1431 et
776 1385 883 1458 quam
905 1361 1060 1433 tunicam
1081 1361 1297 1460 velquihus
1312 1363 1531 1461 temporibus
1554 1365 1689 1435 statutis
1715 1377 1827 1434 mater

250 1505 362 1578 puero
377 1480 528 1552 afferret.

862 1637 995 1714 Salutio
1019 1619 1213 1715 Aboelrrrdr'.

299 1825 496 1896 Ministrare
513 1849 603 1922 puer
620 1825 656 1894 in
682 1823 858 1923 aliquibus
876 1825 1000 1896 officiis
1021 1826 1219 1898 minoribus
1238 1841 1393 1927 poterat,
1417 1829 1537 1929 ephod
1564 1851 1709 1924 quoque
1733 1826 1827 1898 lineo

251 1947 440 2015 accinctus.
465 1943 567 2015 Unde
579 1958 615 2014 et
632 1942 719 2014 sslud
728 1959 784 2048 est
799 1944 932 2016 Rabani
945 1945 1142 2017 secundum
1159 1948 1408 2042 Augustinum¹
1425 1975 1432 2016 :
1457 1975 1476 2014 ιι
1496 1946 1638 2018 Samuel
1651 1947 1829 2017 accinctus

252 2063 372 2162 ephod
389 2063 466 2150 bar,
483 2063 553 2134 hoc
570 2077 623 2134 est
640 2061 921 2162 superhumerali
939 2062 1051 2152 lineo,
1069 2063 1168 2160 quod
1182 2063 1287 2136 distat
1303 2064 1349 2135 ab
1366 2064 1427 2136 illo
1445 2065 1585 2163 ephod,
1606 2089 1679 2162 quo
1699 2063 1826 2134 indue-

251 2183 355 2255 batur
377 2182 535 2280 pontifex
557 2209 564 2252 :
584 2183 668 2278 quia
685 2181 778 2253 istud
803 2182 1051 2254 tantummodo
1075 2181 1216 2254 lineum·
1229 2184 1312 2276 fuit,
1341 2199 1376 2256 et
1398 2207 1609 2256 concessum
1630 2181 1829 2255 minoribus

157 2346 166 2408 '·.
252 2301 418 2399 gradibus
434 2301 481 2373 ad
494 2301 680 2373 utendum.
696 2300 787 2372 lllud
803 2301 919 2392 enim,
941 2301 1039 2399 quod
1061 2301 1230 2376 vestiebat
1248 2301 1472 2401 pontificem,
1499 2327 1541 2376 ex
1559 2317 1714 2399 quatuor
1732 2301 1829 2373 colo·

252 2422 362 2511 ribus,
383 2422 495 2512 idest,
508 2423 688 2518 hyacinto,
708 2420 816 2509 bisso,
832 2446 956 2512 cocco,
970 2447 1142 2522 purpura,
1157 2438 1193 2495 et
1204 2449 1246 2496 ex
1258 2447 1346 2495 auro
1357 2422 1556 2497 habebatur
1571 2437 1789 2495 contextum.
1809 2451 1827 2490 ι)

188 2531 196 2546 “
246 2533 408 2615 'Statutos
425 2543 499 2615 dies
518 2558 613 2641 patet
637 2568 713 2616 esse
731 2543 952 2641 supradictos
974 2545 1082 2615 trium
1107 2545 1332 2618 festivitatum
1353 2543 1550 2616 secundum
1574 2543 1708 2641 legem,
1729 2559 1767 2614 ut
1792 2545 1829 2614 in

253 2662 398 2760 singulis
422 2663 489 2734 illis
504 2663 690 2762 precipuis
708 2661 989 2735 solemnitatibus
1009 2664 1110 2754 anni,
1128 2679 1240 2736 mater
1256 2662 1405 2736 sollicita
1427 2663 1501 2735 filio
1523 2687 1655 2734 novam
1674 2664 1828 2734 tunicam

252 2781 403 2872 afferret,
419 2783 543 2878 inqua
559 2782 634 2880 ipse
652 2783 809 2853 Domino
827 2781 996 2854 mundius
1014 2782 1070 2854 vel
1083 2783 1266 2856 honestius
1289 2783 1519 2873 ministraret,
1541 2782 1830 2881 superhumerale
1880 2806 1884 2818 ’

253 2901 385 2973 lineum
404 2900 558 2999 desuper
572 2899 727 2988 habens,
748 2925 822 2999 quo
836 2902 1033 2991 accinctus,
1053 2917 1088 2974 et
1108 2927 1183 2974 non
1203 2917 1388 2992 oneratus,
1413 2901 1610 2999 expeditius
1631 2905 1829 2976 ministrare

252 3017 383 3120 posset'.
401 3024 531 3108 Quem,
543 3021 582 3091 ni
596 3020 710 3110 fallor,
726 3020 887 3094 habitum
899 3006 1066 3094 monachi
1081 3047 1178 3094 nunc
1190 3023 1386 3113 imitantur,
1401 3049 1512 3120 quum
1529 3047 1638 3121 opera
1656 3048 1827 3096 manuum

252 3143 288 3213 in
309 3143 428 3213 tunica
440 3157 477 3214 et
488 3143 662 3240 scapulari
678 3142 830 3240 desuper
842 3145 1000 3215 accincto
1015 3143 1152 3215 soleant
1162 3141 1337 3216 exercere.
1350 3144 1445 3232 Quid
1459 3145 1555 3216 enim
1568 3144 1664 3216 aliud
1678 3143 1829 3242 scapulae

253 3287 362 3357 quam
380 3262 543 3334 humeri?
563 3267 630 3333 Aut
648 3261 735 3359 quid
753 3262 935 3360 scapulare
950 3263 1018 3334 nisi
1035 3262 1347 3360 superhumerale?
1362 3265 1540 3362 Denique,
1559 3266 1638 3362 quis
1652 3263 1830 3363 improbet

253 3382 471 3471 Samuelem,
491 3383 573 3454 licet
597 3407 764 3482 puerum,
783 3384 820 3453 in
839 3381 958 3454 officio
975 3381 1180 3474 levitarum,
1201 3409 1268 3482 pm
1292 3387 1499 3458 necessitate
1521 3386 1739 3473 ministrare,
1760 3384 1830 3456 hoc

254 3505 359 3574 etiam
373 3503 427 3574 Eli
439 3503 604 3598 jubente,
620 3528 732 3600 quum
751 3503 869 3574 nullus
881 3519 966 3575 tunc
978 3504 1016 3573 in
1034 3503 1145 3576 domo
1160 3503 1213 3574 Eli
1226 3505 1438 3603 reperiretur
1455 3505 1526 3577 hoc
1539 3504 1659 3578 officio
1678 3505 1828 3602 dignus?

255 3625 386 3693 Notum
403 3623 536 3720 quippe
549 3621 778 3720 proverbium
796 3637 848 3694 est
869 3650 877 3692 ι
897 3652 914 3689 a
937 3623 1131 3695 Necessitas
1147 3623 1341 3696 nonhabet
1357 3623 1482 3722 legem.
1501 3653 1519 3691 rr

825 3795 837 3818 ι

783 3866 964 3914 Pnosmttta
988 3865 1153 3914 HELOISSAE
1179 3867 1298 3914 xxxvl.

303 4037 479 4130 Rogamus
491 4034 624 4132 quippe
642 4047 677 4104 et
687 4034 897 4129 quaerimus,
912 4011 998 4130 'quis
1013 4031 1117 4104 fuerit
1135 4031 1193 4105 ille
1204 4033 1258 4102 vir
1270 4034 1336 4103 Dei
1349 4057 1369 4104 a
1384 4034 1541 4105 Domino
1555 4033 1681 4104 missus
1693 4031 1739 4103 ad
1755 4031 1827 4121 Eli,

256 4169 292 4224 ut
312 4179 395 4225 eum
408 4154 611 4250 corrigeret,
624 4167 659 4224 et
670 4152 761 4223 mala
775 4152 898 4223 domui
914 4152 988 4247 ejus
1000 4167 1148 4223 ventura
1159 4151 1385 4250 prediceret?
1397 4151 1493 4240 Quid
1507 4167 1542 4224 et
1558 4151 1645 4223 illud
1658 4153 1714 4242 sit,
1731 4150 1830 4249 quod

254 4276 346 4346 inter
369 4288 494 4346 caetera
521 4272 669 4361 dicitur,
703 4272 748 4344 de
770 4271 953 4343 sacerdote
982 4272 1129 4343 meliore
1159 4296 1365 4344 successuro
1391 4271 1495 4342 Eli':
1527 4279 1551 4339 «ι’
1578 4270 1779 4361 Suscitabo,
1809 4298 1827 4350 ι)
1891 4275 1895 4284 “

254 4396 380 4492 inquit,
398 4423 415 4461 κ
433 4393 520 4464 mihi
532 4391 754 4464 sacerdotem
773 4390 929 4482 fidelem,
948 4392 1010 4489 qui
1024 4393 1123 4487 juxta
1137 4416 1200 4462 cor
1214 4416 1335 4464 meum
1353 4406 1389 4464 et
1403 4392 1558 4462 animam
1574 4414 1690 4462 meam
1703 4389 1826 4462 faciat:

254 4531 289 4588 et
306 4513 490 4588 aedificabo
504 4514 536 4584 ei
550 4512 699 4584 domum
714 4497 869 4603 fidelem,
885 4527 919 4586 et
927 4511 1122 4583 ambulabit
1138 4537 1260 4585 coram
1280 4512 1419 4584 Christo
1438 4536 1520 4598 meo
1538 4511 1673 4583 cunctis
1690 4509 1827 4582 diebus.

253 4641 426 4706 Futurum
444 4649 497 4705 est
510 4648 642 4724 autern,
659 4647 698 4703 ut
711 4633 916 4731 quicunque
929 4633 1136 4704 remanserit
1149 4634 1187 4704 in
1206 4631 1329 4724 domo,
1351 4633 1481 4721 veniat,
1500 4647 1539 4703 ut
1557 4646 1678 4702 oretur
1692 4653 1759 4728 pro
1774 4653 1829 4718 ea,

255 4771 290 4828 et
307 4755 431 4828 offerat
444 4777 633 4824 nummum
647 4768 866 4850 argenteum,
883 4767 918 4824 et
930 4766 1061 4823 tortam
1080 4754 1194 4852 panis,
1211 4751 1394 4851 dicatque:
1413 4751 1558 4823 Dimitte
1573 4775 1642 4840 me,
1659 4748 1823 4840 obsecro,

256 4876 300 4947 ad
318 4897 428 4946 unam
446 4887 582 4970 partem
597 4871 864 4962 sacerdotalem,
888 4886 928 4943 ut
941 4871 1129 4944 comedam
1145 4872 1341 4944 buccellam
1358 4872 1471 4971 panis.
1498 4900 1514 4937 ι
1531 4871 1669 4942 Scimus
1685 4869 1832 4968 quidem
1911 4963 1915 4970 ἢ

257 4994 475 5093 Samuelem,
498 4995 560 5092 qui
579 4992 632 5063 Eli
650 4993 859 5090 supervixit,
883 4991 1126 5064 fidelissimum
1145 4993 1298 5064 extitisse
1317 4993 1485 5064 Domino,
1514 4990 1584 5063 Sed
1602 4988 1703 5087 quod
1723 4989 1827 5062 levita

291 5242 298 5268 ¹
319 5244 391 5306 θη,
405 5253 422 5294 t.
436 5242 488 5305 lll,
503 5259 528 5308 p.
543 5243 582 5294 50.
595 5269 628 5282 -
640 5241 650 5268 ¹
662 5243 721 5307 llep.
737 5243 761 5302 1,
772 5257 826 5308 cap.
840 5257 872 5304 u,
886 5258 910 5292 r.
925 5243 965 5292 35.

375 5349 385 5391 1
1436 5354 1441 5363 ·
1677 5327 1718 5389 36
