4536 6102
479 627 548 694 570
1074 623 1202 693 PETRI
1228 623 1460 694 ABAEttttnt

476 763 668 861 principes,
686 763 852 852 Paulum,
871 763 1083 852 Antonium,
1103 763 1339 850 Hilariomam,
1360 761 1592 833 Macharium.
1613 764 1657 830 Et
1673 773 1713 828 ut
1730 757 1776 828 ad
1793 756 2051 854 scripturam

475 883 723 954 auctoritatem
741 884 898 971 redeam,
916 899 1037 954 noster
1052 885 1220 980 princeps
1235 882 1341 970 Elias,
1361 881 1520 968 Elisaeus,
1541 877 1657 954 noski
1671 878 1780 950 duces
1796 876 2050 976 prophetarum

475 998 553 1089 filii,
572 1002 634 1098 qui
649 1000 861 1075 habitabant
877 1004 912 1074 in
934 1004 1025 1099 agris
1042 1017 1078 1074 et
1100 1002 1312 1092 solitudine,
1338 1016 1373 1074 et
1399 1001 1574 1074 faciebant
1599 999 1668 1070 sibi
1693 997 1921 1070 tabernacula
1940 1023 2050 1097 prope

473 1117 608 1190 fluenta
624 1113 802 1192 iordanis.
817 1126 870 1192 De
887 1121 943 1191 his
955 1136 1085 1193 suntet
1101 1122 1152 1191 illi
1169 1121 1232 1191 filii
1243 1121 1405 1210 Rechab,
1422 1121 1484 1216 qui
1500 1121 1627 1190 vinum
1642 1133 1678 1190 et
1693 1118 1846 1189 ciceram
1863 1141 1939 1188 non
1951 1107 2055 1188 bihel

473 1235 574 1326 bant,
594 1241 656 1334 qui
673 1239 907 1311 morabantur
924 1241 962 1310 in
979 1241 1160 1329 tentoriis,
1179 1241 1240 1337 qui
1259 1241 1323 1310 Dei
1342 1264 1403 1337 per
1420 1239 1609 1309 Jeremiam
1625 1261 1714 1308 voce
1730 1235 1935 1324 laudantur,
1954 1237 2048 1333 quod

472 1381 546 1428 non
565 1356 706 1430 deficiat
727 1360 772 1430 de
795 1361 903 1458 stirpe
921 1385 1048 1432 eorum
1065 1362 1119 1431 vir
1138 1375 1235 1431 stans
1252 1385 1375 1431 coram
1400 1360 1571 1431 Domino.
1589 1386 1607 1425 u
1634 1356 1734 1428 Idem
1757 1354 1807 1426 ad
1830 1355 2048 1427 antochiae

473 1481 656 1576 virginem,
670 1481 717 1552 de
733 1481 882 1553 diversis
894 1482 1081 1578 generibus
1098 1481 1395 1554 monachorum²z
1416 1509 1434 1548 t<
1449 1480 1500 1551 Ad
1517 1479 1660 1550 tertium
1671 1503 1782 1573 genus
1791 1480 1947 1566 veniam,
1961 1502 2048 1574 quos

471 1598 704 1671 anachoretas
721 1616 873 1691 vocant,
893 1617 928 1673 et
944 1603 1006 1700 qui
1026 1601 1071 1672 dc
1089 1601 1262 1672 coenobiis
1278 1615 1459 1688 exeuntes,
1475 1613 1623 1696 excepto
1635 1622 1729 1695 pane
1745 1611 1780 1668 et
1795 1596 1880 1685 sale,
1900 1596 2047 1694 amplius
2112 1631 2118 1648 ·

470 1719 516 1790 ad
533 1719 672 1792 deserta
689 1721 778 1792 nihil
796 1722 993 1819 perferunt.
1013 1723 1125 1819 Hujus
1141 1724 1221 1793 vitae
1238 1736 1363 1793 auctor
1379 1719 1520 1809 Paulus,
1538 1719 1731 1790 illustrator
1746 1719 1922 1788 Antonius
1933 1733 1994 1805 ,et
2008 1723 2045 1788 ut

469 1840 515 1910 ad
532 1842 716 1938 superiora
732 1844 986 1931 conscendam,
1006 1844 1172 1940 princeps
1188 1847 1344 1914 loannes
1361 1842 1518 1939 Baptista
1530 1840 1608 1911 tuit.
1628 1838 1749 1909 Talem
1765 1837 1885 1908 virum
1905 1861 2044 1934 quoque

468 1961 636 2032 ieremias
657 1961 842 2051 describit,
863 1963 1007 2034 dicens¹
1026 1990 1034 2032 ε
1057 1967 1228 2033 «Bonum
1249 1977 1302 2034 est
1316 1963 1395 2032 viro
1417 1986 1530 2058 quum
1546 1959 1743 2058 portaverit
1753 1957 1880 2052 jugum
1897 1957 1944 2028 ab
1960 1956 2042 2028 ado·

469 2105 488 2143 ιι
504 2076 672 2150 lescenti'a
688 2105 765 2168 sua,
780 2080 919 2152 sedebit
928 2080 1104 2152 solitarius
1114 2095 1151 2151 et
1161 2081 1305 2168 tacebit,
1317 2081 1490 2176 quoniam
1507 2077 1647 2150 sustulit
1664 2100 1727 2174 per
1744 2099 1782 2146 se
1794 2075 1932 2169 jugum,
1946 2090 2014 2146 etc.
2025 2103 2040 2142 ιι

465 2194 759 2290 chrysostomus,
789 2199 939 2269 homilia
954 2203 1082 2283 XXlll,
1101 2223 1180 2292 quae
1196 2200 1247 2266 sic
1270 2199 1414 2293 incipit⁸
1438 2225 1446 2268 :
1474 2227 1492 2266 ιι
1505 2201 1558 2266 De
1584 2201 1723 2266 Joanne
1747 2192 1876 2264 dicitur
1906 2221 1914 2263 :
1942 2195 2042 2266 «Fuit

468 2342 485 2380 ιι
505 2313 618 2383 homo
635 2316 762 2384 missus
779 2338 800 2384 a
814 2319 909 2403 Deo,
922 2316 979 2384 cui
994 2337 1127 2384 nomen
1145 2329 1221 2384 erat
1234 2317 1402 2384 loannes.
1419 2342 1436 2381 u
1454 2315 1575 2385 Gratia
1592 2314 1629 2383 in
1648 2315 1796 2384 nomine
1807 2311 2040 2410 comprehen-

464 2431 572 2502 ditur.
592 2436 747 2504 Joannes
764 2433 861 2503 enim
876 2434 1130 2530 interpretatur
1146 2433 1292 2502 Domini
1309 2433 1432 2526 gratia,
1444 2434 1528 2528 quia
1544 2433 1717 2527 majorem
1728 2435 1865 2529 accepit
1883 2433 2035 2528 gratiam.

464 2553 653 2647 Propterea
669 2551 705 2620 in
724 2551 871 2622 heremo
888 2551 1180 2649 philosophatur,
1200 2565 1238 2620 et
1259 2564 1415 2622 reservat
1435 2575 1478 2622 ‚se
1504 2551 1543 2621 in
1569 2550 1764 2622 adventum
1785 2549 1934 2640 Christi,
1963 2551 2036 2648 (pria

462 2669 688 2740 nuntiaturus
710 2684 788 2741 erat
802 2669 995 2740 Christum.
1021 2671 1149 2740 Statim
1170 2670 1207 2739 in
1228 2668 1377 2740 heremo
1397 2669 1571 2758 nutritur,
1592 2671 1711 2742 statim
1733 2669 1784 2740 ibi
1801 2671 1941 2740 crescit.
1965 2674 2034 2742 Nou

461 2787 537 2858 vult
553 2813 636 2858 cum
653 2788 861 2860 hominibus
877 2790 1095 2876 conversari,
1110 2790 1147 2859 in
1162 2789 1311 2861 heremo
1325 2814 1408 2860 cum
1425 2789 1557 2886 angelis
1571 2789 1858 2888 philosophatur.
1876 2817 1894 2856 u

508 2907 752 3008 Considerate,
767 2909 950 2998 monachi3
962 2910 1173 3004 dignitatem
1185 2924 1354 2999 vestram,
1368 2915 1523 2982 loannes
1535 2910 1702 3008 princeps
1713 2912 1821 2982 vestri
1834 2926 1888 2982 est
1897 2911 2033 3006 dogma-

460 3026 516 3096 tis.
537 3031 615 3123 lpse
632 3028 831 3100 monachus
848 3030 966 3100 statim
980 3043 1020 3100 ut
1036 3043 1140 3100 natus
1157 3044 1210 3100 est
1225 3031 1261 3099 in
1281 3028 1427 3101 heremo
1438 3032 1539 3120 vivit,
1550 3031 1587 3101 in
1599 3030 1747 3102 heremo
1761 3030 1930 3120 nutritur,
1944 3030 2034 3103 Chri-

460 3158 554 3214 stum
564 3161 724 3242 expectat
738 3148 773 3216 in
788 3146 992 3218 solitudine.
1012 3151 1064 3218 Eo
1078 3162 1241 3246 tempore
1256 3172 1330 3244 quo
1341 3153 1496 3221 loannes
1509 3165 1613 3222 natus
1625 3166 1690 3240 est,
1702 3166 1738 3222 ot
1746 3167 1822 3224 erat
1830 3151 1867 3222 in
1877 3153 2030 3240 heremo,

460 3263 530 3336 hoc
542 3267 717 3365 templum
727 3267 826 3362 quod
836 3267 999 3339 videmus
1015 3293 1091 3339 csse
1101 3267 1336 3358 destructum,
1348 3259 1499 3366 quantas
1514 3269 1671 3344 habebat
1686 3270 1840 3362 divitias,
1851 3274 2028 3370 quidauri,

458 3387 545 3481 quid
560 3389 709 3482 argenti,
729 3388 904 3484 losephus
921 3387 1109 3476 describit;
1128 3406 1303 3486 quantum
1321 3415 1555 3487 gemmarum,
1574 3408 1749 3490 quantum
1765 3395 1869 3464 serici
1889 3421 1898 3464 ε
1917 3393 2031 3491 quanti

459 3520 561 3573 erant
578 3504 794 3592 sacerdotes,
813 3506 936 3576 scribae
951 3521 987 3576 et
1004 3507 1168 3577 universa
1184 3533 1314 3603 genera
1329 3508 1543 3581 officiorum.
1560 3510 1686 3582 Videte
1696 3511 1884 3609 quomodo
1901 3535 2031 3609 semper

458 3622 619 3694 Christus
630 3623 868 3696 humilitatem
886 3625 1012 3722 diligit.
1032 3625 1191 3699 Christus
1208 3629 1275 3699 Dei
1290 3628 1382 3699 filius
1398 3631 1436 3700 in
1448 3630 1584 3728 templo
1602 3633 1770 3723 nescitur,
1784 3648 1819 3704 et
1836 3635 1872 3706 in
1891 3635 2030 3706 heremo

456 3740 683 3838 praedicatur.
711 3742 861 3814 Humilis
887 3744 983 3814 enim
1005 3743 1157 3816 humiles
1178 3745 1303 3842 diligit.
1332 3752 1409 3819 Hoc
1428 3763 1546 3850 totupr
1566 3753 1677 3848 q'uare
1697 3751 1800 3823 dico?
1822 3757 1868 3823 Ut
1890 3752 2030 3824 doceam

457 3858 635 3954 dogmatis
658 3863 771 3934 nostri
796 3863 996 3960 principem
1013 3887 1089 3934 esse
1110 3869 1287 3936 loannem
1303 3868 1509 3965 Baptista..
1538 3871 1603 3940 Hic
1625 3870 1730 3958 alter,
1754 3885 1794 3942 ut
1812 3871 1948 3943 dictum
1964 3885 2029 3956 est,

456 3977 549 4048 Elias
573 3981 609 4052 in
637 3981 779 4077 spiritu,
806 3983 880 4053 imo
901 3982 1061 4078 quodam
1082 3983 1266 4080 privilegio
1287 3986 1367 4056 vitae
1388 3987 1502 4082 major
1523 3987 1684 4079 habitus,
1708 3968 1808 4061 tanto
1830 3991 2032 4086 majorema

455 4099 612 4169 Domino
629 4099 778 4194 gratiam
791 4102 963 4197 percepit,
982 4116 1118 4197 quanto
1132 4101 1236 4198 hujus
1253 4103 1497 4178 excellentiam
1513 4109 1650 4203 gratita,
1668 4133 1711 4180 ex
1727 4125 1905 4207 praecepto
1921 4105 2032 4203 angeli

454 4219 676 4290 nativitatem
693 4220 768 4316 ejus
785 4222 996 4311 nuntiantis,
1010 4221 1143 4320 talique
1160 4225 1321 4314 nomine,
1336 4226 1436 4323 quod
1450 4227 1546 4300 hanc
1558 4231 1770 4328 exprimeret
1786 4231 1945 4325 gratiam,
1966 4252 2032 4298 me·

453 4338 524 4407 ruit
548 4337 722 4433 insigniri.
751 4344 831 4436 lpse
855 4364 979 4411 revera
1000 4365 1134 4436 onager
1154 4342 1244 4413 liber
1267 4344 1349 4432 suit,
1375 4347 1438 4443 qui
1457 4346 1505 4418 ab
1526 4347 1676 4421 infantia
1699 4351 1812 4446 ruptis
1838 4347 2032 4420 carnalium

452 4453 683 4526 affectionum
700 4456 863 4548 vinculis,
882 4473 1071 4556 spretaque
1087 4459 1419 4558 domoparentum,
1435 4464 1482 4536 ad
1496 4464 1684 4538 horridum
1700 4466 1837 4539 heremi
1853 4467 2033 4539 desertum

451 4596 488 4642 sc
508 4574 661 4645 contulit
680 4602 688 4644 :
709 4599 784 4647 non
806 4575 954 4674 quidem
976 4593 1015 4648 ut
1041 4577 1133 4651 Elias
1155 4595 1253 4652 metu
1274 4585 1531 4678 persecutionis
1548 4602 1710 4675 coactus,
1734 4587 1798 4658 sed
1813 4585 2032 4659 abstinentia

451 4691 580 4764 virtute
596 4709 828 4790 spontaneus.
848 4697 919 4780 Qui
935 4697 972 4766 in
990 4696 1048 4768 illa
1065 4698 1269 4789 solitudine,
1282 4726 1391 4797 quam
1406 4703 1626 4800 salsugineos
1638 4722 1674 4777 et
1684 4707 1791 4778 aridae
1802 4722 1902 4778 terrae
1916 4705 2035 4776 taber·

450 4809 618 4880 naculum
632 4811 787 4885 efficeret
802 4839 934 4912 corpus
951 4841 1069 4907 suum,
1088 4819 1279 4916 Evangelia
1295 4822 1440 4896 docent.
1462 4824 1530 4896 Ubi
1547 4826 1769 4898 naturalibus
1780 4825 1881 4915 cibis,
1898 4840 1935 4896 et
1953 4847 2033 4922 quae

482 5027 579 5091 'Epist
593 5045 665 5090 ιιιιιι,
682 5033 741 5095 Opp.
756 5043 774 5082 ι.
787 5034 829 5096 lv,
842 5045 905 5100 part.
917 5037 992 5103 ll,p.
1004 5036 1217 5100 lss.-'Thren.,
1258 5057 1341 5094 rerum
1367 5060 1421 5094 eam
1449 5045 1559 5096 invenies
1583 5047 1607 5095 in
1633 5045 1740 5096 editione
1765 5047 1839 5098 latina
1864 5061 1916 5112 quae
1936 5044 2032 5112 prodiit

448 5129 504 5175 cap.
525 5129 564 5174 nr,
585 5129 609 5164 r.
629 5119 668 5166 27.
681 5143 711 5152 —
723 5117 733 5144 ³
747 5119 804 5170 llac
817 5119 923 5172 homelia
936 5124 1019 5189 spuria
1032 5123 1152 5186 babetur,
1172 5139 1218 5176 nec
1257 5128 1372 5189 Parisiis,
1387 5131 1460 5192 tttt,
1472 5130 1569 5189 in-tot..
1581 5140 1597 5179 t.
1613 5131 1660 5192 lll,
1672 5131 1721 5182 col.
1736 5132 1791 5182 tat.

448 5195 535 5261 legitur
558 5199 581 5246 in
604 5198 751 5251 editionibus
774 5219 869 5267 graeco·
882 5205 962 5257 latinis
982 5207 1011 5256 ll.
1031 5208 1216 5273 chrysostomi3
