4520 6104
913 585 1151 686 antsdtttdt
1760 583 1830 676 lib

243 725 365 808 omnia
382 725 549 806 obeditur
567 728 617 805 ab
630 725 817 819 omnibus,
841 725 981 808 obtinet
996 727 1207 826 diaconissa,
1229 727 1298 798 Sex
1316 750 1403 801 vero
1421 723 1496 798 aliae
1512 723 1580 796 sub
1593 747 1635 796 ea
1647 777 1661 815 ,
1677 748 1766 830 quas
1780 725 1832 800 di·

242 849 356 922 cimus
379 847 567 936 officiales,
596 850 731 921 ducum
761 847 834 920 sive
868 844 1059 920 consulum
1089 841 1167 918 loca
1192 845 1389 946 possident.
1421 848 1557 916 Omnes
1576 867 1662 916 vero
1685 843 1831 942 reliquae
1957 873 1961 880 ·

242 967 435 1058 moniales,
452 993 542 1066 quas
557 992 728 1043 commus
745 966 973 1058 claustrales,
989 967 1142 1039 militum
1161 992 1284 1058 more,
1301 966 1463 1039 divinum
1474 948 1650 1066 peragunt
1667 964 1830 1064 expedite

241 1089 434 1162 servitium
457 1094 644 1166 Conuenae
661 1103 801 1180 autern,
827 1113 906 1186 quae
928 1088 1036 1162 etiam
1054 1087 1175 1180 seculo
1198 1087 1462 1194 renuntiantes,
1490 1084 1664 1184 obsequio
1693 1085 1830 1160 monia-

240 1208 328 1282 lium
345 1233 383 1284 se
401 1209 586 1300 dicarunt,
606 1207 731 1284 babitu
748 1207 909 1306 quodam
925 1209 1109 1306 religioso,
1130 1233 1205 1282 non
1224 1221 1344 1308 tamen
1362 1206 1585 1297 monastico,
1606 1205 1708 1305 quasi
1730 1205 1829 1305 pedi,-

241 1339 314 1419 tes,
335 1328 541 1416 inferiorem
559 1327 725 1402 obtinent
742 1327 905 1426 gradum.

290 1451 394 1520 Nunc
411 1471 499 1522 vero
512 1462 674 1546 superest
686 1448 843 1522 nomino
858 1448 1053 1548 inspirante
1064 1446 1171 1544 hujus
1181 1446 1314 1547 militiae
1324 1445 1457 1544 vgradus
1471 1445 1628 1544 singulos
1644 1443 1833 1536 ordinare,

240 1581 280 1640 ut
296 1567 467 1641 adversus
483 1567 771 1667 impugnationes
794 1566 1004 1640 daemonum.
1023 1592 1106 1640 vere
1131 1568 1176 1640 sit
1199 1566 1298 1666 quod
1323 1565 1453 1639 dicitur
1477 1579 1709 1638 «castrorum
1734 1564 1826 1638 acies

238 1686 415 1764 ordinata.
436 1717 454 1757 u
479 1687 528 1762 tb
546 1689 645 1788 ipso,
665 1689 839 1786 inquam,
859 1703 898 1760 ut
915 1688 1051 1762 dictum
1069 1703 1122 1762 est
1138 1689 1274 1788 capite,
1294 1686 1395 1786 quod
1408 1685 1644 1758 diaconissam
1658 1684 1823 1780 dicimus,

238 1807 345 1905 liujus
361 1810 593 1885 institutionis
614 1809 785 1897 dqcentes
804 1810 1010 1901 exordium,
1030 1810 1076 1882 de
1095 1811 1175 1910 ipsa·
1191 1811 1354 1910 primitus
1372 1809 1622 1908 disponamus,
1638 1831 1702 1906 per
1716 1831 1825 1907 quam

236 1944 322 2002 sunt
337 1929 460 2004 omnia
475 1929 712 2030 disponenda.
734 1929 848 2028 Hujus
866 1954 952 2003 vero
975 1931 1217 2021 sanctitatem,
1244 1932 1336 2003 sicut
1356 1931 1401 2019 in¹
1420 1927 1636 2028 praecedenti
1661 1927 1824 2003 memini·
1893 1985 1897 1996 .

238 2074 319 2125 mus
336 2051 506 2150 epistola,
529 2051 655 2124 beatus
673 2051 804 2125 Paulus
823 2052 1008 2150 apostolus
1023 2052 1212 2148 Timotheo
1232 2052 1410 2163 scribens,
1431 2075 1543 2150 quam
1559 2051 1777 2130 eninentem
1791 2064 1826 2120 et
1933 2144 1938 2153 Ι

237 2167 424 2268 probatam
443 2185 609 2268 oporteat
625 2194 702 2242 esse
720 2169 907 2268 diligenter
926 2171 1116 2263 describit,
1136 2171 1306 2268 dicens¹z
1331 2201 1348 2240 u
1368 2169 1483 2246 Vidua
1500 2169 1647 2269 eligatur
1665 2192 1740 2239 non
1762 2169 1826 2240 mi-

237 2313 307 2360 nus
322 2290 503 2387 sexaginta
519 2314 721 2382 annorum,
738 2315 817 2389 quar
837 2291 943 2363 suerit
960 2292 1066 2364 unius
1082 2291 1149 2364 viri
1167 2316 1278 2384 uxpr,
1301 2292 1338 2362 in
1358 2289 1528 2390 operibus
1544 2289 1652 2382 bonis
1668 2289 1826 2382 testimo·

236 2409 338 2481 nium
357 2409 517 2502 habens,
538 2411 568 2480 si
588 2409 685 2490 filios
699 2409 885 2503 educavit,
908 2412 937 2482 si
953 2411 1110 2510 hospitio
1129 2412 1263 2510 recepit
1275 2463 1300 2508 ,n
1310 2412 1340 2484 si
1366 2425 1571 2486 sanctorum
1588 2408 1698 2508 pedes
1716 2408 1829 2498 lavit,

236 2528 266 2598 si
282 2528 554 2604 tribulationem*
566 2529 782 2628 patientibus
802 2529 1102 2624 subministravit,
1123 2531 1156 2602 si
1170 2555 1280 2604 omne
1294 2555 1386 2630 opus
1402 2530 1542 2614 bonum
1558 2529 1747 2616 subsecuta
1758 2544 1831 2603 est·

235 2647 488 2722 Adulescentes
515 2663 634 2720 auten
661 2648 787 2720 viduas
813 2649 943 2722 devita.
965 2677 982 2716 u
1003 2649 1103 2720 Idem
1128 2673 1236 2746 sopra
1259 2649 1306 2726 de
1333 2650 1557 2739 diaconissis,
1580 2674 1692 2747 quum
1719 2650 1833 2720 etiam.

233 2767 476 2840 diaconorum.
489 2767 688 2840 institueret
706 2767 816 2838 vitam
836 2795 844 2838 ι
870 2767 1086 2859 «Mulieres,
1114 2797 1132 2836 u
1152 2768 1313 2864 inquit¹,
1340 2769 1535 2841 «similiter
1552 2770 1724 2868 pudicas,
1750 2795 1825 2842 non

233 2885 484 2978 detrahentes,
515 2885 670 2978 sobrias,
701 2884 823 2961 fideles
843 2888 879 2960 in
900 2885 1080 2958 omnibus.
1109 2914 1127 2953 u
1157 2890 1244 2974 Qnae
1272 2885 1419 2984 quidem
1439 2889 1561 2960 omnia
1580 2887 1669 2987 quid
1690 2885 1825 2960 intelli-

231 3008 359 3106 gentiae
376 3007 432 3079 vel
449 3006 596 3079 rationis
617 3006 795 3095 babeant,
822 3020 999 3104 quantum
1022 3006 1257 3096 aestimamus,
1284 3005 1434 3106 epistola
1452 3006 1676 3104 praecedente
1702 3024 1824 3089 nostra

230 3130 317 3200 satis
336 3126 585 3218 disseruimus,
606 3127 759 3200 manime
777 3150 842 3198 cnr
862 3149 945 3198 eam
961 3125 1157 3225 Apostolus
1179 3126 1285 3198 unius
1310 3126 1376 3197 viri
1397 3141 1433 3198 et
1450 3141 1627 3226 provectae
1646 3125 1729 3198 velit
1746 3153 1830 3228 essa¹

229 3248 355 3320 aetatis.
373 3247 478 3320 Unde
490 3271 565 3320 non
581 3246 809 3320 mediocriter
824 3245 1195 3345 miramurquomodo
1209 3246 1408 3346 perniciosa
1421 3245 1497 3318 baec
1513 3247 1550 3318 in
1570 3245 1724 3320 Ecclesia
1739 3273 1823 3323 con-

227 3369 386 3442 suetudo
403 3369 573 3462 inolevit,
594 3383 631 3441 ut
648 3393 727 3467 quae
747 3367 899 3468 virgines
918 3381 1023 3464 sunt,
1042 3366 1163 3467 potius
1181 3392 1290 3466 quam
1307 3391 1386 3465 quae
1401 3367 1497 3439 viros
1515 3384 1761 3464 cognoverunt
1778 3369 1831 3444 ad,

226 3488 303 3562 boc
335 3489 530 3588 eligantur,
564 3503 598 3560 et
629 3487 834 3586 frequenter
857 3487 1019 3586 juniores
1048 3487 1249 3560 senioribus
1277 3487 1525 3586 praeficiantur.
1557 3491 1678 3573 Quum
1704 3503 1824 3560 tamen

224 3608 460 3682 Ecclesiastes
477 3608 619 3680 dicat⁸r
643 3637 661 3677 u
678 3612 738 3679 Vae
762 3607 837 3698 tibi,
859 3623 973 3696 terra,
994 3609 1095 3705 eujus
1117 3633 1178 3680 rex
1200 3633 1291 3706 puer
1307 3624 1371 3680 est.
1393 3635 1410 3676 u
1434 3613 1478 3679 Et
1495 3633 1608 3705 quum
1627 3608 1713 3680 illud
1729 3608 1824 3680 beati

222 3729 324 3800 lob*
341 3754 467 3802 omnes
486 3731 619 3830 pariter
637 3727 904 3827 approbemus:
929 3757 947 3798 κ
964 3733 1004 3800 Ιι]
1023 3729 1178 3825 antiquis
1196 3743 1249 3810 est
1271 3729 1461 3828 sapientia,
1483 3743 1519 3800 et
1541 3729 1577 3799 in
1598 3728 1712 3800 multo
1737 3744 1824 3802 tem·

220 3873 321 3948 pore
338 3850 541 3948 prudentia.
563 3878 580 3915 u
600 3849 691 3920 Hinc
710 3863 744 3920 et
762 3849 799 3919 in
816 3846 1013 3920 Proverbiis
1039 3847 1212 3944 scriptum
1230 3851 1308 3918 est⁸
1330 3875 1337 3917 :
1359 3837 1380 3916 u
1395 3851 1538 3920 Corona
1562 3848 1739 3948 dignitatis
1762 3875 1822 3921 se·
1949 3902 1951 3910 .

219 3982 378 4056 nectus,
400 3992 479 4066 quae
496 3970 532 4040 in
547 3968 611 4039 viis
619 3967 761 4064 justitiae
777 3967 1013 4065 reperiente.»
1035 3971 1077 4036 Et
1095 3966 1131 4037 in
1146 3965 1414 4038 Ecclesiastico·
1432 3995 1439 4038 :
1460 3971 1605 4056 «Quam
1621 3970 1821 4066 speciosum

216 4090 373 4162 canitiei
380 4088 569 4186 judicium,
589 4103 624 4161 et
637 4115 659 4161 a
674 4087 888 4186 presbyteris
901 4113 1117 4186 cognoscere
1130 4086 1336 4180 consiliuml
1355 4092 1473 4177 Quam
1485 4090 1644 4187 speciosa
1662 4093 1820 4161 veterani

213 4211 421 4308 sapientia,
442 4225 478 4282 et
494 4209 668 4307 gloriosus
686 4208 903 4294 intellectus,
930 4224 965 4282 et
985 4208 1197 4300 consilium,
1229 4232 1365 4281 corona
1389 4207 1539 4282 senum!
1567 4209 1676 4282 Multa
1694 4213 1821 4307 peritia

214 4347 263 4404 et
282 4330 395 4430 gloria
409 4329 553 4403 illorum
569 4331 677 4403 timor
695 4330 772 4402 Dei.
792 4357 810 4396 u
833 4334 920 4400 ltem
935 4334 969 4400 ⁷:
993 4359 1010 4398 u
1028 4335 1206 4430 Loquere,
1228 4327 1342 4426 major
1360 4343 1466 4421 natu,
1491 4327 1594 4400 decet
1612 4329 1708 4400 enim
1719 4344 1814 4400 te...

212 4450 468 4524 Adolescens·
484 4450 633 4548 loquere
651 4451 687 4522 in
706 4464 766 4520 tua
784 4473 911 4539 causa,
934 4450 994 4521 vis
1012 4473 1125 4547 quum
1146 4473 1289 4522 necesse
1308 4448 1424 4522 suerit.
1451 4448 1558 4521 Sibis
1582 4450 1817 4546 interrogatus

211 4571 360 4659 literis,
381 4570 511 4643 habeat
529 4585 636 4669 caput
655 4594 868 4668 responsum
884 4585 998 4641 tuum.
1020 4574 1061 4641 In
1082 4569 1202 4642 multis
1220 4584 1295 4644 esto
1317 4570 1419 4667 quasi
1439 4569 1591 4658 inscius,
1617 4582 1653 4639 et
1669 4567 1753 4642 audi
1768 4584 1817 4641 ta-

208 4715 318 4764 cens
334 4691 440 4762 simul
457 4705 491 4762 et
508 4714 691 4790 quaerens,
713 4703 750 4763 et
765 4689 864 4788 loqui
883 4690 920 4760 in
940 4690 1060 4765 medio
1086 4693 1355 4789 magnatorum·
1372 4715 1447 4764 non
1468 4712 1678 4788 praesumas,
1697 4668 1737 4790 qt
1757 4689 1819 4775 ubi

205 4825 318 4885 sunt
334 4835 458 4902 senes,
482 4836 556 4883 non
577 4810 729 4882 multum
746 4809 916 4908 loquaris.
936 4838 954 4880 u
982 4810 1087 4884 Unde
1102 4826 1139 4884 et
1155 4810 1351 4910 presbyteri
1370 4813 1430 4912 qui
1457 4811 1494 4908 in
1515 4808 1661 4882 ecclesia
1680 4810 1816 4920 populo

251 5045 261 5070 ¹
294 5041 400 5093 matt.
414 5044 439 5100 1,
459 5057 513 5108 cap.
535 5058 559 5105 r,
580 5057 604 5092 ι.
618 5043 652 5103 9,
666 5043 693 5090 10
705 5052 730 5092 ιιι
744 5046 823 5092 tta·-
834 5039 845 5068 ¹
858 5043 960 5093 ΤιιιοιΙι.
980 5043 1007 5102 1,
1040 5056 1096 5108 cap.
1111 5058 1172 5105 xxv,
1184 5058 1207 5095 ι.
1223 5045 1282 5104 6,‘t
1297 5053 1322 5094 ct
1335 5043 1404 5092 8.-
1419 5041 1427 5068 ¹
1441 5044 1532 5102 Ereti„
1546 5056 1602 5108 cap.
1616 5043 1823 5104 minut..-

199 5148 277 5198 cap.
302 5143 345 5189 ιιι,
366 5145 390 5178 ι.
414 5132 453 5178 tt.
468 5155 497 5164 -
514 5127 524 5154 ³
538 5130 633 5188 Eorta,
654 5143 710 5194 cap.
731 5143 766 5189 x,
788 5141 812 5178 v.
837 5129 918 5176 tc.,-
929 5127 938 5152 ⁴
950 5127 1008 5185 Iob,
1041 5125 1169 5188 'lbid.,‚r.
1183 5127 1212 5177 1⁰
1226 5138 1250 5178 et
1263 5145 1301 5195 sq.
1313 5156 1341 5164 -
1353 5124 1515 5191 'loquuntur
1524 5125 1573 5178 ΜΒ.
1585 5125 1655 5178 lmb.

198 5233 276 5282 cap.
298 5229 355 5274 xn,
370 5229 395 5264 ι.
413 5215 451 5263 ¹2.
466 5241 490 5250 -
505 5212 611 5273 ⁸Pmu,
626 5228 681 5280 cap.
695 5229 750 5276 ιιι,
763 5228 785 5263 ι.
800 5213 841 5262 tt.
852 5238 884 5250 -
896 5211 1007 5272 ⁶ticeli„
