<?xml version="1.0" encoding="UTF-8"?>
<!DOCTYPE html PUBLIC "-//W3C//DTD XHTML 1.0 Transitional//EN"
    "http://www.w3.org/TR/xhtml1/DTD/xhtml1-transitional.dtd">
<html xmlns="http://www.w3.org/1999/xhtml" xml:lang="en" lang="en">
 <head>
  <title>
</title>
<meta http-equiv="Content-Type" content="text/html;charset=utf-8" />
  <meta name='ocr-system' content='tesseract 3.04.00' />
  <meta name='ocr-capabilities' content='ocr_page ocr_carea ocr_par ocr_line ocrx_word'/>
</head>
<body>
  <div class='ocr_page' id='page_1' title='image "./petriablardiope01despgoog_0126.png"; bbox 0 0 4600 6098; ppageno 0'>
   <div class='ocr_carea' id='block_1_1' title="bbox 924 575 1875 694">
    <p class='ocr_par' dir='ltr' id='par_1_1' title="bbox 924 575 1875 694">
     <span class='ocr_line' id='line_1_1' title="bbox 924 575 1875 694; baseline -0.007 -2"><span class='ocrx_word' id='word_1_1' title='bbox 924 617 1160 694; x_wconf 73' lang='lat' dir='ltr'>terracona.</span> <span class='ocrx_word' id='word_1_2' title='bbox 1767 615 1829 686; x_wconf 80' lang='lat' dir='ltr'>ur</span> <span class='ocrx_word' id='word_1_3' title='bbox 1872 575 1875 590; x_wconf 84' lang='lat'>&#39;</span> 
     </span>
    </p>
   </div>
   <div class='ocr_carea' id='block_1_2' title="bbox 138 754 1907 4911">
    <p class='ocr_par' dir='ltr' id='par_1_2' title="bbox 138 754 1907 4911">
     <span class='ocr_line' id='line_1_2' title="bbox 261 754 1837 857; baseline -0.001 -29"><span class='ocrx_word' id='word_1_4' title='bbox 261 758 391 828; x_wconf 83' lang='lat' dir='ltr'>rimurn</span> <span class='ocrx_word' id='word_1_5' title='bbox 404 777 481 828; x_wconf 85' lang='lat' dir='ltr'>esse</span> <span class='ocrx_word' id='word_1_6' title='bbox 492 755 738 848; x_wconf 82' lang='lat' dir='ltr'>considerans,</span> <span class='ocrx_word' id='word_1_7' title='bbox 753 759 965 830; x_wconf 82' lang='lat' dir='ltr'>Eustochi0¹</span> <span class='ocrx_word' id='word_1_8' title='bbox 980 760 1025 832; x_wconf 92' lang='lat' dir='ltr'>de</span> <span class='ocrx_word' id='word_1_9' title='bbox 1037 756 1237 857; x_wconf 84' lang='lat' dir='ltr'>improvisis</span> <span class='ocrx_word' id='word_1_10' title='bbox 1254 759 1467 832; x_wconf 83' lang='lat' dir='ltr'>seminarum</span> <span class='ocrx_word' id='word_1_11' title='bbox 1480 757 1572 829; x_wconf 89' lang='lat' dir='ltr'>votis</span> <span class='ocrx_word' id='word_1_12' title='bbox 1590 755 1761 844; x_wconf 87' lang='lat' dir='ltr'>consulit,</span> <span class='ocrx_word' id='word_1_13' title='bbox 1776 754 1837 826; x_wconf 78' lang='lat' dir='ltr'>bit</span> 
     </span>
     <span class='ocr_line' id='line_1_3' title="bbox 260 875 1838 976; baseline -0.002 -28"><span class='ocrx_word' id='word_1_14' title='bbox 260 876 377 948; x_wconf 89' lang='lat' dir='ltr'>verbis</span> <span class='ocrx_word' id='word_1_15' title='bbox 389 877 411 946; x_wconf 91' lang='lat'>¹.</span> <span class='ocrx_word' id='word_1_16' title='bbox 432 876 500 946; x_wconf 74' lang='lat' dir='ltr'>«si</span> <span class='ocrx_word' id='word_1_17' title='bbox 514 891 632 948; x_wconf 86' lang='lat' dir='ltr'>autern</span> <span class='ocrx_word' id='word_1_18' title='bbox 645 877 776 968; x_wconf 82' lang='lat' dir='ltr'>etillae,</span> <span class='ocrx_word' id='word_1_19' title='bbox 796 903 875 976; x_wconf 80' lang='lat' dir='ltr'>quae</span> <span class='ocrx_word' id='word_1_20' title='bbox 889 880 1041 976; x_wconf 87' lang='lat' dir='ltr'>virgines</span> <span class='ocrx_word' id='word_1_21' title='bbox 1052 896 1152 969; x_wconf 88' lang='lat' dir='ltr'>sunt,</span> <span class='ocrx_word' id='word_1_22' title='bbox 1167 879 1215 952; x_wconf 94' lang='lat' dir='ltr'>ob</span> <span class='ocrx_word' id='word_1_23' title='bbox 1228 879 1312 950; x_wconf 90' lang='lat' dir='ltr'>alias</span> <span class='ocrx_word' id='word_1_24' title='bbox 1324 892 1442 950; x_wconf 89' lang='lat' dir='ltr'>tamen</span> <span class='ocrx_word' id='word_1_25' title='bbox 1455 877 1595 975; x_wconf 87' lang='lat' dir='ltr'>culpas,</span> <span class='ocrx_word' id='word_1_26' title='bbox 1611 901 1686 948; x_wconf 92' lang='lat' dir='ltr'>uon</span> <span class='ocrx_word' id='word_1_27' title='bbox 1699 875 1838 947; x_wconf 90' lang='lat' dir='ltr'>solvan·</span> 
     </span>
     <span class='ocr_line' id='line_1_4' title="bbox 260 993 1837 1095; baseline -0.001 -29"><span class='ocrx_word' id='word_1_28' title='bbox 260 1010 343 1066; x_wconf 86' lang='lat' dir='ltr'>tur:</span> <span class='ocrx_word' id='word_1_29' title='bbox 364 993 451 1092; x_wconf 91' lang='lat' dir='ltr'>quid</span> <span class='ocrx_word' id='word_1_30' title='bbox 469 993 531 1066; x_wconf 88' lang='lat' dir='ltr'>liet</span> <span class='ocrx_word' id='word_1_31' title='bbox 550 995 634 1086; x_wconf 92' lang='lat' dir='ltr'>illis,</span> <span class='ocrx_word' id='word_1_32' title='bbox 654 1021 733 1092; x_wconf 87' lang='lat' dir='ltr'>quae</span> <span class='ocrx_word' id='word_1_33' title='bbox 747 999 1004 1095; x_wconf 86' lang='lat' dir='ltr'>prostituerunt</span> <span class='ocrx_word' id='word_1_34' title='bbox 1022 998 1181 1070; x_wconf 90' lang='lat' dir='ltr'>membra</span> <span class='ocrx_word' id='word_1_35' title='bbox 1201 998 1345 1087; x_wconf 82' lang='lat' dir='ltr'>Christi,</span> <span class='ocrx_word' id='word_1_36' title='bbox 1367 1011 1402 1068; x_wconf 90' lang='lat' dir='ltr'>et</span> <span class='ocrx_word' id='word_1_37' title='bbox 1421 1009 1648 1068; x_wconf 89' lang='lat' dir='ltr'>mutaverunt</span> <span class='ocrx_word' id='word_1_38' title='bbox 1664 993 1837 1091; x_wconf 89' lang='lat' dir='ltr'>templum</span> 
     </span>
     <span class='ocr_line' id='line_1_5' title="bbox 260 1113 1838 1214; baseline 0 -30"><span class='ocrx_word' id='word_1_39' title='bbox 260 1115 408 1212; x_wconf 87' lang='lat' dir='ltr'>Spiritus</span> <span class='ocrx_word' id='word_1_40' title='bbox 424 1115 537 1185; x_wconf 86' lang='lat' dir='ltr'>sancti</span> <span class='ocrx_word' id='word_1_41' title='bbox 549 1115 586 1185; x_wconf 94' lang='lat' dir='ltr'>in</span> <span class='ocrx_word' id='word_1_42' title='bbox 605 1113 775 1214; x_wconf 80' lang='lat' dir='ltr'>lupanari</span> <span class='ocrx_word' id='word_1_43' title='bbox 798 1118 936 1188; x_wconf 81' lang='lat' dir='ltr'>Rectius</span> <span class='ocrx_word' id='word_1_44' title='bbox 954 1116 1066 1189; x_wconf 86' lang='lat' dir='ltr'>suerat</span> <span class='ocrx_word' id='word_1_45' title='bbox 1083 1117 1223 1189; x_wconf 87' lang='lat' dir='ltr'>bomini</span> <span class='ocrx_word' id='word_1_46' title='bbox 1241 1115 1376 1188; x_wconf 87' lang='lat' dir='ltr'>subisse</span> <span class='ocrx_word' id='word_1_47' title='bbox 1394 1117 1616 1213; x_wconf 88' lang='lat' dir='ltr'>conjugium,</span> <span class='ocrx_word' id='word_1_48' title='bbox 1640 1113 1838 1187; x_wconf 82' lang='lat' dir='ltr'>ambulasse</span> 
     </span>
     <span class='ocr_line' id='line_1_6' title="bbox 204 1234 1838 1335; baseline -0.001 -30"><span class='ocrx_word' id='word_1_49' title='bbox 204 1261 208 1268; x_wconf 93' lang='lat'>·</span> <span class='ocrx_word' id='word_1_50' title='bbox 260 1259 324 1332; x_wconf 91' lang='lat' dir='ltr'>per</span> <span class='ocrx_word' id='word_1_51' title='bbox 343 1234 469 1333; x_wconf 83' lang='lat' dir='ltr'>plana,</span> <span class='ocrx_word' id='word_1_52' title='bbox 493 1251 609 1332; x_wconf 76' lang='lat' dir='ltr'>quam¹</span> <span class='ocrx_word' id='word_1_53' title='bbox 623 1234 747 1307; x_wconf 90' lang='lat' dir='ltr'>altiora</span> <span class='ocrx_word' id='word_1_54' title='bbox 766 1236 1011 1308; x_wconf 86' lang='lat' dir='ltr'>intendentem</span> <span class='ocrx_word' id='word_1_55' title='bbox 1034 1238 1073 1308; x_wconf 93' lang='lat' dir='ltr'>in</span> <span class='ocrx_word' id='word_1_56' title='bbox 1095 1235 1316 1335; x_wconf 82' lang='lat' dir='ltr'>profundum</span> <span class='ocrx_word' id='word_1_57' title='bbox 1332 1235 1461 1306; x_wconf 82' lang='lat' dir='ltr'>inferni</span> <span class='ocrx_word' id='word_1_58' title='bbox 1481 1235 1619 1308; x_wconf 91' lang='lat' dir='ltr'>cadere.</span> <span class='ocrx_word' id='word_1_59' title='bbox 1634 1263 1653 1303; x_wconf 82' lang='lat' dir='ltr'>u</span> <span class='ocrx_word' id='word_1_60' title='bbox 1678 1237 1838 1321; x_wconf 91' lang='lat' dir='ltr'>Quarum</span> 
     </span>
     <span class='ocr_line' id='line_1_7' title="bbox 260 1351 1837 1453; baseline -0.004 -27"><span class='ocrx_word' id='word_1_61' title='bbox 260 1355 365 1426; x_wconf 90' lang='lat' dir='ltr'>etiarn</span> <span class='ocrx_word' id='word_1_62' title='bbox 385 1355 578 1426; x_wconf 81' lang='lat' dir='ltr'>temerariae</span> <span class='ocrx_word' id='word_1_63' title='bbox 603 1354 814 1453; x_wconf 77' lang='lat' dir='ltr'>professioni</span> <span class='ocrx_word' id='word_1_64' title='bbox 839 1370 981 1427; x_wconf 89' lang='lat' dir='ltr'>sanctus</span> <span class='ocrx_word' id='word_1_65' title='bbox 1010 1357 1220 1453; x_wconf 71' lang='lat' dir='ltr'>Augustinus</span> <span class='ocrx_word' id='word_1_66' title='bbox 1241 1354 1450 1443; x_wconf 92' lang='lat' dir='ltr'>consulens,</span> <span class='ocrx_word' id='word_1_67' title='bbox 1474 1355 1511 1424; x_wconf 91' lang='lat' dir='ltr'>in</span> <span class='ocrx_word' id='word_1_68' title='bbox 1536 1352 1627 1424; x_wconf 93' lang='lat' dir='ltr'>libro</span> <span class='ocrx_word' id='word_1_69' title='bbox 1649 1351 1693 1423; x_wconf 85' lang='lat' dir='ltr'>de</span> <span class='ocrx_word' id='word_1_70' title='bbox 1715 1354 1837 1422; x_wconf 84' lang='lat' dir='ltr'>Conti-</span> 
     </span>
     <span class='ocr_line' id='line_1_8' title="bbox 259 1470 1839 1570; baseline -0.001 -27"><span class='ocrx_word' id='word_1_71' title='bbox 259 1475 381 1544; x_wconf 76' lang='lat' dir='ltr'>nentia</span> <span class='ocrx_word' id='word_1_72' title='bbox 395 1472 528 1544; x_wconf 69' lang='lat' dir='ltr'>viduali</span> <span class='ocrx_word' id='word_1_73' title='bbox 543 1473 589 1544; x_wconf 86' lang='lat' dir='ltr'>ad</span> <span class='ocrx_word' id='word_1_74' title='bbox 607 1473 787 1545; x_wconf 83' lang='lat' dir='ltr'>lulianum</span> <span class='ocrx_word' id='word_1_75' title='bbox 806 1475 925 1547; x_wconf 86' lang='lat' dir='ltr'>scribit</span> <span class='ocrx_word' id='word_1_76' title='bbox 948 1475 1003 1546; x_wconf 89' lang='lat' dir='ltr'>bis</span> <span class='ocrx_word' id='word_1_77' title='bbox 1025 1475 1165 1548; x_wconf 78' lang='lat' dir='ltr'>verbis·</span> <span class='ocrx_word' id='word_1_78' title='bbox 1182 1501 1189 1545; x_wconf 92' lang='lat'>:</span> <span class='ocrx_word' id='word_1_79' title='bbox 1210 1503 1229 1543; x_wconf 80' lang='lat' dir='ltr'>u</span> <span class='ocrx_word' id='word_1_80' title='bbox 1240 1477 1327 1562; x_wconf 84' lang='lat' dir='ltr'>Quae</span> <span class='ocrx_word' id='word_1_81' title='bbox 1339 1497 1414 1546; x_wconf 92' lang='lat' dir='ltr'>non</span> <span class='ocrx_word' id='word_1_82' title='bbox 1428 1475 1535 1570; x_wconf 86' lang='lat' dir='ltr'>coepit</span> <span class='ocrx_word' id='word_1_83' title='bbox 1550 1470 1735 1562; x_wconf 88' lang='lat' dir='ltr'>deliberet,</span> <span class='ocrx_word' id='word_1_84' title='bbox 1760 1495 1839 1568; x_wconf 86' lang='lat' dir='ltr'>quae</span> 
     </span>
     <span class='ocr_line' id='line_1_9' title="bbox 259 1589 1839 1690; baseline 0 -28"><span class='ocrx_word' id='word_1_85' title='bbox 259 1615 419 1690; x_wconf 86' lang='lat' dir='ltr'>aggressa</span> <span class='ocrx_word' id='word_1_86' title='bbox 438 1603 490 1663; x_wconf 90' lang='lat' dir='ltr'>est</span> <span class='ocrx_word' id='word_1_87' title='bbox 500 1607 712 1689; x_wconf 85' lang='lat' dir='ltr'>perseveret.</span> <span class='ocrx_word' id='word_1_88' title='bbox 728 1592 830 1664; x_wconf 89' lang='lat' dir='ltr'>Nulla</span> <span class='ocrx_word' id='word_1_89' title='bbox 843 1593 1045 1666; x_wconf 84' lang='lat' dir='ltr'>adversario</span> <span class='ocrx_word' id='word_1_90' title='bbox 1058 1594 1161 1666; x_wconf 90' lang='lat' dir='ltr'>detur</span> <span class='ocrx_word' id='word_1_91' title='bbox 1174 1593 1332 1683; x_wconf 79' lang='lat' dir='ltr'>occasio,</span> <span class='ocrx_word' id='word_1_92' title='bbox 1348 1591 1447 1664; x_wconf 92' lang='lat' dir='ltr'>nulla</span> <span class='ocrx_word' id='word_1_93' title='bbox 1459 1591 1599 1663; x_wconf 89' lang='lat' dir='ltr'>Christo</span> <span class='ocrx_word' id='word_1_94' title='bbox 1615 1589 1839 1689; x_wconf 85' lang='lat' dir='ltr'>subtrahatur</span> 
     </span>
     <span class='ocr_line' id='line_1_10' title="bbox 259 1707 1838 1797; baseline -0.001 -17"><span class='ocrx_word' id='word_1_95' title='bbox 259 1709 404 1782; x_wconf 88' lang='lat' dir='ltr'>oblatio.</span> <span class='ocrx_word' id='word_1_96' title='bbox 424 1737 443 1778; x_wconf 81' lang='lat' dir='ltr'>u</span> <span class='ocrx_word' id='word_1_97' title='bbox 465 1711 556 1782; x_wconf 87' lang='lat' dir='ltr'>ilinc</span> <span class='ocrx_word' id='word_1_98' title='bbox 569 1711 676 1782; x_wconf 88' lang='lat' dir='ltr'>etiam</span> <span class='ocrx_word' id='word_1_99' title='bbox 694 1735 850 1783; x_wconf 89' lang='lat' dir='ltr'>canones</span> <span class='ocrx_word' id='word_1_100' title='bbox 863 1727 992 1784; x_wconf 87' lang='lat' dir='ltr'>nostrae</span> <span class='ocrx_word' id='word_1_101' title='bbox 1005 1711 1199 1784; x_wconf 84' lang='lat' dir='ltr'>infirmitati</span> <span class='ocrx_word' id='word_1_102' title='bbox 1212 1711 1440 1784; x_wconf 86' lang='lat' dir='ltr'>consulentes</span> <span class='ocrx_word' id='word_1_103' title='bbox 1450 1709 1702 1797; x_wconf 83' lang='lat' dir='ltr'>decreverunt,</span> <span class='ocrx_word' id='word_1_104' title='bbox 1720 1707 1838 1779; x_wconf 89' lang='lat' dir='ltr'>diaeo-</span> 
     </span>
     <span class='ocr_line' id='line_1_11' title="bbox 259 1826 1840 1926; baseline -0.001 -27"><span class='ocrx_word' id='word_1_105' title='bbox 259 1830 368 1900; x_wconf 88' lang='lat' dir='ltr'>nissas</span> <span class='ocrx_word' id='word_1_106' title='bbox 388 1843 471 1901; x_wconf 90' lang='lat' dir='ltr'>ante</span> <span class='ocrx_word' id='word_1_107' title='bbox 489 1829 723 1926; x_wconf 86' lang='lat' dir='ltr'>quadraginta</span> <span class='ocrx_word' id='word_1_108' title='bbox 737 1853 851 1902; x_wconf 88' lang='lat' dir='ltr'>annos</span> <span class='ocrx_word' id='word_1_109' title='bbox 865 1830 1023 1904; x_wconf 88' lang='lat' dir='ltr'>ordinari</span> <span class='ocrx_word' id='word_1_110' title='bbox 1039 1857 1112 1902; x_wconf 93' lang='lat' dir='ltr'>non</span> <span class='ocrx_word' id='word_1_111' title='bbox 1126 1831 1275 1920; x_wconf 88' lang='lat' dir='ltr'>debere,</span> <span class='ocrx_word' id='word_1_112' title='bbox 1297 1845 1333 1902; x_wconf 90' lang='lat' dir='ltr'>et</span> <span class='ocrx_word' id='word_1_113' title='bbox 1345 1830 1416 1902; x_wconf 91' lang='lat' dir='ltr'>boc</span> <span class='ocrx_word' id='word_1_114' title='bbox 1428 1853 1511 1901; x_wconf 90' lang='lat' dir='ltr'>cum</span> <span class='ocrx_word' id='word_1_115' title='bbox 1529 1828 1688 1925; x_wconf 82' lang='lat' dir='ltr'>diligenti</span> <span class='ocrx_word' id='word_1_116' title='bbox 1709 1826 1840 1926; x_wconf 87' lang='lat' dir='ltr'>proba-</span> 
     </span>
     <span class='ocr_line' id='line_1_12' title="bbox 258 1947 1838 2048; baseline -0.002 -29"><span class='ocrx_word' id='word_1_117' title='bbox 258 1950 375 2037; x_wconf 70' lang='lat' dir='ltr'>tione,</span> <span class='ocrx_word' id='word_1_118' title='bbox 396 1949 676 2046; x_wconf 82' lang='lat' dir='ltr'>quumaviginti</span> <span class='ocrx_word' id='word_1_119' title='bbox 696 1951 799 2022; x_wconf 86' lang='lat' dir='ltr'>annis</span> <span class='ocrx_word' id='word_1_120' title='bbox 820 1949 922 2022; x_wconf 88' lang='lat' dir='ltr'>liceat</span> <span class='ocrx_word' id='word_1_121' title='bbox 941 1949 1111 2022; x_wconf 89' lang='lat' dir='ltr'>diaconos</span> <span class='ocrx_word' id='word_1_122' title='bbox 1130 1951 1346 2048; x_wconf 88' lang='lat' dir='ltr'>promoveri.</span> <span class='ocrx_word' id='word_1_123' title='bbox 1365 1953 1501 2022; x_wconf 85' lang='lat' dir='ltr'>Suntet</span> <span class='ocrx_word' id='word_1_124' title='bbox 1520 1950 1580 2019; x_wconf 74' lang='lat' dir='ltr'>in*</span> <span class='ocrx_word' id='word_1_125' title='bbox 1597 1947 1838 2036; x_wconf 88' lang='lat' dir='ltr'>monasteriis,</span> 
     </span>
     <span class='ocr_line' id='line_1_13' title="bbox 258 2066 1907 2166; baseline -0.002 -28"><span class='ocrx_word' id='word_1_126' title='bbox 258 2068 321 2164; x_wconf 87' lang='lat' dir='ltr'>qui</span> <span class='ocrx_word' id='word_1_127' title='bbox 334 2066 508 2165; x_wconf 81' lang='lat' dir='ltr'>regulares</span> <span class='ocrx_word' id='word_1_128' title='bbox 519 2067 688 2139; x_wconf 91' lang='lat' dir='ltr'>dicuntur</span> <span class='ocrx_word' id='word_1_129' title='bbox 700 2069 863 2140; x_wconf 89' lang='lat' dir='ltr'>canonici</span> <span class='ocrx_word' id='word_1_130' title='bbox 875 2070 970 2140; x_wconf 80' lang='lat' dir='ltr'>beati</span> <span class='ocrx_word' id='word_1_131' title='bbox 985 2070 1167 2166; x_wconf 80' lang='lat' dir='ltr'>Augustini</span> <span class='ocrx_word' id='word_1_132' title='bbox 1179 2069 1391 2166; x_wconf 88' lang='lat' dir='ltr'>quamdam,</span> <span class='ocrx_word' id='word_1_133' title='bbox 1408 2083 1446 2140; x_wconf 93' lang='lat' dir='ltr'>ut</span> <span class='ocrx_word' id='word_1_134' title='bbox 1458 2069 1569 2156; x_wconf 85' lang='lat' dir='ltr'>aiunt,</span> <span class='ocrx_word' id='word_1_135' title='bbox 1587 2066 1744 2163; x_wconf 90' lang='lat' dir='ltr'>regulam</span> <span class='ocrx_word' id='word_1_136' title='bbox 1755 2091 1840 2163; x_wconf 92' lang='lat' dir='ltr'>pro-</span> <span class='ocrx_word' id='word_1_137' title='bbox 1896 2103 1907 2118; x_wconf 90' lang='lat'><strong>·</strong></span> 
     </span>
     <span class='ocr_line' id='line_1_14' title="bbox 259 2186 1840 2285; baseline -0.002 -27"><span class='ocrx_word' id='word_1_138' title='bbox 259 2187 415 2276; x_wconf 87' lang='lat' dir='ltr'>fitentes,</span> <span class='ocrx_word' id='word_1_139' title='bbox 431 2187 494 2285; x_wconf 92' lang='lat' dir='ltr'>qui</span> <span class='ocrx_word' id='word_1_140' title='bbox 511 2211 548 2258; x_wconf 89' lang='lat' dir='ltr'>se</span> <span class='ocrx_word' id='word_1_141' title='bbox 565 2187 749 2260; x_wconf 75' lang='lat' dir='ltr'>inferiores</span> <span class='ocrx_word' id='word_1_142' title='bbox 765 2187 952 2260; x_wconf 88' lang='lat' dir='ltr'>monachis</span> <span class='ocrx_word' id='word_1_143' title='bbox 968 2189 1168 2260; x_wconf 90' lang='lat' dir='ltr'>nullatenus</span> <span class='ocrx_word' id='word_1_144' title='bbox 1181 2188 1409 2280; x_wconf 82' lang='lat' dir='ltr'>arbitrantur,</span> <span class='ocrx_word' id='word_1_145' title='bbox 1429 2186 1510 2258; x_wconf 88' lang='lat' dir='ltr'>licet</span> <span class='ocrx_word' id='word_1_146' title='bbox 1523 2211 1585 2259; x_wconf 87' lang='lat' dir='ltr'>eos</span> <span class='ocrx_word' id='word_1_147' title='bbox 1599 2200 1634 2258; x_wconf 92' lang='lat' dir='ltr'>et</span> <span class='ocrx_word' id='word_1_148' title='bbox 1654 2186 1748 2256; x_wconf 84' lang='lat' dir='ltr'>vesci</span> <span class='ocrx_word' id='word_1_149' title='bbox 1766 2209 1840 2256; x_wconf 91' lang='lat' dir='ltr'>car·</span> 
     </span>
     <span class='ocr_line' id='line_1_15' title="bbox 258 2305 1841 2406; baseline -0.001 -28"><span class='ocrx_word' id='word_1_150' title='bbox 258 2305 362 2378; x_wconf 87' lang='lat' dir='ltr'>nibus</span> <span class='ocrx_word' id='word_1_151' title='bbox 386 2321 422 2378; x_wconf 89' lang='lat' dir='ltr'>et</span> <span class='ocrx_word' id='word_1_152' title='bbox 447 2305 550 2378; x_wconf 92' lang='lat' dir='ltr'>lineis</span> <span class='ocrx_word' id='word_1_153' title='bbox 575 2307 626 2378; x_wconf 91' lang='lat' dir='ltr'>uti</span> <span class='ocrx_word' id='word_1_154' title='bbox 651 2307 848 2379; x_wconf 89' lang='lat' dir='ltr'>videamus.</span> <span class='ocrx_word' id='word_1_155' title='bbox 876 2311 1038 2395; x_wconf 89' lang='lat' dir='ltr'>Quorum</span> <span class='ocrx_word' id='word_1_156' title='bbox 1064 2308 1210 2406; x_wconf 87' lang='lat' dir='ltr'>quidem</span> <span class='ocrx_word' id='word_1_157' title='bbox 1237 2309 1403 2380; x_wconf 87' lang='lat' dir='ltr'>virtutem</span> <span class='ocrx_word' id='word_1_158' title='bbox 1428 2309 1456 2379; x_wconf 90' lang='lat' dir='ltr'>si</span> <span class='ocrx_word' id='word_1_159' title='bbox 1484 2321 1605 2380; x_wconf 88' lang='lat' dir='ltr'>nostra</span> <span class='ocrx_word' id='word_1_160' title='bbox 1627 2329 1809 2402; x_wconf 70' lang='lat' dir='ltr'>exaequare</span> <span class='ocrx_word' id='word_1_161' title='bbox 1830 2309 1841 2344; x_wconf 81' lang='lat'>⁸</span> 
     </span>
     <span class='ocr_line' id='line_1_16' title="bbox 258 2423 1841 2527; baseline -0.001 -31"><span class='ocrx_word' id='word_1_162' title='bbox 258 2423 443 2498; x_wconf 84' lang='lat' dir='ltr'>infirmitas</span> <span class='ocrx_word' id='word_1_163' title='bbox 468 2440 608 2524; x_wconf 88' lang='lat' dir='ltr'>posset,</span> <span class='ocrx_word' id='word_1_164' title='bbox 637 2428 800 2524; x_wconf 92' lang='lat' dir='ltr'>nunquid</span> <span class='ocrx_word' id='word_1_165' title='bbox 821 2451 889 2527; x_wconf 89' lang='lat' dir='ltr'>pro</span> <span class='ocrx_word' id='word_1_166' title='bbox 909 2429 1059 2500; x_wconf 93' lang='lat' dir='ltr'>minimo</span> <span class='ocrx_word' id='word_1_167' title='bbox 1080 2427 1287 2500; x_wconf 90' lang='lat' dir='ltr'>habendum</span> <span class='ocrx_word' id='word_1_168' title='bbox 1307 2427 1421 2500; x_wconf 83' lang='lat' dir='ltr'>esset?</span> <span class='ocrx_word' id='word_1_169' title='bbox 1445 2431 1491 2498; x_wconf 92' lang='lat' dir='ltr'>Ut</span> <span class='ocrx_word' id='word_1_170' title='bbox 1512 2441 1631 2499; x_wconf 90' lang='lat' dir='ltr'>autem</span> <span class='ocrx_word' id='word_1_171' title='bbox 1651 2424 1779 2496; x_wconf 81' lang='lat' dir='ltr'>nobis⁸</span> <span class='ocrx_word' id='word_1_172' title='bbox 1796 2425 1841 2496; x_wconf 90' lang='lat' dir='ltr'>de</span> 
     </span>
     <span class='ocr_line' id='line_1_17' title="bbox 138 2543 1841 2652; baseline 0.001 -36"><span class='ocrx_word' id='word_1_173' title='bbox 138 2547 144 2558; x_wconf 85' lang='lat'>&#39;</span> <span class='ocrx_word' id='word_1_174' title='bbox 258 2545 426 2618; x_wconf 85' lang='lat' dir='ltr'>omnibus</span> <span class='ocrx_word' id='word_1_175' title='bbox 446 2543 535 2617; x_wconf 88' lang='lat' dir='ltr'>cibis</span> <span class='ocrx_word' id='word_1_176' title='bbox 562 2547 672 2618; x_wconf 86' lang='lat' dir='ltr'>tutius</span> <span class='ocrx_word' id='word_1_177' title='bbox 694 2571 736 2618; x_wconf 91' lang='lat' dir='ltr'>ac</span> <span class='ocrx_word' id='word_1_178' title='bbox 758 2546 872 2619; x_wconf 91' lang='lat' dir='ltr'>lenius</span> <span class='ocrx_word' id='word_1_179' title='bbox 896 2547 1135 2649; x_wconf 82' lang='lat' dir='ltr'>indulgeatur,</span> <span class='ocrx_word' id='word_1_180' title='bbox 1158 2549 1235 2649; x_wconf 89' lang='lat' dir='ltr'>ipsa</span> <span class='ocrx_word' id='word_1_181' title='bbox 1259 2571 1406 2652; x_wconf 87' lang='lat' dir='ltr'>quoque</span> <span class='ocrx_word' id='word_1_182' title='bbox 1421 2563 1547 2620; x_wconf 91' lang='lat' dir='ltr'>natura</span> <span class='ocrx_word' id='word_1_183' title='bbox 1562 2546 1733 2645; x_wconf 86' lang='lat' dir='ltr'>providit,</span> <span class='ocrx_word' id='word_1_184' title='bbox 1763 2571 1841 2642; x_wconf 84' lang='lat' dir='ltr'>quae</span> 
     </span>
     <span class='ocr_line' id='line_1_18' title="bbox 258 2663 1841 2765; baseline 0 -31"><span class='ocrx_word' id='word_1_185' title='bbox 258 2663 390 2760; x_wconf 89' lang='lat' dir='ltr'>majore</span> <span class='ocrx_word' id='word_1_186' title='bbox 413 2663 546 2736; x_wconf 86' lang='lat' dir='ltr'>scilicet</span> <span class='ocrx_word' id='word_1_187' title='bbox 567 2664 766 2738; x_wconf 82' lang='lat' dir='ltr'>sobrietatis</span> <span class='ocrx_word' id='word_1_188' title='bbox 792 2667 922 2738; x_wconf 82' lang='lat' dir='ltr'>virtute</span> <span class='ocrx_word' id='word_1_189' title='bbox 947 2691 1071 2739; x_wconf 82' lang='lat' dir='ltr'>sexum</span> <span class='ocrx_word' id='word_1_190' title='bbox 1093 2681 1256 2739; x_wconf 90' lang='lat' dir='ltr'>nostrum</span> <span class='ocrx_word' id='word_1_191' title='bbox 1281 2667 1518 2765; x_wconf 84' lang='lat' dir='ltr'>praemunivit.</span> <span class='ocrx_word' id='word_1_192' title='bbox 1544 2669 1690 2738; x_wconf 88' lang='lat' dir='ltr'>Constat</span> <span class='ocrx_word' id='word_1_193' title='bbox 1709 2666 1841 2763; x_wconf 92' lang='lat' dir='ltr'>quippe</span> 
     </span>
     <span class='ocr_line' id='line_1_19' title="bbox 258 2783 1838 2884; baseline 0.001 -29"><span class='ocrx_word' id='word_1_194' title='bbox 258 2783 369 2855; x_wconf 91' lang='lat' dir='ltr'>multo</span> <span class='ocrx_word' id='word_1_195' title='bbox 383 2785 545 2881; x_wconf 89' lang='lat' dir='ltr'>parciore</span> <span class='ocrx_word' id='word_1_196' title='bbox 559 2800 705 2882; x_wconf 85' lang='lat' dir='ltr'>sumptu</span> <span class='ocrx_word' id='word_1_197' title='bbox 716 2799 752 2857; x_wconf 89' lang='lat' dir='ltr'>et</span> <span class='ocrx_word' id='word_1_198' title='bbox 765 2785 934 2858; x_wconf 88' lang='lat' dir='ltr'>alimonia</span> <span class='ocrx_word' id='word_1_199' title='bbox 948 2788 1088 2859; x_wconf 89' lang='lat' dir='ltr'>minore</span> <span class='ocrx_word' id='word_1_200' title='bbox 1101 2787 1250 2859; x_wconf 88' lang='lat' dir='ltr'>seminas</span> <span class='ocrx_word' id='word_1_201' title='bbox 1268 2811 1377 2884; x_wconf 91' lang='lat' dir='ltr'>quam</span> <span class='ocrx_word' id='word_1_202' title='bbox 1393 2788 1490 2858; x_wconf 89' lang='lat' dir='ltr'>viros</span> <span class='ocrx_word' id='word_1_203' title='bbox 1506 2786 1693 2858; x_wconf 90' lang='lat' dir='ltr'>sustentari</span> <span class='ocrx_word' id='word_1_204' title='bbox 1712 2809 1838 2884; x_wconf 91' lang='lat' dir='ltr'>posse,</span> 
     </span>
     <span class='ocr_line' id='line_1_20' title="bbox 257 2903 1841 3004; baseline 0 -31"><span class='ocrx_word' id='word_1_205' title='bbox 257 2925 396 2974; x_wconf 89' lang='lat' dir='ltr'>neceas</span> <span class='ocrx_word' id='word_1_206' title='bbox 410 2917 482 2974; x_wconf 87' lang='lat' dir='ltr'>tam</span> <span class='ocrx_word' id='word_1_207' title='bbox 496 2903 801 2976; x_wconf 80' lang='lat' dir='ltr'>leviterinebriari</span> <span class='ocrx_word' id='word_1_208' title='bbox 821 2905 967 3004; x_wconf 83' lang='lat' dir='ltr'>physica</span> <span class='ocrx_word' id='word_1_209' title='bbox 986 2921 1212 3004; x_wconf 85' lang='lat' dir='ltr'>protestatur.</span> <span class='ocrx_word' id='word_1_210' title='bbox 1231 2904 1335 2977; x_wconf 88' lang='lat' dir='ltr'>Unde</span> <span class='ocrx_word' id='word_1_211' title='bbox 1355 2917 1391 2977; x_wconf 88' lang='lat' dir='ltr'>et</span> <span class='ocrx_word' id='word_1_212' title='bbox 1408 2904 1612 2978; x_wconf 83' lang='lat' dir='ltr'>Macrobius</span> <span class='ocrx_word' id='word_1_213' title='bbox 1621 2903 1841 2974; x_wconf 85' lang='lat' dir='ltr'>Theodosius</span> 
     </span>
     <span class='ocr_line' id='line_1_21' title="bbox 257 3021 1838 3119; baseline 0.001 -27"><span class='ocrx_word' id='word_1_214' title='bbox 257 3021 546 3094; x_wconf 83' lang='lat' dir='ltr'>Saturnalinrum</span> <span class='ocrx_word' id='word_1_215' title='bbox 568 3023 661 3096; x_wconf 92' lang='lat' dir='ltr'>libro</span> <span class='ocrx_word' id='word_1_216' title='bbox 676 3027 738 3095; x_wconf 89' lang='lat' dir='ltr'>vlt</span> <span class='ocrx_word' id='word_1_217' title='bbox 761 3026 924 3096; x_wconf 87' lang='lat' dir='ltr'>meminit</span> <span class='ocrx_word' id='word_1_218' title='bbox 947 3025 1003 3096; x_wconf 90' lang='lat' dir='ltr'>bis</span> <span class='ocrx_word' id='word_1_219' title='bbox 1023 3024 1184 3098; x_wconf 74' lang='lat' dir='ltr'>verbis⁷2</span> <span class='ocrx_word' id='word_1_220' title='bbox 1209 3053 1228 3094; x_wconf 81' lang='lat' dir='ltr'>u</span> <span class='ocrx_word' id='word_1_221' title='bbox 1243 3023 1446 3096; x_wconf 77' lang='lat' dir='ltr'>Aristoteles</span> <span class='ocrx_word' id='word_1_222' title='bbox 1469 3051 1477 3095; x_wconf 74' lang='grc' dir='ltr'><strong><em>ε</em></strong></span> <span class='ocrx_word' id='word_1_223' title='bbox 1498 3023 1680 3114; x_wconf 83' lang='lat' dir='ltr'>Mulieres,</span> <span class='ocrx_word' id='word_1_224' title='bbox 1700 3022 1838 3119; x_wconf 89' lang='lat' dir='ltr'>inquit,</span> 
     </span>
     <span class='ocr_line' id='line_1_22' title="bbox 258 3140 1841 3242; baseline 0 -30"><span class='ocrx_word' id='word_1_225' title='bbox 258 3165 341 3212; x_wconf 90' lang='lat' dir='ltr'>raro</span> <span class='ocrx_word' id='word_1_226' title='bbox 360 3141 621 3232; x_wconf 78' lang='lat' dir='ltr'>inebriantur‘,</span> <span class='ocrx_word' id='word_1_227' title='bbox 648 3143 775 3216; x_wconf 90' lang='lat' dir='ltr'>crebro</span> <span class='ocrx_word' id='word_1_228' title='bbox 795 3168 909 3217; x_wconf 84' lang='lat' dir='ltr'>senes.</span> <span class='ocrx_word' id='word_1_229' title='bbox 937 3144 1063 3216; x_wconf 84' lang='lat' dir='ltr'>Mulier</span> <span class='ocrx_word' id='word_1_230' title='bbox 1088 3144 1356 3216; x_wconf 86' lang='lat' dir='ltr'>humectissimo</span> <span class='ocrx_word' id='word_1_231' title='bbox 1374 3159 1428 3215; x_wconf 87' lang='lat' dir='ltr'>est</span> <span class='ocrx_word' id='word_1_232' title='bbox 1449 3167 1613 3242; x_wconf 89' lang='lat' dir='ltr'>corpore.</span> <span class='ocrx_word' id='word_1_233' title='bbox 1634 3146 1747 3213; x_wconf 89' lang='lat' dir='ltr'>Docet</span> <span class='ocrx_word' id='word_1_234' title='bbox 1769 3140 1841 3212; x_wconf 89' lang='lat' dir='ltr'>boe</span> 
     </span>
     <span class='ocr_line' id='line_1_23' title="bbox 258 3259 1841 3364; baseline 0 -32"><span class='ocrx_word' id='word_1_235' title='bbox 258 3276 293 3332; x_wconf 88' lang='lat' dir='ltr'>et</span> <span class='ocrx_word' id='word_1_236' title='bbox 310 3259 433 3334; x_wconf 83' lang='lat' dir='ltr'>levitas</span> <span class='ocrx_word' id='word_1_237' title='bbox 446 3263 536 3334; x_wconf 86' lang='lat' dir='ltr'>cutis</span> <span class='ocrx_word' id='word_1_238' title='bbox 550 3279 585 3335; x_wconf 92' lang='lat' dir='ltr'>et</span> <span class='ocrx_word' id='word_1_239' title='bbox 597 3261 780 3361; x_wconf 87' lang='lat' dir='ltr'>splendor.</span> <span class='ocrx_word' id='word_1_240' title='bbox 795 3267 934 3336; x_wconf 89' lang='lat' dir='ltr'>Docent</span> <span class='ocrx_word' id='word_1_241' title='bbox 949 3265 1127 3364; x_wconf 64' lang='lat' dir='ltr'>precipue</span> <span class='ocrx_word' id='word_1_242' title='bbox 1144 3263 1291 3336; x_wconf 79' lang='lat' dir='ltr'>assiduae</span> <span class='ocrx_word' id='word_1_243' title='bbox 1308 3264 1536 3361; x_wconf 81' lang='lat' dir='ltr'>purgationes</span> <span class='ocrx_word' id='word_1_244' title='bbox 1557 3263 1738 3360; x_wconf 87' lang='lat' dir='ltr'>superfluo</span> <span class='ocrx_word' id='word_1_245' title='bbox 1756 3285 1841 3333; x_wconf 80' lang='lat' dir='ltr'>exo-</span> 
     </span>
     <span class='ocr_line' id='line_1_24' title="bbox 192 3379 1842 3481; baseline 0.001 -32"><span class='ocrx_word' id='word_1_246' title='bbox 192 3391 202 3410; x_wconf 84' lang='lat'><strong>·</strong></span> <span class='ocrx_word' id='word_1_247' title='bbox 256 3394 421 3452; x_wconf 88' lang='lat' dir='ltr'>nerantes</span> <span class='ocrx_word' id='word_1_248' title='bbox 447 3403 578 3479; x_wconf 85' lang='lat' dir='ltr'>corpus</span> <span class='ocrx_word' id='word_1_249' title='bbox 607 3380 773 3454; x_wconf 82' lang='lat' dir='ltr'>humore.</span> <span class='ocrx_word' id='word_1_250' title='bbox 800 3385 921 3470; x_wconf 85' lang='lat' dir='ltr'>Quum</span> <span class='ocrx_word' id='word_1_251' title='bbox 948 3405 1032 3480; x_wconf 87' lang='lat' dir='ltr'>ergo</span> <span class='ocrx_word' id='word_1_252' title='bbox 1060 3395 1206 3481; x_wconf 89' lang='lat' dir='ltr'>epotum</span> <span class='ocrx_word' id='word_1_253' title='bbox 1227 3383 1352 3453; x_wconf 83' lang='lat' dir='ltr'>vinum</span> <span class='ocrx_word' id='word_1_254' title='bbox 1373 3383 1410 3454; x_wconf 90' lang='lat' dir='ltr'>in</span> <span class='ocrx_word' id='word_1_255' title='bbox 1427 3396 1502 3452; x_wconf 89' lang='lat' dir='ltr'>tam</span> <span class='ocrx_word' id='word_1_256' title='bbox 1519 3379 1656 3477; x_wconf 89' lang='lat' dir='ltr'>largum</span> <span class='ocrx_word' id='word_1_257' title='bbox 1676 3379 1842 3452; x_wconf 86' lang='lat' dir='ltr'>ceciderit</span> 
     </span>
     <span class='ocr_line' id='line_1_25' title="bbox 257 3497 1840 3600; baseline 0.001 -32"><span class='ocrx_word' id='word_1_258' title='bbox 257 3497 471 3590; x_wconf 91' lang='lat' dir='ltr'>humorem,</span> <span class='ocrx_word' id='word_1_259' title='bbox 494 3502 568 3572; x_wconf 86' lang='lat' dir='ltr'>vim</span> <span class='ocrx_word' id='word_1_260' title='bbox 593 3525 695 3572; x_wconf 88' lang='lat' dir='ltr'>suam</span> <span class='ocrx_word' id='word_1_261' title='bbox 723 3502 857 3600; x_wconf 87' lang='lat' dir='ltr'>perdit,</span> <span class='ocrx_word' id='word_1_262' title='bbox 890 3526 957 3574; x_wconf 91' lang='lat' dir='ltr'>nec</span> <span class='ocrx_word' id='word_1_263' title='bbox 982 3502 1083 3574; x_wconf 76' lang='lat' dir='ltr'>Facile</span> <span class='ocrx_word' id='word_1_264' title='bbox 1112 3501 1251 3574; x_wconf 87' lang='lat' dir='ltr'>cerebri</span> <span class='ocrx_word' id='word_1_265' title='bbox 1281 3501 1403 3574; x_wconf 91' lang='lat' dir='ltr'>sedern</span> <span class='ocrx_word' id='word_1_266' title='bbox 1429 3500 1509 3572; x_wconf 83' lang='lat' dir='ltr'>sen&#39;t</span> <span class='ocrx_word' id='word_1_267' title='bbox 1535 3499 1740 3571; x_wconf 79' lang='lat' dir='ltr'>fortitudine</span> <span class='ocrx_word' id='word_1_268' title='bbox 1765 3499 1840 3594; x_wconf 91' lang='lat' dir='ltr'>ejus</span> 
     </span>
     <span class='ocr_line' id='line_1_26' title="bbox 256 3616 1840 3720; baseline 0.001 -34"><span class='ocrx_word' id='word_1_269' title='bbox 256 3617 420 3689; x_wconf 79' lang='lat' dir='ltr'>extincta.</span> <span class='ocrx_word' id='word_1_270' title='bbox 438 3645 456 3686; x_wconf 84' lang='lat' dir='ltr'>n</span> <span class='ocrx_word' id='word_1_271' title='bbox 478 3620 607 3689; x_wconf 73' lang='lat' dir='ltr'>ltem⁹2</span> <span class='ocrx_word' id='word_1_272' title='bbox 627 3619 834 3692; x_wconf 84' lang='lat' dir='ltr'>«Muliebre</span> <span class='ocrx_word' id='word_1_273' title='bbox 852 3645 983 3720; x_wconf 89' lang='lat' dir='ltr'>corpus</span> <span class='ocrx_word' id='word_1_274' title='bbox 996 3620 1129 3694; x_wconf 87' lang='lat' dir='ltr'>crebris</span> <span class='ocrx_word' id='word_1_275' title='bbox 1143 3619 1415 3718; x_wconf 87' lang='lat' dir='ltr'>purgationibus</span> <span class='ocrx_word' id='word_1_276' title='bbox 1432 3619 1658 3717; x_wconf 90' lang='lat' dir='ltr'>deputatum,</span> <span class='ocrx_word' id='word_1_277' title='bbox 1679 3616 1840 3718; x_wconf 87' lang='lat' dir='ltr'>pluribus</span> 
     </span>
     <span class='ocr_line' id='line_1_27' title="bbox 256 3737 1840 3839; baseline 0.001 -32"><span class='ocrx_word' id='word_1_278' title='bbox 256 3751 460 3808; x_wconf 84' lang='lat' dir='ltr'>consertum</span> <span class='ocrx_word' id='word_1_279' title='bbox 478 3737 711 3810; x_wconf 77' lang='lat' dir='ltr'>foraminibus</span> <span class='ocrx_word' id='word_1_280' title='bbox 726 3755 764 3812; x_wconf 86' lang='lat' dir='ltr'>ut</span> <span class='ocrx_word' id='word_1_281' title='bbox 782 3755 901 3838; x_wconf 90' lang='lat' dir='ltr'>pateat</span> <span class='ocrx_word' id='word_1_282' title='bbox 918 3743 955 3812; x_wconf 92' lang='lat' dir='ltr'>in</span> <span class='ocrx_word' id='word_1_283' title='bbox 968 3755 1125 3831; x_wconf 89' lang='lat' dir='ltr'>meatus,</span> <span class='ocrx_word' id='word_1_284' title='bbox 1142 3757 1177 3812; x_wconf 90' lang='lat' dir='ltr'>et</span> <span class='ocrx_word' id='word_1_285' title='bbox 1189 3741 1264 3811; x_wconf 80' lang='lat' dir='ltr'>vias</span> <span class='ocrx_word' id='word_1_286' title='bbox 1277 3739 1433 3839; x_wconf 74' lang='lat' dir='ltr'>prebeat</span> <span class='ocrx_word' id='word_1_287' title='bbox 1444 3739 1589 3811; x_wconf 88' lang='lat' dir='ltr'>bumori</span> <span class='ocrx_word' id='word_1_288' title='bbox 1603 3741 1639 3811; x_wconf 92' lang='lat' dir='ltr'>in</span> <span class='ocrx_word' id='word_1_289' title='bbox 1652 3739 1840 3834; x_wconf 90' lang='lat' dir='ltr'>egestionis</span> 
     </span>
     <span class='ocr_line' id='line_1_28' title="bbox 256 3859 1841 3959; baseline 0 -29"><span class='ocrx_word' id='word_1_290' title='bbox 256 3860 388 3930; x_wconf 86' lang='lat' dir='ltr'>exitum</span> <span class='ocrx_word' id='word_1_291' title='bbox 405 3859 613 3932; x_wconf 78' lang='lat' dir='ltr'>confluenti.</span> <span class='ocrx_word' id='word_1_292' title='bbox 636 3861 703 3932; x_wconf 80' lang='lat' dir='ltr'>Per</span> <span class='ocrx_word' id='word_1_293' title='bbox 717 3859 796 3933; x_wconf 84' lang='lat' dir='ltr'>haec</span> <span class='ocrx_word' id='word_1_294' title='bbox 813 3860 989 3934; x_wconf 84' lang='lat' dir='ltr'>foramina</span> <span class='ocrx_word' id='word_1_295' title='bbox 1007 3886 1118 3959; x_wconf 85' lang='lat' dir='ltr'>vapor</span> <span class='ocrx_word' id='word_1_296' title='bbox 1132 3861 1206 3932; x_wconf 86' lang='lat' dir='ltr'>vini</span> <span class='ocrx_word' id='word_1_297' title='bbox 1219 3861 1380 3933; x_wconf 87' lang='lat' dir='ltr'>celeriter</span> <span class='ocrx_word' id='word_1_298' title='bbox 1394 3861 1583 3933; x_wconf 88' lang='lat' dir='ltr'>evanescit.</span> <span class='ocrx_word' id='word_1_299' title='bbox 1603 3864 1736 3932; x_wconf 88' lang='lat' dir='ltr'>Contra</span> <span class='ocrx_word' id='word_1_300' title='bbox 1750 3861 1841 3932; x_wconf 88' lang='lat' dir='ltr'>seui-</span> 
     </span>
     <span class='ocr_line' id='line_1_29' title="bbox 254 3977 1840 4079; baseline 0.002 -31"><span class='ocrx_word' id='word_1_301' title='bbox 254 3977 321 4049; x_wconf 90' lang='lat' dir='ltr'>bus</span> <span class='ocrx_word' id='word_1_302' title='bbox 341 3979 476 4050; x_wconf 89' lang='lat' dir='ltr'>siccum</span> <span class='ocrx_word' id='word_1_303' title='bbox 496 3995 547 4051; x_wconf 90' lang='lat' dir='ltr'>est</span> <span class='ocrx_word' id='word_1_304' title='bbox 566 4003 715 4078; x_wconf 86' lang='lat' dir='ltr'>corpus,</span> <span class='ocrx_word' id='word_1_305' title='bbox 738 3979 838 4078; x_wconf 90' lang='lat' dir='ltr'>quod</span> <span class='ocrx_word' id='word_1_306' title='bbox 858 3981 987 4079; x_wconf 90' lang='lat' dir='ltr'>probat</span> <span class='ocrx_word' id='word_1_307' title='bbox 1009 3981 1178 4079; x_wconf 86' lang='lat' dir='ltr'>asperitas</span> <span class='ocrx_word' id='word_1_308' title='bbox 1199 3995 1234 4052; x_wconf 89' lang='lat' dir='ltr'>et</span> <span class='ocrx_word' id='word_1_309' title='bbox 1253 3979 1381 4052; x_wconf 86' lang='lat' dir='ltr'>scallor</span> <span class='ocrx_word' id='word_1_310' title='bbox 1403 3981 1504 4052; x_wconf 88' lang='lat' dir='ltr'>cutis.</span> <span class='ocrx_word' id='word_1_311' title='bbox 1525 4007 1543 4050; x_wconf 77' lang='lat' dir='ltr'>a</span> <span class='ocrx_word' id='word_1_312' title='bbox 1565 3983 1616 4051; x_wconf 80' lang='lat' dir='ltr'>Ex</span> <span class='ocrx_word' id='word_1_313' title='bbox 1644 3979 1699 4050; x_wconf 90' lang='lat' dir='ltr'>bis</span> <span class='ocrx_word' id='word_1_314' title='bbox 1721 3981 1840 4077; x_wconf 87' lang='lat' dir='ltr'>itaque</span> 
     </span>
     <span class='ocr_line' id='line_1_30' title="bbox 255 4095 1842 4196; baseline 0.002 -31"><span class='ocrx_word' id='word_1_315' title='bbox 255 4095 437 4193; x_wconf 91' lang='lat' dir='ltr'>perpende</span> <span class='ocrx_word' id='word_1_316' title='bbox 450 4113 586 4194; x_wconf 91' lang='lat' dir='ltr'>quanto</span> <span class='ocrx_word' id='word_1_317' title='bbox 601 4099 708 4170; x_wconf 88' lang='lat' dir='ltr'>tutius</span> <span class='ocrx_word' id='word_1_318' title='bbox 725 4123 767 4171; x_wconf 93' lang='lat' dir='ltr'>ac</span> <span class='ocrx_word' id='word_1_319' title='bbox 780 4099 908 4196; x_wconf 84' lang='lat' dir='ltr'>justius</span> <span class='ocrx_word' id='word_1_320' title='bbox 928 4114 1061 4171; x_wconf 86' lang='lat' dir='ltr'>naturae</span> <span class='ocrx_word' id='word_1_321' title='bbox 1078 4115 1114 4171; x_wconf 90' lang='lat' dir='ltr'>et</span> <span class='ocrx_word' id='word_1_322' title='bbox 1130 4098 1326 4171; x_wconf 85' lang='lat' dir='ltr'>infirmitati</span> <span class='ocrx_word' id='word_1_323' title='bbox 1341 4113 1470 4170; x_wconf 79' lang='lat' dir='ltr'>nostrae</span> <span class='ocrx_word' id='word_1_324' title='bbox 1484 4098 1585 4170; x_wconf 91' lang='lat' dir='ltr'>cibus</span> <span class='ocrx_word' id='word_1_325' title='bbox 1597 4097 1790 4196; x_wconf 80' lang='lat' dir='ltr'>quislibet¹’</span> <span class='ocrx_word' id='word_1_326' title='bbox 1806 4113 1842 4170; x_wconf 90' lang='lat' dir='ltr'>et</span> 
     </span>
     <span class='ocr_line' id='line_1_31' title="bbox 255 4213 1841 4316; baseline 0.002 -34"><span class='ocrx_word' id='word_1_327' title='bbox 255 4225 361 4308; x_wconf 87' lang='lat' dir='ltr'>potus</span> <span class='ocrx_word' id='word_1_328' title='bbox 376 4213 553 4311; x_wconf 89' lang='lat' dir='ltr'>indulgeri</span> <span class='ocrx_word' id='word_1_329' title='bbox 565 4218 693 4314; x_wconf 86' lang='lat' dir='ltr'>possit,</span> <span class='ocrx_word' id='word_1_330' title='bbox 717 4243 870 4315; x_wconf 92' lang='lat' dir='ltr'>quarum</span> <span class='ocrx_word' id='word_1_331' title='bbox 885 4213 1047 4290; x_wconf 88' lang='lat' dir='ltr'>videlicet</span> <span class='ocrx_word' id='word_1_332' title='bbox 1059 4216 1170 4290; x_wconf 90' lang='lat' dir='ltr'>corda</span> <span class='ocrx_word' id='word_1_333' title='bbox 1183 4217 1328 4316; x_wconf 85' lang='lat' dir='ltr'>crapula</span> <span class='ocrx_word' id='word_1_334' title='bbox 1346 4233 1384 4289; x_wconf 83' lang='lat' dir='ltr'>et</span> <span class='ocrx_word' id='word_1_335' title='bbox 1395 4217 1564 4290; x_wconf 89' lang='lat' dir='ltr'>ebrietate</span> <span class='ocrx_word' id='word_1_336' title='bbox 1582 4216 1717 4311; x_wconf 87' lang='lat' dir='ltr'>gravari</span> <span class='ocrx_word' id='word_1_337' title='bbox 1742 4215 1841 4286; x_wconf 81' lang='lat' dir='ltr'>facile</span> 
     </span>
     <span class='ocr_line' id='line_1_32' title="bbox 256 4333 1841 4433; baseline 0.004 -34"><span class='ocrx_word' id='word_1_338' title='bbox 256 4351 330 4399; x_wconf 90' lang='lat' dir='ltr'>non</span> <span class='ocrx_word' id='word_1_339' title='bbox 342 4345 493 4427; x_wconf 88' lang='lat' dir='ltr'>possunt</span> <span class='ocrx_word' id='word_1_340' title='bbox 510 4357 518 4401; x_wconf 75' lang='grc' dir='ltr'><strong><em>ε</em></strong></span> <span class='ocrx_word' id='word_1_341' title='bbox 540 4355 653 4427; x_wconf 91' lang='lat' dir='ltr'>quum</span> <span class='ocrx_word' id='word_1_342' title='bbox 668 4335 714 4404; x_wconf 87' lang='lat' dir='ltr'>ab</span> <span class='ocrx_word' id='word_1_343' title='bbox 728 4335 786 4406; x_wconf 90' lang='lat' dir='ltr'>illa</span> <span class='ocrx_word' id='word_1_344' title='bbox 800 4360 867 4408; x_wconf 92' lang='lat' dir='ltr'>nos</span> <span class='ocrx_word' id='word_1_345' title='bbox 879 4335 949 4407; x_wconf 91' lang='lat' dir='ltr'>cibi</span> <span class='ocrx_word' id='word_1_346' title='bbox 963 4337 1133 4432; x_wconf 88' lang='lat' dir='ltr'>parcitas,</span> <span class='ocrx_word' id='word_1_347' title='bbox 1148 4336 1194 4408; x_wconf 90' lang='lat' dir='ltr'>ab</span> <span class='ocrx_word' id='word_1_348' title='bbox 1211 4337 1277 4406; x_wconf 86' lang='lat' dir='ltr'>ista</span> <span class='ocrx_word' id='word_1_349' title='bbox 1290 4336 1431 4405; x_wconf 81' lang='lat' dir='ltr'>feminei</span> <span class='ocrx_word' id='word_1_350' title='bbox 1443 4335 1604 4433; x_wconf 83' lang='lat' dir='ltr'>corporis</span> <span class='ocrx_word' id='word_1_351' title='bbox 1618 4333 1784 4430; x_wconf 87' lang='lat' dir='ltr'>qualitas,</span> <span class='ocrx_word' id='word_1_352' title='bbox 1802 4349 1841 4406; x_wconf 92' lang='lat' dir='ltr'>ut</span> 
     </span>
     <span class='ocr_line' id='line_1_33' title="bbox 254 4447 1837 4551; baseline 0.004 -33"><span class='ocrx_word' id='word_1_353' title='bbox 254 4447 389 4522; x_wconf 87' lang='lat' dir='ltr'>dictum</span> <span class='ocrx_word' id='word_1_354' title='bbox 406 4465 479 4538; x_wconf 89' lang='lat' dir='ltr'>est,</span> <span class='ocrx_word' id='word_1_355' title='bbox 499 4463 673 4548; x_wconf 87' lang='lat' dir='ltr'>protegat.</span> <span class='ocrx_word' id='word_1_356' title='bbox 692 4451 781 4524; x_wconf 87' lang='lat' dir='ltr'>Satis</span> <span class='ocrx_word' id='word_1_357' title='bbox 795 4467 924 4524; x_wconf 76' lang='lat' dir='ltr'>nostrae</span> <span class='ocrx_word' id='word_1_358' title='bbox 942 4477 1018 4524; x_wconf 86' lang='lat' dir='ltr'>esse</span> <span class='ocrx_word' id='word_1_359' title='bbox 1030 4451 1226 4524; x_wconf 87' lang='lat' dir='ltr'>infirmitati</span> <span class='ocrx_word' id='word_1_360' title='bbox 1247 4466 1283 4525; x_wconf 91' lang='lat' dir='ltr'>et</span> <span class='ocrx_word' id='word_1_361' title='bbox 1307 4453 1503 4524; x_wconf 83' lang='lat' dir='ltr'>maximum</span> <span class='ocrx_word' id='word_1_362' title='bbox 1524 4453 1690 4551; x_wconf 85' lang='lat' dir='ltr'>imputari</span> <span class='ocrx_word' id='word_1_363' title='bbox 1709 4452 1837 4541; x_wconf 87' lang='lat' dir='ltr'>debet,</span> 
     </span>
     <span class='ocr_line' id='line_1_34' title="bbox 255 4568 1841 4670; baseline 0.003 -32"><span class='ocrx_word' id='word_1_364' title='bbox 255 4568 282 4637; x_wconf 85' lang='lat' dir='ltr'>si</span> <span class='ocrx_word' id='word_1_365' title='bbox 308 4568 533 4640; x_wconf 89' lang='lat' dir='ltr'>continenter</span> <span class='ocrx_word' id='word_1_366' title='bbox 553 4593 594 4640; x_wconf 91' lang='lat' dir='ltr'>ac</span> <span class='ocrx_word' id='word_1_367' title='bbox 617 4571 926 4670; x_wconf 64' lang='lat' dir='ltr'>sine&#39;proprietate</span> <span class='ocrx_word' id='word_1_368' title='bbox 948 4571 1127 4660; x_wconf 86' lang='lat' dir='ltr'>viventes,</span> <span class='ocrx_word' id='word_1_369' title='bbox 1151 4585 1187 4643; x_wconf 88' lang='lat' dir='ltr'>et</span> <span class='ocrx_word' id='word_1_370' title='bbox 1209 4569 1335 4644; x_wconf 87' lang='lat' dir='ltr'>officiis</span> <span class='ocrx_word' id='word_1_371' title='bbox 1363 4585 1544 4669; x_wconf 78' lang='lat' dir='ltr'>occupatae</span> <span class='ocrx_word' id='word_1_372' title='bbox 1569 4571 1719 4660; x_wconf 90' lang='lat' dir='ltr'>divinis,</span> <span class='ocrx_word' id='word_1_373' title='bbox 1744 4573 1841 4669; x_wconf 90' lang='lat' dir='ltr'>ipsos</span> 
     </span>
     <span class='ocr_line' id='line_1_35' title="bbox 255 4685 1842 4789; baseline 0.005 -34"><span class='ocrx_word' id='word_1_374' title='bbox 255 4685 410 4758; x_wconf 85' lang='lat' dir='ltr'>ecclesiae</span> <span class='ocrx_word' id='word_1_375' title='bbox 439 4686 549 4760; x_wconf 88' lang='lat' dir='ltr'>duces</span> <span class='ocrx_word' id='word_1_376' title='bbox 572 4688 628 4760; x_wconf 82' lang='lat' dir='ltr'>vel</span> <span class='ocrx_word' id='word_1_377' title='bbox 653 4689 835 4786; x_wconf 92' lang='lat' dir='ltr'>religiosos</span> <span class='ocrx_word' id='word_1_378' title='bbox 859 4690 968 4762; x_wconf 87' lang='lat' dir='ltr'>laicos</span> <span class='ocrx_word' id='word_1_379' title='bbox 986 4691 1023 4762; x_wconf 93' lang='lat' dir='ltr'>in</span> <span class='ocrx_word' id='word_1_380' title='bbox 1046 4691 1143 4762; x_wconf 82' lang='lat' dir='ltr'>victu</span> <span class='ocrx_word' id='word_1_381' title='bbox 1167 4690 1410 4789; x_wconf 78' lang='lat' dir='ltr'>adaequemus,</span> <span class='ocrx_word' id='word_1_382' title='bbox 1437 4691 1493 4763; x_wconf 82' lang='lat' dir='ltr'>vel</span> <span class='ocrx_word' id='word_1_383' title='bbox 1520 4715 1583 4763; x_wconf 88' lang='lat' dir='ltr'>eos</span> <span class='ocrx_word' id='word_1_384' title='bbox 1603 4692 1757 4788; x_wconf 88' lang='lat' dir='ltr'>denique</span> <span class='ocrx_word' id='word_1_385' title='bbox 1779 4693 1842 4788; x_wconf 87' lang='lat' dir='ltr'>qui</span> 
     </span>
     <span class='ocr_line' id='line_1_36' title="bbox 256 4803 1838 4911; baseline 0.003 -35"><span class='ocrx_word' id='word_1_386' title='bbox 256 4803 432 4902; x_wconf 84' lang='lat' dir='ltr'>regulares</span> <span class='ocrx_word' id='word_1_387' title='bbox 450 4807 612 4879; x_wconf 90' lang='lat' dir='ltr'>canonici</span> <span class='ocrx_word' id='word_1_388' title='bbox 626 4809 814 4899; x_wconf 90' lang='lat' dir='ltr'>dicuntur,</span> <span class='ocrx_word' id='word_1_389' title='bbox 830 4825 865 4882; x_wconf 87' lang='lat' dir='ltr'>et</span> <span class='ocrx_word' id='word_1_390' title='bbox 878 4835 916 4883; x_wconf 86' lang='lat' dir='ltr'>se</span> <span class='ocrx_word' id='word_1_391' title='bbox 929 4810 1106 4911; x_wconf 86' lang='lat' dir='ltr'>praecipue</span> <span class='ocrx_word' id='word_1_392' title='bbox 1122 4811 1232 4882; x_wconf 87' lang='lat' dir='ltr'>vitam</span> <span class='ocrx_word' id='word_1_393' title='bbox 1251 4809 1482 4910; x_wconf 83' lang='lat' dir='ltr'>apostolrcam</span> <span class='ocrx_word' id='word_1_394' title='bbox 1497 4813 1597 4909; x_wconf 84' lang='lat' dir='ltr'>sequi</span> <span class='ocrx_word' id='word_1_395' title='bbox 1614 4809 1838 4910; x_wconf 83' lang='lat' dir='ltr'>profitentur.</span> 
     </span>
    </p>
   </div>
   <div class='ocr_carea' id='block_1_3' title="bbox 258 5028 1841 5273">
    <p class='ocr_par' dir='ltr' id='par_1_3' title="bbox 258 5028 1841 5273">
     <span class='ocr_line' id='line_1_37' title="bbox 288 5028 1841 5107; baseline 0.002 -21"><span class='ocrx_word' id='word_1_396' title='bbox 288 5033 446 5088; x_wconf 66' lang='lat' dir='ltr'>‘leucadio</span> <span class='ocrx_word' id='word_1_397' title='bbox 461 5028 1030 5107; x_wconf 61' lang='lat' dir='ltr'>Ed.drab—&#39;EpistauntrdEurtoclium,</span> <span class='ocrx_word' id='word_1_398' title='bbox 1065 5032 1201 5091; x_wconf 58' lang='lat' dir='ltr'>Amba-⁰</span> <span class='ocrx_word' id='word_1_399' title='bbox 1217 5041 1258 5092; x_wconf 88' lang='lat' dir='ltr'>Sic</span> <span class='ocrx_word' id='word_1_400' title='bbox 1280 5039 1420 5092; x_wconf 72' lang='lat' dir='ltr'>tt-ttous</span> <span class='ocrx_word' id='word_1_401' title='bbox 1445 5039 1514 5091; x_wconf 79' lang='lat' dir='ltr'>deest</span> <span class='ocrx_word' id='word_1_402' title='bbox 1539 5037 1602 5092; x_wconf 78' lang='lat' dir='ltr'>lidd.</span> <span class='ocrx_word' id='word_1_403' title='bbox 1617 5065 1649 5078; x_wconf 91' lang='lat'><em>-</em></span> <span class='ocrx_word' id='word_1_404' title='bbox 1664 5037 1748 5106; x_wconf 80' lang='lat' dir='ltr'>’&#39;Cap.</span> <span class='ocrx_word' id='word_1_405' title='bbox 1774 5057 1798 5089; x_wconf 85' lang='lat' dir='ltr'>r.</span> <span class='ocrx_word' id='word_1_406' title='bbox 1816 5067 1841 5076; x_wconf 86' lang='lat'><em>-</em></span> 
     </span>
     <span class='ocr_line' id='line_1_38' title="bbox 258 5119 1768 5192; baseline -0.003 -14"><span class='ocrx_word' id='word_1_407' title='bbox 258 5119 330 5182; x_wconf 49' lang='lat'><em>⁰172,</em></span> <span class='ocrx_word' id='word_1_408' title='bbox 350 5129 369 5171; x_wconf 80' lang='lat' dir='ltr'>l·</span> <span class='ocrx_word' id='word_1_409' title='bbox 384 5119 432 5184; x_wconf 75' lang='lat' dir='ltr'>ll&#39;,</span> <span class='ocrx_word' id='word_1_410' title='bbox 446 5139 471 5189; x_wconf 91' lang='lat' dir='ltr'>p.</span> <span class='ocrx_word' id='word_1_411' title='bbox 491 5120 532 5172; x_wconf 71' lang='grc'>29.</span> <span class='ocrx_word' id='word_1_412' title='bbox 545 5149 576 5160; x_wconf 96' lang='grc'>-</span> <span class='ocrx_word' id='word_1_413' title='bbox 591 5121 602 5152; x_wconf 82' lang='lat'><strong>¹</strong></span> <span class='ocrx_word' id='word_1_414' title='bbox 615 5119 652 5174; x_wconf 81' lang='lat' dir='ltr'>De</span> <span class='ocrx_word' id='word_1_415' title='bbox 665 5122 733 5175; x_wconf 75' lang='lat' dir='ltr'>Bono</span> <span class='ocrx_word' id='word_1_416' title='bbox 754 5125 898 5185; x_wconf 75' lang='lat' dir='ltr'>Viduitatia,</span> <span class='ocrx_word' id='word_1_417' title='bbox 915 5140 970 5191; x_wconf 85' lang='lat' dir='ltr'>cap.</span> <span class='ocrx_word' id='word_1_418' title='bbox 989 5142 1029 5186; x_wconf 79' lang='lat' dir='ltr'>rx,</span> <span class='ocrx_word' id='word_1_419' title='bbox 1065 5122 1216 5176; x_wconf 75' lang='lat' dir='ltr'>’Edriuntur</span> <span class='ocrx_word' id='word_1_420' title='bbox 1227 5123 1257 5174; x_wconf 79' lang='lat' dir='ltr'>li.</span> <span class='ocrx_word' id='word_1_421' title='bbox 1266 5151 1298 5162; x_wconf 90' lang='lat'><em>-</em></span> <span class='ocrx_word' id='word_1_422' title='bbox 1310 5123 1320 5150; x_wconf 83' lang='lat'>⁸</span> <span class='ocrx_word' id='word_1_423' title='bbox 1333 5123 1394 5192; x_wconf 87' lang='lat' dir='ltr'>Cap.</span> <span class='ocrx_word' id='word_1_424' title='bbox 1406 5141 1429 5174; x_wconf 81' lang='lat' dir='ltr'>v.</span> <span class='ocrx_word' id='word_1_425' title='bbox 1445 5121 1684 5186; x_wconf 74' lang='lat' dir='ltr'>-¹··otu1aertts.</span> <span class='ocrx_word' id='word_1_426' title='bbox 1697 5121 1768 5174; x_wconf 75' lang='lat' dir='ltr'>anit.</span> 
     </span>
     <span class='ocr_line' id='line_1_39' title="bbox 259 5193 1815 5273; baseline 0.002 -21"><span class='ocrx_word' id='word_1_427' title='bbox 259 5201 318 5267; x_wconf 79' lang='lat' dir='ltr'>Opp.</span> <span class='ocrx_word' id='word_1_428' title='bbox 332 5202 414 5268; x_wconf 71' lang='lat' dir='ltr'>nil,</span> <span class='ocrx_word' id='word_1_429' title='bbox 427 5221 453 5273; x_wconf 85' lang='lat' dir='ltr'>p.</span> <span class='ocrx_word' id='word_1_430' title='bbox 470 5207 529 5258; x_wconf 74' lang='lat' dir='ltr'>att.</span> <span class='ocrx_word' id='word_1_431' title='bbox 538 5205 592 5246; x_wconf 66' lang='lat' dir='ltr'>,a</span> <span class='ocrx_word' id='word_1_432' title='bbox 603 5209 632 5259; x_wconf 74' lang='lat' dir='ltr'>la</span> <span class='ocrx_word' id='word_1_433' title='bbox 643 5208 713 5260; x_wconf 79' lang='lat' dir='ltr'>deest</span> <span class='ocrx_word' id='word_1_434' title='bbox 727 5207 756 5258; x_wconf 84' lang='grc' dir='ltr'>Ι).</span> <span class='ocrx_word' id='word_1_435' title='bbox 770 5205 817 5244; x_wconf 86' lang='lat'>-⁸</span> <span class='ocrx_word' id='word_1_436' title='bbox 831 5211 966 5270; x_wconf 65' lang='lat' dir='ltr'>Adaeum</span> <span class='ocrx_word' id='word_1_437' title='bbox 978 5199 1030 5260; x_wconf 56' lang='lat' dir='ltr'>18ss</span> <span class='ocrx_word' id='word_1_438' title='bbox 1485 5199 1488 5206; x_wconf 77' lang='lat'>&#39;</span> <span class='ocrx_word' id='word_1_439' title='bbox 1809 5193 1815 5204; x_wconf 81' lang='grc'><strong>’</strong></span> 
     </span>
    </p>
   </div>
   <div class='ocr_carea' id='block_1_4' title="bbox 0 0 2304 6098">
    <p class='ocr_par' dir='ltr' id='par_1_4' title="bbox 0 0 2304 6098">
     <span class='ocr_line' id='line_1_40' title="bbox 0 0 2304 6098; baseline 0 0"><span class='ocrx_word' id='word_1_440' title='bbox 0 0 2304 6098; x_wconf 95' lang='lat' dir='ltr'> </span> 
     </span>
    </p>
   </div>
  </div>
 </body>
</html>
