4536 6102
607 583 666 695 nn
691 621 858 694 smero
884 619 1052 694 tonnus
1077 620 1286 692 Btl‘Tts‘fA
1310 619 1471 691 senno.
1759 617 1829 688 573

253 762 433 836 exsolvere
449 765 622 861 cogimur.
641 764 732 834 Hinc
752 761 799 833 ad
818 762 977 858 synodos
996 776 1032 832 et
1052 760 1098 832 ad
1115 760 1266 832 concilia
1281 759 1484 857 frequenter
1506 759 1624 846 uasti,
1647 771 1683 827 et
1702 756 1748 828 ad
1769 782 1831 853 pu·

252 879 362 956 blicas
378 907 501 956 causas
517 883 677 980 quotidie
693 881 860 979 profecti,
879 905 955 950 non
971 879 1116 951 modico
1132 881 1247 977 pretio
1260 879 1416 976 judices,
1439 876 1496 950 vel
1511 878 1572 974 qui
1589 891 1728 948 nostras
1743 878 1832 972 inju-

154 1043 160 1053 -
252 1001 321 1072 rias
337 1003 484 1099 pallient
500 1000 736 1074 conducimus
752 1015 926 1071 oratores.
946 1003 1048 1071 Certe
1065 1015 1100 1071 et
1122 1001 1159 1070 in
1177 1001 1261 1096 ipsis
1281 999 1440 1075 conciliis
1459 1012 1595 1095 quanta
1614 998 1659 1068 sit
1678 997 1832 1067 avaritiae

252 1135 382 1192 nostrae
398 1123 589 1219 rapacitas,
609 1121 775 1218 frequens
791 1119 1016 1216 querimonia
1033 1135 1220 1190 monstrat.
1240 1123 1333 1190 Raro
1355 1119 1405 1190 ibi
1421 1119 1627 1214 episcopos,
1645 1140 1745 1188 raros
1760 1117 1831 1186 cle·

252 1242 344 1312 ricos
360 1241 514 1313 invicem
534 1239 753 1312 contendere
773 1239 949 1311 videmus.
975 1242 1109 1310 Omnes
1126 1240 1198 1310 fero
1218 1239 1468 1324 controversiae
1491 1252 1551 1308 aut
1571 1237 1832 1309 monachorum

252 1377 352 1450 sunt,
370 1376 431 1433 aut
447 1362 493 1433 de
509 1361 695 1432 monachis
711 1377 810 1432 ortae.
829 1361 991 1459 Denique
1006 1374 1047 1429 ut
1062 1359 1226 1435 omittam
1241 1357 1371 1428 harum
1388 1356 1667 1428 sollicitudinum
1682 1357 1832 1428 servitu·

252 1493 325 1549 tem
345 1494 381 1551 et
399 1478 559 1568 vincula,
585 1479 715 1575 quibus
735 1503 773 1549 se
796 1477 934 1548 mundo
955 1476 1187 1552 vehementer
1208 1475 1385 1571 obligant;
1410 1475 1496 1570 quid
1519 1473 1565 1545 de
1586 1476 1833 1548 affectionibus

252 1600 449 1670 carnalium
464 1599 772 1697 propinquitatum
788 1595 846 1669 vel
862 1596 1074 1668 affinitatum
1091 1596 1226 1684 dicam,
1244 1621 1312 1695 pro
1328 1596 1458 1693 quibus
1470 1595 1658 1668 innumera
1671 1596 1716 1667 de
1728 1597 1834 1668 rebus

252 1718 458 1788 monasterii
467 1717 697 1806 committunt
712 1715 913 1810 sacrilegia?
929 1713 1037 1786 Verbi
1053 1715 1176 1810 gratia,
1191 1739 1303 1810 quum
1313 1712 1419 1803 filios,
1434 1729 1494 1785 aut
1505 1727 1666 1811 nepotes,
1681 1714 1737 1784 vel
1749 1741 1835 1810 qua·

252 1859 394 1933 cunque
410 1835 477 1907 sibi
493 1836 710 1931 cognatione
725 1832 782 1905 vel
799 1833 970 1906 affinitate
985 1833 1197 1928 conjunctos
1212 1831 1348 1904 habent
1364 1833 1401 1904 in
1416 1832 1557 1922 saeculo,
1571 1833 1705 1922 furtim,
1719 1835 1746 1904 si
1764 1859 1835 1906 ma-

252 1953 378 2026 nifeste
395 1979 468 2025 non
485 1969 655 2051 possunt,
674 1978 752 2050 quae
768 1950 933 2023 fratribus
949 1951 1162 2048 surripiunt,
1186 1949 1253 2022 illis
1273 1950 1499 2047 impendunt.
1520 1955 1620 2036 Quos
1635 1952 1665 2022 si
1681 1950 1772 2022 forte
1788 1952 1833 2021 ad

251 2074 508 2146 monachatum
523 2075 711 2162 traxerint,
730 2071 787 2144 vel
803 2072 984 2143 ministros
1002 2073 1039 2141 in
1056 2069 1224 2144 domibus
1244 2072 1316 2142 suis
1335 2069 1543 2160 habuerint,
1566 2071 1633 2142 hos
1655 2073 1693 2141 in
1709 2071 1835 2168 praela-
1920 2053 1925 2064 ¹

253 2191 411 2264 tionibus
432 2193 645 2282 sublimant,
673 2209 708 2264 et
728 2217 795 2290 pro
817 2191 964 2264 arbitrio
981 2191 1140 2288 ipsorum
1161 2203 1290 2261 cuncta
1306 2190 1568 2287 dispensantur.
1588 2195 1721 2263 Contra
1742 2217 1833 2289 quos

252 2314 282 2384 si
298 2313 377 2409 quis
397 2312 542 2401 dixerit,
565 2312 684 2384 statim
706 2312 825 2382 laesam
848 2310 1068 2405 majestatem
1088 2309 1207 2382 sentit.
1230 2311 1291 2380 lsti
1316 2311 1522 2380 monasterii
1544 2325 1627 2380 sunt
1647 2308 1833 2382 domestici

253 2431 391 2521 hostes,
413 2432 471 2503 isti
493 2431 693 2528 quotidiani
714 2430 826 2519 fures,
849 2444 950 2502 tanto
973 2429 1084 2524 magis
1107 2429 1221 2518 noxii,
1244 2443 1380 2525 quanto
1401 2427 1482 2526 plus
1502 2427 1646 2499 assidui.
1671 2433 1833 2516 Quorum

252 2552 452 2648 patrocinio
469 2549 515 2621 ad
532 2551 663 2646 quaevis
680 2550 818 2646 turpia,
837 2548 883 2620 ad
898 2548 1065 2644 quaelibet
1080 2547 1201 2620 illicita
1211 2549 1278 2645 ipsi
1296 2547 1464 2621 monachi
1480 2563 1581 2620 tanto
1598 2547 1733 2622 facilius
1748 2573 1833 2646 pro-

253 2685 442 2768 rumpunt,
469 2684 605 2766 quanto
628 2668 675 2739 de
705 2669 865 2765 ipsorum
889 2665 1158 2763 propinquitate
1179 2664 1237 2736 vel
1256 2664 1427 2738 affinitate
1454 2665 1605 2766 amplius
1630 2667 1831 2742 confidunt.

252 2787 494 2860 Tabernacula
511 2785 671 2884 praedicti
689 2785 814 2880 onagri
834 2785 871 2855 in
890 2784 1083 2856 solitudine
1099 2808 1119 2855 a
1136 2785 1293 2855 Domino
1318 2785 1508 2881 praeparari
1531 2785 1667 2856 dictum
1690 2801 1755 2857 est.
1774 2788 1834 2856 isti

253 2919 372 2977 autem
383 2905 606 2993 econtrario,
620 2917 829 2999 suggerente
841 2900 1001 2991 diabolo,
1013 2901 1214 2973 solitudinis
1223 2903 1380 2998 quietern
1396 2902 1582 2999 fugientes,
1595 2919 1630 2974 et
1643 2904 1761 2974 sarculi
1777 2917 1832 2974 tu·

252 3023 423 3096 mullibus
438 3049 476 3094 se
492 3021 720 3119 impudenter
736 3022 953 3118 ingerentes,
971 3021 1010 3092 in
1028 3021 1230 3094 civitatibus
1251 3036 1287 3092 et
1306 3021 1457 3093 castellis
1472 3022 1634 3096 habitare
1655 3022 1831 3104 laetantur.

253 3167 328 3213 non
346 3158 420 3214 tam
435 3141 624 3230 monachi,
644 3140 716 3212 hoc
732 3155 786 3213 est
803 3140 968 3231 solitarii,
987 3164 1097 3238 quam
1114 3140 1208 3214 cives
1224 3139 1440 3238 appellandi.
1461 3145 1625 3228 Quorum
1642 3144 1832 3240 impuden-

253 3263 340 3334 tiam
368 3264 542 3334 maximus
571 3260 630 3332 ille
661 3258 924 3332 monachorum
956 3275 992 3331 et
1027 3259 1346 3332 ecclesiasticorum
1378 3259 1570 3332 doctorum
1595 3263 1834 3358 Hieronymus

252 3405 424 3478 arguens,
442 3397 478 3454 et
494 3397 654 3452 nostram
670 3405 712 3452 ac
730 3378 942 3453 clericorum
958 3379 1068 3450 vitam
1084 3379 1271 3478 diligenter
1287 3380 1524 3476 distinguens,
1547 3381 1596 3454 ait
1610 3387 1619 3421 ¹
1639 3410 1647 3451 z
1669 3411 1686 3449 «
1706 3383 1742 3453 si
1758 3385 1833 3482 epi-

253 3515 418 3596 scopatus
434 3515 469 3571 te
485 3499 543 3570 vel
559 3523 650 3596 opus
665 3497 722 3568 vel
739 3521 831 3568 onus
848 3495 939 3567 forte
952 3496 1123 3587 delectat,
1142 3499 1222 3568 vive
1238 3498 1275 3567 in
1291 3497 1441 3568 urbibus
1457 3512 1493 3569 et
1507 3499 1676 3589 castellis,
1694 3515 1730 3570 et
1745 3500 1833 3573 alio·

254 3643 334 3690 rum
353 3619 521 3708 salutem,
547 3618 603 3690 fac
623 3615 762 3688 lucrum
786 3617 912 3688 animoe
932 3631 1013 3688 tuae.
1033 3617 1069 3686 Si
1085 3617 1185 3714 cupis
1201 3642 1278 3688 esse
1294 3618 1392 3714 quod
1410 3618 1537 3690 diceris
1557 3620 1773 3710 monachus,
1797 3621 1835 3692 id

252 3753 306 3811 est
320 3738 438 3828 solus,
457 3737 544 3834 quid
561 3738 646 3809 facis
662 3737 699 3806 in
715 3735 883 3824 urbibus,
910 3759 989 3831 quae
1008 3736 1132 3832 utique
1148 3760 1223 3806 non
1241 3750 1324 3807 sunt
1345 3737 1506 3809 solorum
1526 3738 1746 3827 habitacula,
1769 3740 1834 3812 sed

252 3856 467 3929 multorum?
487 3884 504 3922 n
528 3855 628 3926 ldem
644 3852 753 3924 alibi¹
772 3881 780 3923 :
802 3881 819 3921 n
840 3857 1076 3950 Interpretare
1096 3852 1312 3925 vocabulum
1333 3856 1521 3945 monachi,
1545 3856 1616 3927 hoc
1633 3872 1685 3928 est
1700 3882 1833 3930 nomen

252 3993 367 4048 tuum.
379 3975 474 4062 Quid
487 3975 571 4046 facis
586 3973 626 4042 in
640 3971 760 4060 turba,
772 3971 834 4068 qui
850 3969 946 4042 solus
958 3973 1016 4042 cs?
1029 3976 1166 4043 »Tanto
1178 3987 1297 4044 autem
1309 3973 1541 4070 periculosius
1556 3977 1594 4046 in
1610 3976 1835 4050 saecularibus

252 4096 383 4185 turbis,
407 4111 442 4167 et
465 4097 501 4166 in
523 4093 723 4190 frequentia
742 4090 931 4162 hominurn
953 4091 1175 4183 habitamus,
1199 4109 1335 4191 quanto
1356 4119 1484 4165 eorum
1505 4110 1630 4168 nostro
1651 4100 1767 4194 major
1782 4117 1835 4172 est

253 4239 440 4304 numesuS,
458 4229 494 4285 et
509 4213 629 4312 plures
645 4212 824 4301 cernimus
839 4211 1023 4283 saeculares
1037 4236 1146 4309 quam
1168 4213 1351 4310 religiosos
1366 4213 1545 4287 homines,
1565 4217 1672 4303 Quod
1687 4218 1832 4313 quidem

252 4335 450 4434 periculum
473 4349 558 4406 tunc
579 4334 733 4415 maxime
762 4333 994 4422 incurrimus,
1021 4357 1133 4429 quum
1162 4333 1256 4423 bini,
1288 4333 1345 4406 vel
1370 4337 1482 4425 terni,
1509 4352 1544 4408 et
1572 4362 1834 4435 nonnunquam

252 4453 380 4551 singuli
396 4456 489 4526 inter
503 4453 571 4525 bos
587 4475 855 4524 conversamur.
875 4452 990 4523 Etiam
1007 4451 1082 4522 haec
1097 4451 1178 4524 loca
1193 4467 1333 4542 nostra,
1351 4479 1430 4550 quae
1446 4454 1605 4527 abbatias
1624 4455 1743 4528 dicere
1759 4483 1832 4532 nou

252 4599 461 4672 possumus,
489 4571 775 4645 obedientiarum
806 4572 955 4644 nomine
981 4572 1296 4662 commendamus3
1327 4587 1429 4645 tanto
1454 4575 1491 4644 in
1520 4572 1592 4645 hoc
1623 4577 1834 4653 mentientes

254 4696 425 4794 apertius,
444 4708 579 4791 quanto
596 4692 642 4763 ab
658 4689 863 4764 obedientia
879 4691 1025 4789 regulae,
1044 4707 1079 4763 et
1094 4691 1141 4766 ab
1152 4692 1281 4764 ordine
1293 4694 1524 4792 professionis
1539 4712 1669 4768 nostra
1684 4699 1835 4797 amplius

253 4839 492 4915 remvemnr.
508 4812 578 4884 Ubi
594 4815 691 4882 enim
702 4810 802 4907 juxta
815 4811 1077 4883 institutionem
1091 4811 1220 4908 regulae
1236 4813 1328 4886 ordo
1343 4838 1419 4886 non
1435 4828 1588 4906 tenetur,
1607 4819 1686 4914 quis
1702 4819 1835 4894 inordi-

254 4952 375 5010 natam
391 4935 542 5008 domum
559 4931 677 5004 dicere
693 4931 875 5004 vereatur?
891 4933 1054 5030 Denique
1069 4932 1143 5005 duo
1160 4948 1301 5006 tantum
1317 4958 1445 5030 genera
1461 4937 1723 5010 monachorum
1739 4963 1834 5012 com·

289 5211 297 5238 ¹
312 5208 389 5276 Epist.
401 5221 474 5268 xux,
486 5205 546 5269 opp.
560 5214 578 5258 t.
591 5203 791 5271 1v‚pm.11‚p.
804 5205 861 5256 tot.
873 5229 905 5244 -
916 5205 925 5232 ¹
935 5205 1015 5272 Epist.
1028 5223 1052 5270 r,
1067 5206 1129 5270 opp.
1139 5215 1158 5256 t.
1169 5203 1210 5268 tv,
1220 5215 1285 5272 part.
1296 5203 1335 5268 ll,
1346 5219 1373 5273 p.
1384 5208 1410 5257 9.
