4590 6110
962 550 1201 625 APPENDlX.
1804 553 1876 624 713

290 694 481 767 eruditione
498 710 556 765 tua
574 693 735 784 delector,
750 710 784 764 et
797 691 979 788 praedicata
997 697 1081 766 mihi
1098 721 1116 766 a
1130 695 1243 768 multis
1256 694 1419 792 religione
1431 709 1489 766 tua
1500 695 1600 792 longe
1615 697 1720 793 magis
1731 695 1874 768 allicior.

290 817 430 888 Utinam
437 814 776 888 teCluniacusnostra
783 812 966 886 habuisset!
977 818 1116 888 Utinam
1126 833 1158 890 te
1164 815 1334 912 jucundus
1342 817 1540 888 Marciniaci
1548 818 1878 888 carcereumcaeteris

291 934 417 1006 Christi
432 933 561 1006 ancillis
574 933 764 1006 libertatem
781 933 861 1004 inde
873 933 1041 1006 coelestem
1053 938 1322 1033 exspectantibus
1340 933 1787 1026 inclusissethraetulissem
1798 962 1879 1033 opes

291 1058 463 1155 religionis
476 1085 515 1131 ac
532 1060 679 1130 scientiae
695 1059 847 1130 maximis
857 1058 1087 1154 quorumlihet
1103 1087 1221 1158 regum
1233 1063 1415 1151 thesauris,
1431 1076 1465 1130 et
1478 1045 1610 1132 illarum
1623 1087 1778 1132 sororum
1795 1058 1879 1130 illud

291 1178 490 1276 praeclarum
500 1178 678 1275 collegium
696 1180 947 1250 cohabitatione
958 1195 1015 1250 tua
1028 1179 1297 1252 clariusrutilare
1312 1181 1505 1278 gauderem.
1520 1179 1702 1252 Retulisses
1712 1196 1745 1251 et
1755 1181 1825 1277 ipsa
1837 1181 1880 1250 ab

291 1298 372 1394 ipsis
378 1324 448 1368 non
458 1297 628 1369 modicum
636 1313 812 1393 quaestum,
824 1313 857 1369 et
866 1325 1032 1371 summam
1044 1300 1164 1370 mnndi
1177 1299 1388 1370 nobilitatem
1400 1325 1438 1371 ac
1447 1301 1639 1395 superbiam
1647 1300 1788 1395 pedibus
1800 1298 1879 1368 sub·

291 1434 432 1489 stratam
441 1418 623 1490 mirareris.
642 1421 805 1490 Cerneres
815 1421 1013 1515 omnigenos
1023 1419 1133 1491 saeculi
1145 1419 1242 1492 luxus
1254 1421 1408 1493 miranda
1418 1421 1580 1516 parcitate
1592 1435 1751 1510 mutatos,
1763 1435 1796 1488 et
1810 1443 1883 1489 sor·

293 1536 373 1607 dida
383 1538 555 1632 quondam
565 1538 773 1610 vasadiaboli
784 1541 819 1610 in
826 1541 1045 1612 mundissima
1056 1541 1201 1636 Spiritus
1210 1543 1318 1612 sancti
1327 1540 1629 1637 templaconversa.
1642 1539 1785 1610 Videres
1793 1537 1883 1634 puel·

294 1656 342 1727 las
351 1659 430 1747 Dei,
443 1661 573 1729 Satanae
581 1657 632 1729 vel
643 1659 771 1729 mundo
780 1658 872 1730 velut
881 1661 973 1730 furto
988 1662 1188 1750 subtractas,
1198 1686 1299 1756 super
1308 1661 1511 1731 innocentiae
1524 1660 1784 1730 fundamentum
1799 1658 1884 1732 altos

285 1759 459 1847 'virtutum
469 1779 597 1874 erigere
611 1780 755 1873 parietes
770 1805 778 1848 :
794 1794 828 1848 et
838 1804 943 1873 usque
952 1779 994 1848 ad
1006 1764 1077 1873 ipsa
1090 1777 1164 1848 coeli
1173 1781 1304 1874 fastigia
1322 1778 1427 1849 felicis
1442 1778 1576 1848 fabricae
1589 1802 1749 1849 cacumen
1760 1777 1885 1873 produ-

295 1925 383 1970 cere.
405 1901 583 1970 Laetareris
599 1899 749 1996 angelica
769 1901 963 1995 virginitate
979 1901 1139 1971 florentes
1160 1900 1351 1971 castissimis
1369 1899 1479 1970 viduis
1492 1900 1643 1993 junctas,
1661 1915 1696 1969 et
1715 1900 1885 1970 universas

295 2022 423 2117 pariter
438 2019 543 2090 beatae
555 2019 643 2090 illius
661 2037 696 2091 et
708 2045 837 2118 magnae
854 2022 1109 2092 resurrectionis
1122 2019 1264 2117 gloriam
1278 2023 1492 2110 sustinentes,
1508 2021 1598 2092 infra
1611 2037 1703 2091 arcta
1713 2035 1807 2115 septa
1826 2020 1884 2089 do-

295 2169 431 2216 morum
447 2145 548 2213 etiam
565 2142 789 2239 corporaliter
808 2144 914 2214 beatae
931 2145 1002 2238 spei
1021 2141 1112 2214 velut
1130 2143 1284 2238 sepulcro
1297 2145 1367 2238 jam
1381 2144 1545 2214 conditas.
1565 2144 1651 2232 Quae
1662 2141 1740 2213 licet
1757 2143 1883 2231 omnia,

296 2279 330 2334 et
347 2263 496 2334 fortassis
516 2262 666 2357 majora,
690 2288 768 2334 cum
783 2263 845 2332 tibi
861 2263 980 2333 datisa
997 2265 1071 2336 Deo
1087 2262 1222 2359 collegis
1239 2263 1382 2352 habeas,
1400 2262 1480 2333 licet
1500 2265 1587 2333 forte
1604 2260 1689 2332 nihil
1711 2262 1755 2332 ad
1776 2287 1886 2332 sacra·

297 2407 373 2452 rum
383 2407 497 2452 rerum
516 2381 664 2453 studium
678 2383 851 2477 pertinens
864 2380 925 2451 tibi
943 2381 1022 2450 addi
1040 2382 1169 2476 possit:
1186 2397 1367 2476 augeretur
1382 2396 1495 2451 tamen
1514 2380 1888 2476 augmentogratiarum

228 2489 232 2498 ⁸
298 2518 432 2573 tuarum
450 2527 520 2572 non
536 2503 664 2598 parvis,
683 2519 722 2572 ut
738 2501 898 2591 arbitror,
918 2501 1106 2572 commodis
1122 2500 1311 2596 respublica
1327 2517 1454 2574 nostra.
1472 2501 1538 2571 Sed
1551 2502 1735 2596 quamvisa
1753 2501 1888 2595 dispen-

298 2623 416 2693 satrice
434 2624 587 2692 omnium
601 2646 717 2692 rerum
729 2621 941 2716 providentia
955 2622 1019 2690 Dei
1031 2621 1097 2692 hoo
1108 2621 1207 2690 nobis
1221 2621 1263 2690 de
1280 2636 1314 2691 te
1327 2636 1485 2717 negatum
1497 2622 1553 2709 sit,
1568 2645 1764 2690 concessum
1775 2636 1889 2690 tamen

298 2758 349 2815 est
367 2743 409 2814 de
421 2742 490 2850 jllo
511 2758 584 2832 tuo,
604 2743 646 2812 de
668 2741 744 2832 illo,
762 2743 920 2838 inquam,
941 2767 1028 2837 saepe
1046 2768 1086 2813 ac
1100 2767 1234 2838 semper
1254 2768 1331 2812 cum
1348 2743 1480 2812 honore
1503 2742 1712 2812 nominando
1728 2766 1827 2811 servo
1850 2763 1889 2812 ac

299 2889 377 2934 vere
388 2865 513 2934 Christi
528 2863 733 2960 philosopho
750 2863 911 2958 magistro
926 2865 1028 2932 Petro
1043 2889 1051 2933 :
1069 2889 1168 2958 quem
1183 2864 1218 2932 in
1233 2861 1359 2934 ultimis
1369 2863 1445 2934 vitae
1457 2889 1523 2933 suae
1537 2862 1634 2932 annis
1645 2862 1761 2933 eadem
1774 2863 1888 2933 divina

300 2985 476 3082 dispositio
491 2982 691 3055 Cluniacum
709 2985 894 3056 transmisit
914 3011 922 3054 :
939 2999 973 3055 et
986 3011 1059 3055 eam
1077 2987 1112 3055 in
1132 2987 1205 3082 ipso
1223 3000 1256 3056 et
1272 2986 1316 3055 de
1335 2986 1409 3080 ipso
1425 3011 1527 3081 super
1538 3010 1638 3055 omne
1655 3009 1775 3054 aurum
1787 3000 1821 3054 et
1837 3000 1890 3056 to·

299 3109 420 3202 panion
440 3131 579 3177 munere
597 3107 728 3178 cariore
749 3107 881 3178 ditavit.
903 3106 1006 3201 Cujus
1026 3123 1161 3196 sanctae,
1180 3106 1301 3178 humili
1322 3133 1361 3179 ac
1382 3108 1511 3178 devotae
1528 3107 1695 3178 internos
1713 3131 1890 3178 conversa·

301 3227 406 3316 tioai,
426 3227 517 3322 quod
537 3243 742 3323 quantumve
756 3227 936 3298 Cluniacus
953 3228 1183 3298 testimonium
1201 3228 1300 3318 ferat,
1314 3227 1426 3302 brevis
1437 3253 1547 3298 sermo
1561 3253 1630 3297 uon
1647 3227 1802 3322 explicat.
1817 3225 1890 3298 Nisi

301 3347 392 3417 enim
404 3346 515 3438 fallor,
536 3373 606 3418 non
624 3347 738 3418 recolo
755 3348 876 3420 vidisse
890 3373 944 3418 me
962 3346 1010 3417 illi
1027 3349 1064 3416 in
1080 3347 1280 3418 humilitatis
1297 3349 1416 3420 habitu
1430 3365 1465 3418 et
1474 3365 1568 3444 gestu
1580 3347 1723 3418 similem
1737 3374 1746 3418 :
1762 3349 1798 3418 in
1817 3363 1890 3418 tan·

302 3483 374 3538 tum
386 3484 425 3537 ut
439 3493 501 3539 nec
513 3471 703 3539 Germanus
720 3468 895 3562 abjectior,
913 3492 975 3538 nec
991 3469 1062 3562 ipse
1081 3469 1250 3538 Martinus
1266 3468 1353 3538 bene
1371 3469 1575 3538 discernenti
1591 3469 1774 3564 pauperior
1788 3493 1893 3563 appa·

302 3603 404 3658 reret.
424 3589 607 3682 Quumque
630 3588 666 3657 in
688 3612 813 3682 magno
832 3585 890 3657 illo
909 3587 1051 3657 fratrum
1074 3602 1270 3657 nostrorum
1287 3613 1404 3683 grege,
1426 3611 1480 3656 me
1497 3585 1731 3682 compellente,
1750 3587 1891 3682 gradum

303 3709 512 3802 superiorem
526 3723 669 3798 teneret,
681 3705 820 3776 ultimus
834 3708 985 3777 omnium
999 3708 1120 3778 vestitu
1134 3707 1356 3777 incultissimo
1367 3707 1558 3777 videbatur.
1573 3707 1724 3776 Mirabar
1741 3731 1841 3802 saepe,
1860 3724 1895 3778 et

303 3828 340 3897 in
360 3826 629 3921 processionibus
651 3851 692 3896 eo
715 3850 769 3894 me
791 3851 867 3896 cum
890 3824 1029 3921 reliquis
1052 3851 1115 3921 pro
1132 3851 1227 3896 more
1249 3825 1479 3920 praecedente,
1497 3850 1583 3920 pene
1603 3826 1792 3921 stupebam,
1808 3828 1894 3897 tanti

305 3963 441 4042 tamque
458 3947 577 4017 famosi
596 3947 743 4016 nominis
764 3946 936 4015 hominem
960 3947 1007 4016 sic
1025 3946 1171 4042 seipsum
1191 3961 1427 4035 contemnere,
1450 3945 1498 4016 sic
1513 3971 1548 4016 se
1563 3945 1705 4040 abjicere
1722 3970 1831 4039 posse.
1851 3949 1895 4016 Et

306 4067 385 4161 quia
398 4081 477 4148 suat
488 4065 625 4160 quidam
641 4064 813 4161 religionis
832 4066 1056 4161 professores,
1076 4067 1135 4162 qui
1153 4067 1262 4162 ipsum
1280 4091 1381 4161 quem
1394 4080 1517 4161 gerunt
1530 4065 1683 4135 habitum
1700 4064 1894 4160 religiosum

308 4184 407 4254 nimis
420 4209 490 4254 esse
502 4185 645 4278 cupiunt
657 4200 905 4281 sumptuosum,
919 4200 992 4256 erat
1012 4184 1068 4256 ille
1085 4211 1223 4282 prorsus
1241 4210 1361 4281 parcus
1377 4185 1413 4254 in
1430 4185 1515 4276 istis,
1534 4199 1568 4254 et
1583 4183 1822 4278 cujuscumque
1837 4209 1895 4281 ge-

309 4304 397 4373 neris
414 4302 557 4398 simplici
569 4319 659 4374 veste
674 4319 866 4394 contentus,
882 4303 930 4374 nil
942 4303 1031 4375 ultra
1043 4305 1226 4400 quaerehat.
1244 4309 1319 4375 Hoc
1333 4321 1366 4375 et
1383 4304 1419 4374 in
1436 4305 1526 4394 cibo,
1545 4305 1611 4373 hoc
1623 4317 1656 4372 et
1668 4303 1703 4372 in
1715 4319 1814 4399 potu,
1829 4304 1896 4375 hoc

307 4438 342 4493 et
360 4425 504 4495 inomni
522 4449 602 4494 cura
616 4426 769 4519 corporis
782 4426 834 4494 sui
851 4426 1025 4496 servabat:
1045 4441 1080 4496 et
1096 4451 1166 4496 non
1178 4425 1255 4496 dico
1267 4426 1449 4520 superflua,
1461 4423 1519 4496 sed
1531 4439 1566 4493 et
1581 4438 1700 4493 cuncta
1718 4424 1782 4493 nisi
1800 4421 1895 4494 valde

310 4548 513 4637 necessaria,
533 4561 601 4616 tam
623 4547 657 4616 in
675 4573 709 4618 se
726 4573 828 4644 quam
853 4549 889 4616 in
913 4548 1071 4618 omnibus
1090 4548 1194 4618 verbo
1208 4549 1335 4642 pariter
1352 4563 1386 4616 et
1399 4547 1467 4617 vita
1481 4547 1675 4617 damnabat.
1696 4546 1813 4616 Lectio
1824 4562 1896 4616 erat

309 4669 339 4735 ei
358 4666 533 4755 contihua,
553 4666 663 4736 oratio
679 4667 850 4763 frequens,
870 4665 1040 4736 silentium
1051 4667 1144 4762 juge,
1163 4666 1228 4736 nisi
1244 4681 1304 4736 aut
1321 4666 1464 4737 fratrum
1481 4663 1654 4735 familiaris
1670 4662 1819 4754 collatio,
1839 4681 1898 4736 aut

310 4786 352 4856 ad
365 4788 455 4881 ipsos
472 4785 508 4855 in
526 4788 747 4858 conventude
759 4788 882 4857 divinis
899 4786 1052 4883 publicus
1065 4812 1175 4858 sermo
1188 4811 1266 4857 eum
1283 4785 1376 4882 loqui
1392 4786 1571 4883 urgebant.
1599 4788 1814 4855 Sacramenta
1833 4810 1899 4855 coe·

310 4909 417 5000 lestia,
437 4908 636 4980 immortalis
651 4910 740 5005 Aga-i
757 4910 957 4980 sacrificium
974 4913 1049 4980 Deo
1065 4909 1255 4999 offerendo,
1275 4925 1379 5006 prout
1393 4923 1544 5004 poterat,
1563 4907 1814 5002 frequentabat,
1830 4907 1898 4976 imo

311 5044 490 5126 postquam
507 5029 627 5100 litteris
645 5045 680 5100 et
695 5029 809 5100 labore
823 5055 900 5100 meo
912 5028 1103 5126 apostolicae
1119 5017 1235 5126 gratiae
1247 5028 1398 5099 redditus
1412 5044 1479 5118 est,
1501 5052 1587 5123 pene
1603 5026 1834 5097 continuabat.
1855 5028 1899 5096 Et

313 5147 395 5244 quid
414 5148 543 5220 multa?
560 5176 654 5222 mens
671 5152 754 5247 ejus,
773 5148 887 5246 lingua
903 5151 986 5245 ejus,
1006 5175 1092 5246 opus
1108 5151 1191 5245 ejus,
1211 5175 1343 5246 semper
1358 5149 1486 5239 diviua,
1501 5173 1634 5244 semper
1651 5147 1896 5243 philosophica,

450 5287 462 5330 1
1723 5271 1763 5332 90
