4486 6100
447 615 522 691 838
1052 609 1437 686 rssrnl‘lsffllsttffl

573 753 673 811 Sinum
685 751 774 828 aspidi
1297 749 1368 807 Fide
1381 759 1475 804 nostra
1488 747 1576 806 fidens
1587 751 1733 819 corruisti,

524 843 578 905 Vel
591 845 652 919 igni
665 854 762 918 pectus
775 843 867 920 aperi,
1298 839 1409 913 Quade
1421 839 1522 894 trevir
1535 858 1615 904 verax
1627 841 1763 915 pensasti,

557 934 692 1010 Quisquis
704 934 789 1009 sapis,
1336 932 1445 987 Armati
1457 932 1507 1006 qui
1521 931 1635 988 horruit

555 1027 651 1097 Quam
664 1025 792 1081 femineis
1406 1022 1517 1078 Nomen
1527 1022 1636 1096 Abner,

523 1117 565 1171 Te
577 1115 735 1171 committas
745 1113 897 1184 illecebris,
1317 1159 1320 1172 .
1351 1115 1456 1169 lnernri
1469 1113 1613 1188 prevaluit

504 1204 565 1260 Nisi
578 1204 658 1261 malis
669 1204 704 1260 ad
717 1205 835 1260 exitium
972 1273 979 1284 ⁵
1405 1203 1470 1261 Tibi
1484 1205 1590 1261 Abner.

522 1297 676 1370 Properare
687 1297 874 1352 terdecimum
1282 1294 1340 1350 Nec
1355 1297 1385 1350 in
1397 1296 1440 1350 via
1451 1295 1586 1370 congredi
1599 1306 1693 1352 tecum
1705 1313 1803 1365 ausus,

592 1387 665 1442 Cum
678 1385 827 1460 praedictis.
1282 1387 1379 1442 Portus
1392 1385 1470 1442 urbis
1482 1385 1583 1460 polluit
1595 1406 1645 1462 per
1657 1387 1711 1443 hoc
1724 1387 1823 1442 scelus.

1352 1515 1457 1573 Milites
1469 1516 1592 1586 militiae,

818 1630 854 1684 p¹
1288 1625 1289 1628 ¹
1405 1607 1511 1664 Ducem
1526 1618 1635 1663 tantum

1352 1691 1548 1763 Lacrymantes
1559 1689 1684 1767 plangite

464 1777 591 1814 rsircrns
611 1777 691 1814 nsvin
710 1778 785 1814 sorar
798 1774 884 1814 ‘iussn
903 1777 975 1813 rimo
995 1777 1040 1814 ssu
1060 1779 1130 1826 Qnsu
1151 1779 1210 1815 sois
1404 1779 1450 1836 Sic
1463 1781 1653 1854 prostratum!

781 1866 892 1903 ΜΝ·
1186 1935 1188 1940 ,
1350 1871 1497 1944 Principes
1507 1870 1622 1942 justitie

815 2003 856 2016 -
1224 1987 1226 1992 ¹
1386 1959 1503 2016 Sumant
1513 1960 1604 2015 zelum

1352 2052 1387 2106 In
1399 2062 1456 2107 tam
1469 2050 1652 2107 execrabilem

538 2109 634 2165 Abner
647 2109 822 2177 fidelissime,
1405 2141 1627 2199 vindicandum.

538 2199 615 2256 Bello
627 2201 818 2257 strenuissime
829 2243 836 2266 ‚

537 2291 627 2346 Amor
639 2309 670 2346 ac
681 2289 786 2346 delicie

539 2379 668 2436 Militaris
681 2379 789 2454 glorie,
1625 2349 1675 2405 vl.

538 2508 623 2580 Quod
637 2509 677 2565 vis
690 2528 747 2565 non
761 2511 921 2583 praevapuit,
1345 2499 1473 2567 rtlrtc‘rus
1490 2499 1569 2536 nsvin
1588 2499 1663 2535 SUPER
1683 2499 1746 2536 stul
1770 2499 1802 2536 ΙΤ
1822 2499 1963 2536 tonsum.

536 2599 625 2655 Dolus
638 2601 667 2655 in
679 2611 708 2657 te
720 2601 827 2675 potuit3
1629 2625 1670 2636 ·-

536 2690 591 2746 Per
602 2709 688 2766 quem
699 2693 775 2765 peris
786 2691 915 2766 perditus
1354 2720 1648 2788 0010fflm501215um‚

466 2825 479 2844 ‚
535 2779 590 2835 Par
602 2780 662 2853 ejus
677 2782 714 2836 sit
726 2782 827 2837 exitus.
1355 2810 1494 2866 Labomm
1507 2809 1677 2879 remedium,

535 2907 627 2963 Nullis
640 2907 743 2982 dignus
755 2909 883 2978 llctibus,
1353 2901 1425 2956 Mihi
1438 2919 1500 2957 ¹³0²
1512 2901 1635 2970 ΟΜΝΗ,

535 2999 614 3070 Quos
627 3010 690 3056 tuus
704 3000 753 3056 dat
768 3001 898 3057 omnibus
1233 3053 1238 3060 ,
1352 2991 1436 3048 Nunc
1448 3011 1505 3067 qno
1518 2992 1607 3065 major
1619 2991 1700 3048 dolor
1711 2999 1767 3060 est,

534 3089 622 3146 Dolus
636 3091 807 3148 execrabilis.
1222 3144 1225 3149 ,
1350 3083 1682 3157 Justiorquemoerorest

535 3181 623 3236 Casus
636 3180 803 3236 miserabilis
1350 3173 1417 3227 Plus
1429 3183 1471 3228 est
1482 3175 1644 3229 necessaris.

535 3270 620 3344 Cogit
631 3269 667 3326 sd
678 3272 824 3327 continuas

534 3360 650 3415 Hostem
663 3379 776 3436 quoque
788 3361 936 3434 lacrymas,

533 3447 722 3525 Dissolvitque
735 3451 824 3523 pietas

534 3539 643 3594 Menles
655 3539 859 3610 adamantinas,

447 3629 541 3684 Hostis
553 3629 634 3702 regni
649 3628 718 3684 dum
728 3630 806 3684 luisti
820 3621 983 3685 manileslus

446 3718 562 3793 Semper
575 3719 656 3774 elaris
666 3729 695 3775 et
706 3719 860 3794 triumphis
873 3716 1045 3776 sublimatus.

1349 3301 1461 3374 Strages
1474 3319 1574 3374 magna
1588 3301 1698 3375 populi,
1753 3369 1755 3374 Ι

1349 3391 1435 3465 Regis
1447 3409 1522 3447 mors
1534 3401 1563 3446 et
1577 3391 1640 3460 filii,

1350 3481 1480 3536 Hostium
1493 3481 1608 3536 victoria
1618 3485 1631 3548 ,'

1349 3571 1461 3626 Ducum
1475 3570 1624 3639 desolatio,

1350 3661 1440 3734 Vulgi
1452 3660 1625 3735 desperatio,

1351 3757 1439 3811 luctu
1452 3753 1563 3829 replent
1573 3756 1678 3813 omnia.

500 3845 597 3904 Multis
608 3845 719 3902 damnis
731 3865 782 3902 nos
794 3848 951 3914 mulctasti,

518 3937 600 3992 Nulla
613 3955 708 4011 passus
722 3939 807 3994 armis
821 3951 933 4012 potens,

1348 3882 1483 3938 Amalech
1497 3883 1616 3940 invaluit

1348 3974 1434 4029 lsrael
1446 3972 1516 4028 dum
1528 3976 1652 4042 comsit,

586 4029 675 4130 Statu
689 4040 804 4102 polens,
1348 4063 1471 4119 Iulidelis
1481 4064 1584 4136 jubilat

587 4118 642 4175 vn
656 4118 808 4192 perlectus,
1400 4153 1539 4210 Philistus
1685 4197 1708 4240 5

517 4208 627 4265 Israelis
639 4209 720 4264 fortis
732 4228 845 4278 murus,
1348 4243 1422 4298 Dum
1435 4243 1564 4302 lamentis
1576 4257 1697 4302 macerat

517 4298 607 4356 Vide'
623 4317 734 4355 mecum
747 4300 890 4368 inimicus,
1400 4334 1435 4390 Se
1446 4333 1540 4390 Μῶα
1550 4335 1571 4390 s·

516 4389 552 4444 Et
563 4390 668 4445 amicus
679 4409 740 4446 eras
751 4393 892 4448 summos!

1351 4454 1471 4511 Insultat
1484 4456 1612 4513 fidelibus

516 4538 644 4593 Tandem
657 4540 760 4596 nostris
772 4539 873 4596 cedens
886 4539 970 4608 rotis,
1188 4567 1197 4588 ι
1350 4545 1476 4601 Infidelis
1488 4547 1621 4622 populus;

515 4629 550 4682 ln
563 4629 608 4684 his
622 4628 713 4686 loedus
724 4641 753 4685 et
765 4643 829 4705 spe²
843 4629 931 4705 pacis,
1348 4638 1382 4692 In
1394 4637 1532 4694 honorem
1543 4641 1694 4695 maximum

514 4719 601 4774 Arma
613 4721 694 4792 ponis
704 4719 776 4777 male
790 4730 882 4787 tutus,
1397 4728 1480 4783 Plebs
1491 4727 1622 4794 adversa,

479 4809 554 4863 Dum
567 4809 724 4865 timendum
738 4810 790 4865 tibi
804 4809 964 4880 credidisti,
1346 4818 1380 4874 In
1394 4817 1516 4874 derisum
1530 4821 1656 4875 omniurn

478 4897 614 4954 Pericnlis
625 4901 733 4956 cunctis
744 4900 900 4975 providisti.
1401 4909 1447 4964 Fit
1459 4908 1555 4966 divisa.
1587 4925 1595 4942 ·

479 5088 487 5114 ⁴
510 5086 589 5135 Volde
601 5085 662 5136 lorte
675 5085 850 5152 legendum-
860 5084 949 5138 'Forte
963 5087 1011 5154 leg.
1026 5089 1073 5140 luis
1079 5092 1160 5153 soedus
1176 5101 1197 5140 et
1208 5107 1283 5154 spem.
1294 5120 1319 5128 .,
1334 5091 1343 5118 ³
1356 5093 1452 5144 Greith:

1426 5211 1515 5250 infidelis
1522 5210 1597 5262 jubilet
1607 5211 1707 5251 Philistus

1424 5286 1476 5324 Dum
1486 5284 1578 5326 lumentis
1589 5292 1676 5326 maceret
1686 5298 1707 5326 se
1716 5285 1794 5328 tuden.
