4644 6112
933 633 1169 706 ERlS'POLAE.
1825 636 1847 704 9

264 777 315 848 ibi
336 777 371 846 in
395 775 473 872 ipso
497 772 614 842 statim
628 769 831 843 scholarum
852 773 951 845 initio
974 772 1109 871 glosas¹
1131 772 1206 844 illas
1228 772 1434 862 Ezechielis,
1455 795 1543 868 quus
1560 772 1721 844 Lauduni
1742 773 1849 846 incoe-

265 918 408 994 peram‚
425 912 675 965 consummare
691 889 822 962 studui.
840 897 927 979 Quae
948 893 1094 989 quidem
1112 890 1202 963 adeo
1215 892 1412 987 legentibus
1422 890 1677 989 acceptabiles¹
1690 893 1847 982 fiterunt,

267 1033 307 1087 ut
326 1039 383 1087 me
400 1029 477 1086 non·
493 1013 672 1084 minorem
686 1013 851 1107 gratiam⁸
863 1013 901 1083 in
919 1035 1018 1083 sacra
1031 1012 1183 1084 lectione
1196 1010 1366 1108 adeptum
1376 1013 1451 1106 jam
1466 1011 1668 1101 crederent,
1690 1036 1799 1108 quam
1813 1015 1848 1083 in

266 1133 512 1233 philosophica
527 1133 700 1204 viderunt.
724 1132 827 1203 Unde
841 1134 1026 1229 utriusque
1038 1131 1198 1202 lectionis
1210 1130 1328 1202 studio
1341 1131 1470 1203 scholae
1481 1147 1610 1204 nostra
1622 1132 1851 1204 vehementer

267 1253 507 1351 multiplicatae
522 1266 657 1348 quanta
677 1250 763 1322 mihi
782 1251 827 1322 de
848 1251 999 1349 pecunia
1022 1251 1138 1339 lucra,
1162 1263 1332 1346 quantam
1351 1249 1498 1345 gloriam
1519 1266 1786 1350 compararent,
1807 1277 1850 1322 ex

264 1375 358 1444 fama
371 1387 406 1444 te
418 1395 563 1470 quoque
576 1371 685 1444 latere
699 1395 774 1442 uon
788 1372 916 1468 potuit.
934 1370 1004 1442 Sed
1018 1370 1190 1467 quoniam
1202 1370 1419 1466 prosperitas
1435 1367 1559 1438 stultos
1576 1393 1716 1468 semper
1728 1371 1845 1460 inllat,

265 1508 300 1562 et
324 1490 507 1562 mundana
538 1488 772 1586 tranquillitas
804 1493 962 1585 vigorem
987 1503 1132 1561 enervat
1156 1489 1284 1576 animi,
1316 1504 1351 1559 et
1377 1512 1441 1586 per
1459 1487 1638 1558 carnales*
1667 1488 1849 1560 illecebras

264 1611 365 1682 facile
386 1611 560 1682 resolvit:
584 1629 697 1706 quum
712 1610 788 1704 jam
817 1633 875 1679 me
896 1607 1015 1679 solum
1038 1610 1075 1679 in
1093 1607 1230 1679 mundo
1254 1611 1461 1705 superesse⁵
1483 1605 1739 1704 philosophum
1760 1612 1848 1702 aesti-

263 1851 327 1944 qui
342 1866 447 1922 antea
463 1850 619 1920 vixeram
642 1848 980 1935 continentissime⁶3
1001 1862 1037 1918 et
1054 1871 1127 1943 quo
1141 1847 1294 1944 amplius
1306 1848 1343 1917 in
1359 1845 1585 1944 philosophia
1603 1845 1661 1916 vel
1680 1869 1778 1916 sacra
1796 1845 1850 1916 le-

265 1969 385 2040 ctione
398 1964 637 2066 proleccram,
652 1965 805 2065 amplius
823 1966 1080 2064 aphilosophis
1093 1982 1129 2037 et
1143 1966 1271 2038 divinis
1286 1965 1511 2037 immunditia
1526 1965 1605 2035 vitae
1623 1964 1846 2036 recedebam.
1923 2057 1926 2064 A

266 2091 411 2159 Constat
430 2089 562 2186 quippe
585 2085 836 2184 philosophos,
861 2086 996 2159 nedum
1020 2086 1180 2176 divinos,
1200 2086 1306 2159 idest
1325 2111 1431 2158 sacrae
1450 2086 1612 2157 lectionis
1636 2084 1850 2156 exhortatio·

265 2205 542 2297 nibusintentos,
552 2205 917 2278 continentiaedecore
929 2207 1084 2278 maxime
1095 2205 1274 2304 polluisse.
1286 2210 1406 2293 Quum
1414 2205 1519 2302 igitur
1530 2205 1672 2276 totusin
1684 2203 1848 2301 superbia

263 2339 370 2420 atque
389 2325 533 2408 ¹luxuria
554 2325 772 2414 laborarem,
795 2326 977 2421 utriusque
996 2324 1112 2396 morbi
1140 2324 1338 2396 remedium
1365 2324 1485 2396 divina
1507 2323 1595 2415 mihi
1621 2326 1748 2420 gratia,
1771 2323 1852 2394 licet

264 2444 416 2532 rrolenti,
442 2445 609 2534 contulit3
631 2467 674 2516 ac
691 2445 808 2543 primo
827 2443 990 2532 luxuriae,
1010 2443 1141 2516 deinde
1161 2443 1353 2542 superbiae:
1370 2443 1516 2514 luxuriae
1531 2442 1696 2540 quidem,
1716 2441 1772 2512 his
1792 2466 1850 2512 me
1882 2475 1889 2482 ·

156 2623 161 2636 .
263 2563 439 2658 privando
473 2565 604 2662 quibus
631 2565 744 2636 hanc⁷
769 2564 997 2655 exercebam3
1029 2563 1202 2662 superhiae
1227 2589 1334 2654 vero,
1367 2589 1445 2659 quae
1474 2563 1562 2634 mihi
1589 2588 1631 2634 ex
1654 2562 1847 2634 litterarum

263 2686 416 2757 'maxime
435 2686 581 2758 scientia
598 2681 827 2773 nascebatur,
846 2685 946 2779 juxta
972 2683 1060 2756 illud
1079 2684 1230 2782 apostoli
1253 2712 1260 2753 :
1283 2687 1438 2755 Screnu'a
1460 2684 1609 2774 inslot⁸,
1639 2682 1730 2753 illius
1750 2681 1846 2776 libri,

263 2813 336 2896 'quo
358 2805 511 2875 maxime
528 2803 721 2902 gloriabar,
745 2802 995 2874 combustione
1013 2827 1070 2874 me
1088 2801 1323 2894 humiliando.
1349 2803 1457 2898 Cujus
1480 2826 1577 2872 nuuc
1596 2802 1646 2872 rei
1665 2818 1851 2896 utramque

261 2917 446 2994 historiam
461 2925 578 2994 verius
590 2947 633 2995 ex
650 2925 726 3021 ipsa
739 2948 794 3012 re,
811 2947 919 3020 quam
932 2948 977 2994 ea
992 2921 1115 2995 auditu
1131 2945 1348 3018 cognoscere
1368 2938 1403 2993 te
1419 2920 1525 3010 volo,
1542 2921 1669 2991 ordine
1686 2921 1853 3016 quidem⁸

262 3063 337 3134 quo
360 3056 621 3137 processerunt.
645 3044 736 3129 Quia
753 3043 857 3138 igitur
875 3056 1076 3114 scortorum
1096 3040 1360 3112 immunditiam
1380 3063 1521 3136 semper
1539 3037 1797 3127 abhorrebam,
1816 3055 1851 3109 et

262 3159 310 3228 ab
333 3165 505 3232 accessu¹⁰
529 3175 564 3232 et
592 3163 873 3258 frequentatione
894 3160 1072 3233 nobilium
1091 3159 1302 3232 feminarum
1323 3158 1430 3230 studii
1454 3156 1624 3228 scholaris
1643 3156 1848 3228 assiduitate

262 3279 474 3368 revocabar,
491 3303 557 3352 neo
570 3279 739 3352 laicarum
758 3281 1090 3353 conversationem¹¹
1109 3279 1262 3350 mtrltum
1280 3301 1473 3366 noveram3
1490 3301 1599 3374 prava
1613 3277 1719 3366 mihi,
1741 3292 1781 3347 ut
1793 3275 1851 3346 di-

244 3443 246 3448 =
264 3399 369 3488 citur,
386 3400 529 3472 fortuna
541 3399 746 3489 blandiens,
763 3399 1046 3472 commodiorem
1059 3413 1163 3470 nacta
1176 3413 1228 3470 est
1242 3399 1485 3486 occasionem,
1501 3419 1573 3491 qua
1585 3419 1643 3468 me
1657 3395 1791 3468 facilius
1804 3397 1849 3466 de

263 3517 486 3594 sublimitatis
498 3518 604 3614 hujus
623 3519 760 3616 fastigio
778 3535 1019 3617 prostemeret
1035 3547 1043 3588 ε
1061 3520 1134 3590 imo
1152 3517 1462 3615 superbissimum,
1483 3540 1550 3586 nec
1567 3529 1719 3612 acceptae
1733 3517 1850 3610 gratia

263 3660 459 3711 memorem
474 3640 594 3712 divina
612 3642 724 3739 pietas
742 3640 969 3712 humiliatum
982 3638 1049 3710 sibi
1059 3638 1265 3710 vindicaret.

311 3761 394 3830 Erat
406 3761 540 3859 quippe
553 3762 589 3831 in
603 3762 679 3858 ipsa
696 3761 836 3832 civitate
851 3760 1003 3831 Parisios
1021 3758 1284 3832 adolescentula
1301 3759 1463 3855 quaedam
1486 3759 1632 3830 nomiue
1650 3757 1845 3844 Heloissa¹²,
1890 3787 2051 3896 Qucfflm

264 3879 378 3976 neptis
390 3880 554 3951 canonici
569 3879 773 3976 cujusdam,
789 3881 853 3975 qui
869 3878 1055 3950 Fulbertus
1070 3877 1280 3967 vocabatur,
1299 3881 1362 3976 qui
1376 3903 1456 3950 eam
1469 3892 1604 3976 quanto
1625 3877 1777 3975 amplius
1794 3877 1848 3948 di·
1916 3917 2022 3950 amoram
2120 3946 2127 3957 ,

264 3993 410 4090 ligebat,
423 4013 525 4070 tanto
538 3997 738 4094 diligentius
750 3999 787 4068 in
802 4021 1075 4093 omnemquam
1092 4011 1231 4094 poterat
1243 3998 1426 4070 scientiam
1438 3997 1634 4070 litterarum
1645 3999 1849 4095 promoveri
1882 3965 2058 4094 “miultis-

263 4115 457 4190 studuerat.
468 4123 678 4216 Quaequum
689 4143 755 4218 per
763 4117 889 4191 faciem
899 4143 976 4190 non
984 4115 1216 4207 essetinfima,
1230 4141 1294 4214 per
1304 4117 1560 4190 abundantiam
1571 4117 1767 4191 litterarum
1775 4132 1849 4188 erat
1872 4094 2067 4226 tpicstfflppp-

264 4258 440 4331 suprema.
464 4243 553 4310 Nam
570 4263 645 4335 quo
660 4237 799 4312 boumn
818 4238 910 4328 hoc,
931 4238 1144 4310 litteratoriae
1161 4237 1292 4308 scilicet
1314 4238 1483 4327 scientiae,
1507 4239 1543 4308 in
1565 4237 1772 4308 mulieribus
1796 4252 1848 4307 est
1891 4226 2044 4296 dmm-⁸⁴¹·

263 4355 402 4444 rarius,
429 4383 471 4429 eo
492 4357 644 4458 arnplius
667 4357 823 4457 puellam
854 4357 1147 4447 commendabat,
1171 4371 1206 4430 et
1227 4359 1263 4428 in
1289 4371 1365 4428 toto
1390 4383 1501 4454 regno
1528 4357 1844 4428 nominatissimam

262 4473 393 4547 lecerat
404 4480 433 4546 ¹³.
452 4481 550 4550 llario
562 4479 686 4575 igitur,
703 4477 869 4550 omnibus
880 4479 1160 4576 circumspectis,
1176 4501 1255 4575 quae
1268 4489 1426 4548 amantes
1439 4477 1578 4548 allicere
1596 4474 1724 4564 solent,
1739 4500 1846 4546 com-

264 4592 463 4668 modiorem
476 4597 597 4668 censrti
611 4597 646 4668 in
661 4619 820 4668 amorem
840 4595 925 4668 milri
945 4596 1113 4695 copulare
1123 4599 1159 4684 ¹⁴,
1180 4613 1216 4668 et
1233 4621 1292 4668 me
1309 4595 1347 4668 id
1359 4594 1551 4668 facillime¹⁵
1568 4592 1704 4666 credidi
1724 4619 1841 4692 posse.
1925 4679 1934 4694 ι

297 4889 304 4912 ‘
322 4889 504 4952 amicarum
523 4889 594 4942 Rtts.
614 4919 646 4929 —
664 4891 674 4918 ¹
694 4894 776 4944 (ἔνατα
794 4895 894 4957 sucrum
914 4891 985 4944 ltus.
1002 4921 1036 4932 -
1071 4895 1203 4947 -Eaeceaut
1215 4893 1279 4946 lldit.
1291 4895 1361 4946 hmb.
1375 4921 1405 4932 -
1416 4891 1438 4920 ¹¹
1450 4894 1619 4944 commercium
1629 4891 1700 4943 utts.
1712 4918 1739 4928 -
1752 4889 1774 4916 ¹¹
1786 4887 1847 4940 Vide

263 4970 273 4996 ⁸
286 4971 391 5024 Gustum
399 4973 449 5026 llS.
462 4975 575 5026 Amb-
587 4974 597 5002 ⁴
609 4977 762 5029 lolltrslaror
772 4977 843 5030 llllS.
856 5005 887 5015 -
900 4979 1035 5042 'Sucaelo
1071 4989 1123 5030 not.
1135 4995 1202 5030 run.
1213 5005 1246 5018 -
1257 4977 1279 5008 ⁸¹
1292 4981 1325 5029 lla
1334 4993 1378 5042 per
1388 4988 1462 5028 totum
1476 4978 1599 5028 Gallorum
1609 4991 1709 5044 repausa
1720 4977 1791 5040 sumn
1809 4980 1847 5025 ta-

262 5071 309 5104 rem
322 5056 371 5107 tta.
392 5058 465 5110 Amh.
479 5083 510 5096 -
528 5060 538 5087 ¹
556 5060 671 5113 &route
690 5065 836 5112 manutere
854 5072 877 5111 et
889 5065 943 5125 plan
964 5073 1035 5126 qum
1071 5066 1148 5114 dolcat
1164 5077 1233 5114 cuum
1245 5065 1370 5124 mirificum
1385 5065 1548 5114 dumam
1558 5059 1629 5112 asts.
1642 5087 1672 5097 --
1686 5058 1708 5088 ¹⁴
1718 5059 1847 5110 attrahere

262 5146 384 5196 mecca
405 5141 476 5194 uus,
490 5169 522 5180 -
538 5144 547 5171 ²
565 5143 608 5196 flio
624 5145 652 5195 l).
662 5169 681 5182 -
694 5147 764 5196 llnnc
785 5145 854 5196 deest
876 5145 901 5195 in
926 5145 990 5197 adr.
1003 5171 1036 5182 -
1071 5145 1142 5198 RES.
1154 5169 1182 5184 ··-
1192 5147 1215 5174 ¹⁸
1226 5145 1374 5196 recatus.
1390 5145 1462 5196 Δηὼ.

263 5221 385 5276 'Comum
394 5227 416 5284 1,
425 5229 1035 5294 cap.aruum.-'OrdtneveroRldS.-⁴⁰Sicl).
