4496 6102
714 593 759 666 ΙΝ
783 591 995 666 PASSlONE
1020 593 1177 667 DOMlNl
1202 591 1366 664 stulto.
1768 591 1840 662 433

252 731 462 805 exeuntibus
475 731 633 830 conspici
646 733 795 831 possint.
811 737 855 806 Et
866 758 979 831 quum
993 747 1102 822 tanta,
1118 738 1196 806 Deo
1210 734 1451 834 permittente,
1463 743 1620 827 agerent,
1636 746 1841 804 nontamen
1926 821 1930 832 .

251 865 517 950 cognoverunt,
538 851 626 949 quid
640 852 771 925 scilicet
790 869 954 951 agerent,
975 855 1059 951 quia
1078 878 1178 926 suum
1195 868 1335 925 tantum
1348 852 1516 948 injuriam
1539 850 1661 921 ulcisci
1681 849 1841 922 credide·

252 987 356 1064 runt,
378 969 530 1042 sednon
549 970 730 1059 divinam,
757 988 790 1045 et
817 973 888 1044 suis
908 971 1041 1044 viribus
1058 971 1130 1067 hoc
1149 972 1259 1068 magis
1277 971 1453 1071 potuisse,
1477 994 1587 1067 quam
1605 971 1843 1068 promissione
1876 973 1885 989 ’

252 1090 372 1162 divina
385 1115 457 1188 qua
473 1090 619 1163 tradidit
636 1092 777 1190 impios.
1021 1097 1025 1103 ’

303 1211 406 1282 Pueri
428 1211 547 1307 itaque
563 1211 700 1310 parvuli
720 1236 812 1311 quos
830 1211 990 1310 praedicti
1012 1211 1247 1310 perdiderunt
1275 1213 1369 1300 ursi,
1391 1212 1475 1310 quia
1494 1210 1679 1283 illuserunt
1697 1212 1840 1302 Elisaeo,

253 1331 320 1429 ipsi
341 1345 425 1404 sunt
443 1329 553 1401 ludaei
570 1347 742 1428 tanquam
762 1356 866 1404 sensu
883 1346 1062 1421 carentes,
1087 1357 1204 1429 neque
1223 1356 1288 1431 per
1305 1331 1437 1429 legem,
1459 1356 1577 1430 neque
1598 1357 1664 1430 per
1681 1346 1735 1404 tot
1745 1334 1845 1429 signa

253 1451 433 1522 Christum
452 1465 725 1548 cognoscentes,
747 1466 782 1525 et
796 1451 846 1522 sic
860 1475 881 1522 a
895 1475 979 1522 vera
997 1451 1188 1550 sapientia,
1206 1475 1285 1549 quae
1303 1451 1379 1550 ipse
1395 1464 1468 1542 est,
1489 1451 1594 1521 alieni
1617 1465 1652 1522 et
1669 1452 1705 1522 in
1724 1475 1845 1550 repro-

254 1570 341 1644 bum
357 1598 503 1647 sensum
516 1571 646 1644 traditi.
662 1577 742 1645 Non
757 1573 853 1646 enim
877 1572 992 1645 taliter
1003 1573 1145 1645 Christo
1161 1571 1351 1644 illuderent
1369 1587 1452 1644 ante
1467 1571 1753 1663 crucifixionem,
1778 1598 1846 1645 nec

255 1691 367 1764 Pilato
381 1675 629 1766 111011111111111111
644 1721 651 1763 :
673 1723 690 1760 a
700 1691 891 1789 Crucifige,
911 1693 1078 1792 crucifige
1092 1719 1197 1781 eum;
1218 1721 1235 1760 u
1253 1692 1353 1792 quod
1368 1707 1420 1764 est
1432 1693 1533 1790 quasi
1547 1692 1664 1764 dicere
1675 1693 1816 1766 Christo
1834 1723 1841 1763 :

259 1839 276 1878 u
293 1809 466 1902 Ascende,
482 1811 600 1902 calve,
617 1811 783 1902 ascende,
797 1812 907 1885 calve.
923 1841 940 1880 u
956 1811 1153 1886 Crucifixus
1171 1814 1306 1913 quippe
1318 1812 1448 1884 Christi
1468 1813 1628 1884 ascensio
1645 1827 1699 1884 est
1716 1815 1843 1885 crucis.

255 1931 404 2004 Calvum
417 1947 563 2024 vocant,
577 1957 685 2030 quem
698 1934 846 2005 terrenis
856 1933 992 2005 auxiliis
1006 1934 1062 2006 vel
1072 1934 1202 2032 opibus
1215 1933 1422 2006 destitutum
1436 1932 1570 2004 vident.
1585 1931 1667 2004 Tale
1678 1947 1730 2004 est
1739 1958 1842 2030 ergo:

260 2083 278 2122 α
294 2052 475 2143 Ascende,
497 2052 616 2144 calve,
639 2081 656 2119 »
678 2068 849 2153 tanquam
870 2054 899 2126 si
920 2053 1079 2127 dicerent
1100 2081 1108 2123 ε
1129 2059 1180 2125 Tu
1199 2054 1320 2144 miser,
1345 2051 1514 2125 omnibus
1532 2050 1637 2124 bonis
1658 2051 1845 2142 destitute,

258 2177 367 2274 quite
384 2174 522 2254 anobis
531 2174 760 2248 exaltandum
774 2200 850 2248 esse
863 2174 1092 2275 praedixeras,
1113 2176 1195 2248 veni
1205 2175 1296 2264 huc,
1312 2172 1508 2246 ascendens
1521 2197 1664 2244 crucem
1679 2172 1843 2245 exaltare.

258 2300 335 2368 Hoc
353 2296 450 2382 enirn¹
466 2319 531 2393 per
549 2295 701 2365 ironiam
721 2294 910 2368 illudentes
931 2294 1116 2386 dicebant,
1132 2295 1234 2393 quod
1249 2297 1286 2366 in
1306 2298 1454 2367 veritate
1466 2294 1512 2366 de
1529 2293 1746 2366 exultatione
1768 2318 1848 2365 cru-

259 2413 367 2506 cifixi,
389 2428 424 2488 et
442 2413 488 2486 de
506 2414 679 2488 electione
698 2417 856 2511 gentium
877 2417 1053 2488 Dominus
1075 2415 1301 2515 disponebat.
1322 2422 1416 2490 Bene
1430 2415 1479 2488 illi
1501 2415 1604 2514 pueri
1616 2413 1849 2511 quadraginta

177 2613 188 2627 ‚
261 2533 332 2607 duo
352 2535 458 2608 fuisse
472 2551 731 2626 memorantur,
752 2534 951 2608 secundum
964 2535 1130 2608 videlicet
1142 2561 1334 2608 numerum
1347 2561 1544 2626 annorum,
1560 2558 1652 2632 quos
1661 2533 1711 2605 eis
1727 2535 1851 2605 Domi-

261 2679 327 2726 nus
341 2654 385 2728 ad
404 2656 651 2752 poenitentiam
667 2655 874 2728 indulserat.
896 2655 1178 2754 Quadragesimo
1193 2658 1327 2757 quippe
1349 2681 1446 2729 anno
1464 2653 1624 2728 secundo
1646 2654 1850 2726 aPassione

261 2776 424 2865 Domini,
441 2774 515 2847 haec
529 2776 579 2848 eis
596 2774 777 2882 calamitas
788 2775 926 2850 accidit.
949 2776 1019 2850 Sed
1039 2802 1105 2850 nec
1125 2802 1146 2849 a
1163 2777 1331 2875 mysterio
1353 2793 1470 2867 vacat,
1490 2777 1589 2874 quod
1607 2777 1737 2850 sanatis
1750 2777 1852 2874 aquis

262 2897 377 2967 lerico
397 2894 540 2968 Elisaeus
553 2894 692 2986 Bethel,
710 2897 781 2968 hoc
794 2897 905 2970 estad
918 2896 1070 2969 domurn
1086 2897 1153 2969 Dei
1175 2897 1389 2971 ascendebat
1405 2925 1412 2968 :
1428 2922 1539 2997 quum
1560 2911 1596 2968 et
1615 2895 1792 2967 Dominus
1814 2896 1851 2967 in

262 3019 379 3090 Ramis
402 3019 604 3091 Palmarum
632 3018 891 3116 lerosolymam
917 3019 1082 3111 veniens,
1109 3045 1222 3118 quum
1246 3046 1312 3120 per
1338 3019 1453 3091 lerico
1479 3017 1664 3108 transiret,
1693 3039 1853 3111 egressus

262 3137 345 3212 inde
363 3138 456 3211 duos
478 3165 590 3212 caecos
611 3141 797 3212 sanaverit.
820 3141 890 3227 Qui
907 3140 1068 3238 profecto
1092 3156 1285 3238 antequam
1309 3165 1374 3239 per
1398 3139 1578 3220 Christum
1607 3151 1681 3208 tam
1701 3161 1854 3236 corpore

186 3295 195 3302 ·
263 3282 371 3355 quam
389 3259 509 3330 anima
530 3258 833 3349 illuminarentur,
856 3274 891 3330 et
918 3257 967 3331 ob
993 3259 1064 3330 hoc
1086 3285 1171 3330 eum
1201 3275 1446 3357 sequerentur,
1474 3259 1576 3355 quasi
1601 3284 1701 3357 aquae
1720 3257 1855 3332 steriles

263 3396 381 3474 erant,
398 3381 485 3455 durn
499 3381 617 3454 adhuc
632 3383 732 3452 omni
747 3395 854 3453 vento
866 3381 1038 3453 doctrinae
1051 3382 1262 3452 fluctuantes
1275 3380 1363 3477 quid
1374 3381 1520 3453 credere
1533 3379 1710 3452 deberent
1718 3395 1855 3454 certum

264 3527 338 3573 non
356 3499 553 3592 habebant,
577 3516 613 3572 et
627 3501 675 3572 ob
689 3501 759 3572 hoc
777 3501 893 3572 fructu
913 3499 1060 3599 spiritali
1074 3515 1247 3573 carentes.

316 3628 360 3695 Ut
371 3639 488 3695 autem
508 3637 635 3697 nostrae
649 3620 861 3695 narrationis
876 3635 1011 3694 textum
1025 3621 1286 3720 superioribus,
1308 3649 1386 3721 quae
1402 3625 1601 3697 intermissa
1621 3625 1779 3715 fuerant,
1797 3649 1857 3696 co·
1960 3655 1965 3666 ·

265 3725 446 3840 pulsibus,
467 3735 597 3839 quum,
622 3756 662 3813 ut
680 3742 850 3831 diximus,
872 3742 1048 3812 Dominus
1065 3740 1324 3837 lerosolymam
1341 3745 1509 3835 veniens,
1533 3743 1689 3816 luturam
1707 3744 1857 3817 civitatis

265 3864 406 3934 ruinam
422 3861 641 3960 deplorasset
658 3886 700 3932 ac
720 3860 953 3960 praedixisset,
975 3859 1154 3931 civitatem
1175 3861 1354 3956 ingressus
1377 3887 1462 3934 cum
1487 3864 1601 3934 multo
1624 3865 1856 3937 exultantium

264 3980 450 4054 turbarum
464 3983 648 4069 comitatu,
666 3979 711 4052 ad
730 3980 906 4077 templum
924 3995 1095 4076 tauquam
1114 3979 1296 4077 propriam
1309 3979 1460 4053 domum
1476 3981 1679 4079 pervenisse
1691 3982 1854 4071 refertur,

266 4105 356 4175 etin
375 4105 453 4203 ipso
472 4118 545 4175 tam
560 4102 732 4199 justitiam
749 4127 857 4199 quam
873 4101 1152 4174 misericordiam
1173 4125 1361 4194 exercens,
1382 4129 1496 4201 quum
1514 4104 1599 4176 inde
1620 4106 1858 4204 negotiatores

267 4239 432 4322 potenter
445 4223 653 4324 expulisset,
674 4249 857 4321 caeccsque
876 4223 1011 4295 ibidem
1029 4238 1064 4294 et
1078 4222 1226 4294 claudos
1239 4239 1398 4315 sanaret,
1415 4227 1529 4326 ipsam
1543 4225 1690 4298 Domini
1707 4225 1858 4297 domum

268 4344 520 4416 reconciliavit.
539 4346 699 4442 Ejecerat
708 4345 783 4441 jam
797 4344 864 4416 alia
877 4345 955 4416 vioe
967 4341 1053 4415 tales
1071 4341 1117 4414 de
1135 4343 1291 4443 templo,
1308 4345 1408 4442 quod
1420 4345 1518 4418 solus
1532 4350 1689 4418 loannes
1702 4369 1859 4418 comme·

254 4469 412 4564 ‚moreth
435 4465 505 4536 Sed
522 4464 647 4537 dehac
663 4465 787 4537 ultima
808 4464 980 4561 ejectione
994 4463 1154 4536 scribunt
1167 4462 1245 4552 alii,
1264 4444 1410 4562 quandb
1424 4465 1589 4538 videlicet
1607 4465 1700 4537 sacto
1719 4465 1859 4564 flagello

270 4581 314 4653 de
333 4582 497 4655 frmiculis
516 4608 642 4656 omnes
661 4583 775 4679 ejecit.
798 4585 937 4654 Marcus
960 4606 1045 4654 vero
1067 4582 1198 4654 refert⁸
1217 4582 1312 4654 hanc
1339 4585 1552 4679 ejectionem
1578 4607 1652 4655 11011
1676 4584 1714 4654 in
1743 4585 1861 4656 Ramis

271 4700 489 4792 Palmarum,
505 4701 568 4774 sed
582 4703 744 4799 sequenti
762 4701 821 4774 die
833 4724 946 4799 quum
964 4701 1095 4774 rediret
1107 4701 1284 4774 Dominus
1300 4703 1572 4800 lerosolymam,
1592 4703 1721 4774 factam
1739 4701 1856 4778 lirisse.

271 4827 311 4894 111
322 4825 439 4896 Ramis
449 4840 568 4898 tamen
582 4824 783 4895 Palmarum
796 4824 873 4923 ipse
880 4847 1025 4921 quoque
1036 4825 1233 4898 Dominum
1241 4839 1502 4897 commemorat
1509 4827 1657 4898 intrasse
1670 4825 1860 4925 templum,

271 4945 388 5017 sedin
402 4972 451 5018 eo
471 4946 559 5018 nihil
580 4946 752 5046 exegisse,
783 4947 851 5018 nisi
870 4946 1135 5044 circumspectis
1159 4946 1326 5020 omnibus
1353 4972 1433 5045 quae
1452 4947 1619 5039 aderant,
1649 4972 1777 5045 quum.
1787 4949 1863 5046 jam

308 5205 315 5230 ⁴
335 5205 404 5270 Luc„
418 5221 474 5274 cap.
488 5224 563 5272 xxm,
578 5211 692 5262 r.21.—
707 5210 717 5234 ¹
730 5208 812 5270 luam,
826 5223 882 5274 cap.
895 5224 910 5258 u
921 5246 927 5270 ,
938 5222 961 5258 1.
975 5207 1076 5258 lta-⁸
1088 5207 1173 5272 Marc,
1187 5221 1243 5275 rap.
1254 5223 1293 5269 xr,
1304 5223 1328 5258 r.
1343 5209 1379 5258 tt.

393 5313 405 5355 1
1488 5331 1490 5335 ·
1706 5301 1746 5362 55
