4496 6102
619 606 664 679 lN
688 604 1012 678 luuutttttottt
1040 602 1230 678 vttthNts
1255 599 1418 675 stettttto.
1739 597 1811 670 357

223 777 318 842 ram,
339 749 403 824 sed
423 748 469 821 ad
488 747 657 848 placitum
674 746 864 819 bominum
883 762 1018 846 spectat
1031 747 1213 848 impositio
1231 747 1435 820 nominum.
1461 742 1565 816 Unde
1584 757 1680 816 recte
1699 769 1813 842 quum

222 871 269 944 de
290 871 438 943 homine
457 879 638 968 assumpto
657 891 677 938 a
694 865 813 940 Verbo
832 864 1052 964 loqueretur,
1070 870 1171 966 cujus
1185 884 1312 940 natura
1330 890 1405 938 non
1425 881 1478 937 est
1496 879 1644 953 aeterna,
1664 888 1731 936 nec
1748 889 1820 965 per
1930 903 1936 933 ι

222 1005 405 1080 naturam,
419 988 483 1061 sed
497 1013 563 1087 per
576 988 723 1086 gratiam
738 1001 773 1060 et
784 987 957 1060 unionem
966 987 1075 1060 Verbi
1087 989 1196 1062 babet
1206 1013 1283 1061 esse
1299 986 1392 1058 filius
1402 986 1486 1076 Dei,
1501 983 1733 1056 dictumest«
1749 1009 1813 1056 vo-

222 1110 373 1202 cabitur,
398 1111 556 1209 »potius
578 1133 687 1207 quam
707 1109 786 1180 erit.
807 1108 916 1197 Quod
933 1111 963 1181 si
980 1111 1085 1182 etiam
1108 1135 1300 1210 personam
1317 1124 1429 1182 totam
1454 1107 1491 1178 in
1517 1106 1656 1179 duabus
1679 1108 1814 1178 naturis

222 1232 476 1303 consistentem
495 1230 655 1302 dicamus
669 1254 711 1301 ex
729 1229 873 1327 Virgine
887 1231 985 1303 nasci
1003 1230 1202 1303 secundum
1221 1255 1368 1329 corpus,
1390 1227 1491 1326 quod
1508 1227 1593 1298 inde
1610 1225 1814 1298 traductum

223 1366 294 1436 est,
312 1365 347 1422 et
366 1365 478 1423 totam
497 1350 593 1422 illam
611 1373 819 1448 personam,
841 1375 916 1421 non
936 1351 1053 1422 solum
1070 1351 1348 1438 humanitatem,
1371 1347 1484 1420 filiurn
1503 1347 1569 1418 Dei
1585 1347 1722 1437 vocari,
1740 1371 1813 1418 non

222 1473 418 1570 incongrue
443 1465 584 1544 dicitur.
615 1475 704 1544 Nam
729 1486 764 1544 et
786 1471 948 1548 surculus
973 1488 1100 1545 trunco
1120 1472 1263 1545 alterius
1281 1487 1417 1544 naturae
1438 1471 1591 1541 insertus
1610 1469 1675 1540 toti
1697 1467 1816 1540 arbori
1902 1479 1905 1486 ’

216 1573 376 1693 propriae
388 1607 521 1664 naturae
534 1587 673 1665 confert
689 1590 927 1663 vocabulum:
949 1608 988 1665 ut
1004 1595 1033 1665 si
1044 1593 1192 1665 aesculus
1203 1607 1354 1667 coctano
1367 1591 1545 1680 inseritur,
1562 1588 1722 1678 aescutus,
1739 1583 1837 1661 non‘

222 1728 393 1785 coctanus
405 1727 479 1786 tota
496 1711 604 1785 arbor
616 1710 766 1798 dicetur,
786 1711 972 1809 adigniori
990 1715 1122 1787 scilicet
1133 1729 1233 1813 parte
1252 1739 1331 1811 quae
1344 1701 1499 1785 fructum
1517 1711 1619 1784 affert
1631 1712 1680 1782 ita
1697 1713 1815 1782 nomi-

221 1831 359 1924 nanda,
375 1833 466 1904 sicut
478 1846 513 1903 et
529 1856 572 1902 er
590 1831 706 1902 fructu
721 1855 786 1903 suo
800 1832 1062 1928 cognoscenda.
1079 1834 1252 1922 Quaedam
1266 1849 1386 1906 autem
1401 1833 1549 1905 insertio
1568 1830 1760 1940 divinitatis
1778 1832 1833 1903 in·

220 1951 443 2025 humanitate
458 1951 548 2024 facta
561 1948 750 2040 esthodie‚
773 1966 808 2023 et
826 1969 996 2050 tanquam
1010 1980 1082 2027 una
1101 1955 1209 2027 arbor
1224 1956 1315 2028 lacta
1339 1971 1391 2028 est
1406 1981 1449 2026 ex
1467 1955 1607 2027 duabus
1625 1956 1760 2026 naturis
1779 1956 1817 2025 in'
1897 1943 1909 1968 ⁶

222 2095 333 2144 unam
346 2070 413 2142 sibi
425 2094 618 2169 pomonam
637 2070 944 2142 convenientibus.
962 2074 1141 2171 Scriptum
1159 2075 1295 2174 quippe
1308 2089 1362 2146 est
1378 2075 1424 2146 de
1440 2075 1634 2174 sapientia,
1655 2099 1734 2173 quae
1750 2065 1824 2146 Det,

222 2185 381 2263 Verbum
400 2189 617 2286 intelligitur,
639 2190 722 2287 quia
744 2219 762 2256 ιι
783 2189 920 2287 lignum
939 2191 1018 2262 vitae
1035 2206 1089 2263 est
1104 2193 1161 2263 his
1179 2195 1242 2289 qui
1255 2193 1532 2292 apprehendunt
1549 2187 1655 2267 earn¹2
1678 2223 1695 2262 u
1716 2194 1813 2280 Quid

222 2327 344 2384 autem
368 2311 588 2401 humanitas,
613 2309 680 2380 nisi
700 2308 808 2381 arbor
827 2309 1034 2400 maledicta,
1056 2325 1093 2382 et
1113 2325 1283 2407 tanquam
1302 2312 1437 2409 lignum
1460 2315 1585 2385 mortis
1599 2316 1816 2388 anteaerat?

223 2432 337 2520 Quasi
355 2455 439 2530 ergo
458 2430 594 2529 lignum
611 2431 691 2502 vitae
708 2429 806 2528 ligno
826 2431 951 2502 mortis
971 2432 1145 2503 insertum
1162 2430 1361 2529 intelligite,
1383 2459 1495 2530 quum
1509 2435 1546 2506 in
1564 2437 1709 2533 Virgine
1722 2436 1821 2508 velut'

219 2554 259 2624 in
276 2551 375 2624 bona
388 2567 481 2625 terra
494 2551 571 2623 haec
587 2551 734 2623 insertio
748 2551 792 2622 sit
806 2551 909 2623 lacta.
928 2552 1037 2648 Cujus
1052 2550 1199 2649 quidem
1217 2553 1420 2625 insertionis
1433 2555 1508 2653 ipse
1522 2556 1666 2653 spiritus
1681 2558 1718 2627 in
1738 2581 1816 2628 earn

219 2674 478 2772 superveniens
489 2687 658 2772 operator
676 2671 758 2764 luit,
777 2668 948 2770 tanquam
963 2671 1060 2746 illam
1077 2670 1276 2772 praevidens
1290 2671 1405 2764 diem,
1422 2699 1502 2772 quae
1520 2674 1566 2745 ad
1586 2677 1817 2749 inserendum

216 2785 451 2869 commodior
467 2795 626 2887 videtur3
649 2798 739 2870 sicut
758 2795 1162 2870 communishominum
1174 2797 1298 2898 opinio
1316 2813 1432 2889 tenet,
1455 2799 1518 2895 qui
1534 2798 1716 2871 inserendi
1726 2801 1818 2898 peri-

216 2919 309 2990 tiam
322 2916 473 3010 habent,
490 2931 526 2990 et
539 2916 645 3016 longa
663 2903 733 2989 hoc
750 2919 966 3018 experientia
980 2918 1194 2991 didicerunt.
1219 2917 1323 2990 Unde
1337 2933 1372 2989 et
1390 2915 1814 3007 confidenterassernnt,

216 3039 281 3109 vix
299 3052 361 3110 aut
378 3061 565 3136 nunquam
584 3038 740 3137 aliquam
758 3040 989 3111 insertionem
1005 3063 1085 3138 quae
1101 3037 1171 3112 hac
1184 3032 1243 3111 die
1260 3037 1339 3128 liat,
1355 3038 1518 3110 inutilem
1529 3062 1618 3110 esse.

274 3188 292 3226 ιι
316 3161 359 3229 Et
375 3182 458 3230 ecoe
483 3157 674 3231 Elizabeth.
700 3139 859 3231 »Nede
883 3160 1114 3258 possibilitate
1140 3176 1262 3258 partus
1283 3159 1436 3258 Virginis
1456 3157 1653 3257 quidquam
1678 3157 1816 3228 subori-

212 3294 322 3352 retur
340 3278 590 3370 dubitationis,
613 3281 715 3378 quasi
728 3281 799 3353 hoc
817 3296 909 3353 esset
928 3281 1148 3380 impossibile
1165 3280 1265 3380 quod
1288 3282 1413 3354 solitus
1433 3305 1558 3352 cursus
1580 3304 1655 3352 non
1670 3278 1817 3350 haberet

212 3413 359 3474 nattrtae
373 3428 381 3472 t
397 3402 434 3472 in
446 3403 658 3474 memoriam
670 3400 852 3474 reducitur
864 3401 1047 3474 Elizabeth
1058 3418 1274 3501 conceptus,
1288 3427 1494 3502 quaequam
1508 3417 1582 3474 tam
1595 3401 1695 3473 senio
1708 3424 1817 3499 quam

209 3519 404 3593 sterilitate
428 3535 521 3594 esset
544 3521 767 3613 infoecunda,
790 3520 944 3593 obtinuit
962 3546 1005 3593 ex
1023 3523 1134 3620 gratia
1154 3523 1254 3620 quod
1273 3523 1406 3596 habere
1424 3547 1498 3594 non
1526 3537 1665 3622 poterat
1688 3546 1729 3592 ex
1749 3545 1817 3592 na-

209 3655 316 3712 tura.
334 3640 438 3714 Unde
457 3641 550 3715 bene
564 3641 610 3715 ab
628 3641 755 3739 angelo
769 3654 842 3712 tarn
859 3656 1023 3713 senectus
1040 3643 1117 3739 ejus
1129 3638 1239 3741 quam
1254 3643 1416 3715 sterilitas
1429 3655 1673 3714 memoratur:
1694 3641 1819 3727 «Quia

206 3784 298 3831 non
315 3761 383 3832 erit
400 3761 618 3860 impossibile
634 3762 731 3862 apud
749 3764 867 3835 Deum
880 3751 989 3834 omne
1006 3760 1171 3834 verbum.
1188 3791 1207 3830 ιι
1224 3761 1384 3835 Verbum
1403 3763 1470 3834 Dei
1484 3761 1556 3834 boc
1571 3761 1653 3834 loco
1671 3761 1747 3860 ipsa
1767 3774 1819 3832 est

204 3879 345 3953 divina
362 3881 513 3975 locutio,
532 3865 612 3983 quae
629 3909 650 3956 a
667 3882 773 3956 beato
788 3881 1000 3954 describitur
1018 3883 1232 3979 Augustino,
1256 3883 1378 3955 divina
1391 3883 1577 3981 dispositio
1590 3907 1666 3954 non
1682 3881 1824 3953 habens

202 4003 353 4071 sonum
374 3991 589 4100 'strepentem
608 4018 644 4076 et
661 4016 922 4092 transeuntem,
939 4000 1004 4074 sed
1019 4003 1093 4073 vim
1112 4001 1147 4072 in
1166 4016 1341 4100 perpetuo
1357 3991 1576 4074 manentem.
1594 4000 1738 4072 Nullum
1757 4002 1818 4094 igi·

200 4137 277 4193 tur
298 4119 525 4194 verbum‘Dei
545 4122 765 4222 impossibile
779 4137 831 4194 est
845 4123 928 4220 ipsi,
948 4147 1060 4221 quum
1079 4121 1255 4220 quidquid
1266 4123 1341 4221 ipse
1354 4122 1512 4220 disponit
1523 4137 1563 4191 ut
1581 4121 1700 4208 faciat,
1717 4118 1817 4190 nullo

197 4242 391 4344 impediri
403 4267 486 4314 casu
500 4259 619 4341 queat.
635 4245 761 4316 «Dixit
775 4258 894 4315 autem
906 4244 1015 4315 Maria
1033 4270 1041 4314 ε
1061 4271 1078 4311 ιι
1091 4247 1180 4315 Ecce
1193 4242 1320 4316 ancilla
1337 4243 1521 4314 Domini.»
1536 4238 1633 4328 Quid
1651 4242 1817 4339 estquod

196 4365 263 4437 ais
285 4361 306 4433 ?
342 4360 509 4456 domina;
535 4363 622 4462 quid
647 4379 700 4436 est
723 4363 824 4462 quod
848 4363 1066 4462 respondes,
1095 4366 1216 4461 regina
1244 4388 1319 4436 non
1348 4362 1465 4434 solum
1499 4362 1713 4450 hominum,
1754 4362 1816 4434 sed

195 4499 242 4558 et
269 4482 489 4580 angelorum
513 4510 556 4557 ex
582 4483 654 4556 boc
673 4479 814 4556 lutura?
833 4488 914 4557 Non
932 4485 1046 4557 dicis:
1069 4488 1160 4557 Ecce
1178 4499 1292 4557 mater
1309 4484 1471 4572 Domini,
1492 4483 1550 4556 vel
1566 4484 1672 4555 ctiam
1688 4483 1817 4556 dilecta

191 4606 312 4695 nei,
333 4603 511 4678 ueletiam
529 4604 575 4678 ab
592 4605 677 4704 ipso·
686 4605 817 4696 electa,
837 4589 950 4702 quum
968 4607 1015 4677 sis
1032 4604 1254 4704 singulariter
1267 4603 1462 4705 praeelecta.
1480 4607 1623 4691 Quanto
1642 4617 1678 4676 te
1697 4604 1744 4676 ad
1759 4628 1817 4675 su-

190 4725 389 4799 blimiora
403 4725 593 4824 promissio
610 4724 741 4798 intollit
757 4724 934 4823 angelica,
957 4741 1057 4798 tanto
1071 4751 1213 4798 summa
1230 4725 1438 4798 humilitatis
1455 4725 1567 4796 virtus
1580 4739 1614 4796 te
1631 4722 1751 4822 dejicit
1769 4724 1816 4797 ad

188 4843 403 4918 iuferiora.
430 4843 501 4917 Ubi
518 4841 686 4936 obsecro,
710 4844 800 4916 illud
815 4858 868 4916 est
880 4845 1092 4918 honorabile
1110 4870 1246 4920 nornen
1263 4844 1363 4945 quod
1385 4845 1588 4943 unigenitus
1605 4858 1687 4915 tuus
1700 4841 1815 4917 fideli-

187 4964 278 5038 bus
308 4961 387 5034 suis
413 4963 588 5062 imponit,
609 4988 722 5060 quurn
739 4963 829 5035 ait²z
853 4992 872 5031 ιι
889 4967 967 5036 Jarn
986 4989 1061 5036 non
1079 4964 1196 5039 dicam
1212 4991 1277 5039 vos
1295 4989 1434 5056 servos,
1456 4963 1519 5036 sed
1537 4963 1693 5036 amicos?
1708 4993 1726 5032 u
1754 4963 1816 5037 Ille

230 5231 243 5260 ¹
267 5229 376 5287 Pron„
386 5241 443 5293 cap.
459 5242 499 5290 ιιι,
511 5240 536 5276 ι.
550 5229 590 5279 tt.
600 5253 634 5266 -
645 5225 655 5254 ¹
666 5225 750 5291 toan,
763 5239 818 5294 cap.
834 5241 877 5290 ιι,
887 5241 914 5278 ι.
929 5227 967 5277 tt.
