4486 6100
472 627 547 700 258
990 627 1215 702 flntotssst
1240 627 1533 703 raounnttttt

471 793 540 869 pro
556 767 679 840 amicis
695 770 786 856 suis,
807 796 825 836 n
848 768 1138 866 nequaquam-de
1154 770 1209 842 his
1229 767 1467 843 diffidendum
1486 766 1627 840 videtur
1643 765 1706 863 qui
1722 764 1799 837 zelo
1811 763 1914 862 legis,
1926 787 2046 862 quam·

472 889 525 958 vis
543 888 720 960 Christum
739 911 814 959 non
837 889 1023 978 noverint,
1041 891 1137 962 mori
1155 913 1222 988 pro
1240 893 1318 962 Deo
1338 890 1532 978 sustinent3
1566 911 1679 984 quum
1700 885 1745 958 sit
1764 883 1864 956 facile
1883 886 1961 956 Deo
1977 883 2046 958 tatt

472 1006 538 1078 hus
551 1007 671 1080 statim
681 1007 854 1105 inspirare
866 1008 951 1105 quid
966 1009 1012 1080 de
1024 1008 1165 1080 Christo
1178 1010 1224 1081 sit
1233 1009 1467 1099 credendum,
1483 1023 1674 1104 antequam
1687 1003 1733 1078 de
1745 1028 1898 1104 corpore
1911 1004 2044 1078 recedat

472 1128 607 1216 anima,
629 1151 676 1199 ne
693 1125 846 1199 infidelis
863 1143 1015 1200 transeat
1036 1153 1078 1200 ex
1096 1127 1165 1201 hac
1182 1131 1264 1201 vita.

946 1383 951 1394 ·
1024 1356 1206 1406 Paottntttts
1229 1353 1397 1404 HRLOISSAE
1422 1353 1494 1401 XIV.

519 1504 613 1592 Quid
633 1505 802 1602 estquod
827 1504 986 1577 fidelium
1005 1521 1142 1578 mentes
1157 1507 1332 1578 Dominus
1345 1529 1584 1604 componens,
1603 1519 1639 1576 et
1655 1527 1696 1575 ea
1707 1517 1924 1603 computans
1937 1503 2042 1592 bona,

470 1622 599 1719 quibus
616 1615 872 1710 beatitufflnetn
892 1626 1090 1725 promereri
1108 1640 1277 1724 possunt,
1299 1625 1411 1697 modo
1429 1625 1466 1695 in
1490 1623 1635 1721 singulis
1659 1623 1744 1696 dicit
1761 1647 1823 1695 eos
1840 1623 1985 1713 beatos,
2011 1624 2045 1694 in

469 1741 599 1838 quibus
617 1758 716 1833 sunt,
736 1757 908 1841 tanquam
923 1757 1037 1816 unum
1058 1745 1229 1842 quodque
1251 1745 1366 1816 facere
1383 1743 1533 1816 sufficiat
1552 1743 1709 1833 beatum,
1733 1744 1823 1814 sicut
1842 1767 1919 1815 esse
1935 1742 2046 1814 decla·

470 1875 568 1932 ratur
589 1885 631 1931 ex
648 1866 934 1934 remuneratione
954 1887 1080 1935 eorum
1101 1862 1282 1958 subjecta?
1300 1864 1357 1934 Sic
1375 1863 1508 1961 quippe
1531 1861 1682 1934 dicitur¹
1702 1891 1710 1933 :
1735 1891 1753 1930 u
1770 1863 1865 1934 Beati
1878 1884 2048 1960 pauperes

471 1979 613 2076 spiritu,
635 1982 807 2076 quoniam
819 1983 979 2080 ipsorum
992 1996 1045 2054 est
1061 2007 1210 2079 regnum
1222 1981 1408 2054 ooelorum.
1424 2010 1443 2050 n
1464 1986 1506 2052 Et
1519 1982 1679 2054 similiter
1698 1982 1734 2052 in
1753 1982 1888 2054 caeteris
1906 1980 2048 2078 singulis

470 2103 709 2173 remuneratio
728 2105 960 2200 supponitur,
983 2129 1026 2175 ex
1044 2127 1116 2200 qua
1133 2127 1353 2202 unaquaeque
1371 2101 1480 2201 gratia
1499 2103 1660 2176 sufficere
1676 2103 1818 2176 videtur
1827 2102 1873 2173 ad
1886 2101 2044 2174 salutem.

470 2223 566 2306 Quas
584 2222 691 2292 etiam
717 2221 884 2318 distingui
907 2223 1062 2321 petimus
1080 2223 1284 2319 diiigenter,
1305 2247 1378 2319 quo
1408 2222 1533 2294 melius
1550 2237 1738 2322 appareat,
1762 2235 1883 2294 unum
1906 2221 2049 2319 singulae

470 2337 662 2429 sufficiant,
684 2340 714 2410 si
734 2364 808 2412 non
832 2341 869 2411 in
888 2339 1017 2412 eodem
1033 2341 1180 2413 bomine
1198 2341 1302 2412 simul
1321 2344 1543 2413 occurrant¹.

1084 2542 1219 2613 Solrtu‘o
1243 2539 1435 2614 Aboetzrdt.

519 2714 662 2809 Septem
681 2725 764 2783 sunt
783 2709 878 2783 bona
896 2727 1066 2810 tanquam
1092 2727 1228 2812 septem
1248 2711 1552 2786 beatitudinibus³
1572 2713 1756 2802 distincta,
1775 2713 1905 2810 quibus
1922 2713 1969 2785 ad
1987 2737 2052 2785 su-

471 2853 590 2927 pernae
607 2829 736 2927 gaudia
749 2831 828 2903 vitae
843 2855 1023 2904 meremur
1039 2832 1251 2931 pertingere.
1273 2837 1362 2904 Nam
1376 2831 1454 2924 itta,
1477 2855 1556 2930 quae
1572 2833 1673 2929 quasi
1687 2847 1811 2904 octava
1823 2833 2049 2932 supponitur,

472 2946 636 3046 probatio
664 2951 775 3049 magis
805 2966 859 3024 est
876 2952 1152 3052 praecedentium
1178 2951 1463 3043 beatitudinum,
1492 2977 1601 3050 quam
1626 2952 1694 3024 illis
1721 2954 1891 3050 tanquam
1915 2939 2052 3026 diversa

471 3072 783 3159 connumeranda,
814 3071 876 3142 ubi
903 3072 1067 3144 videlicet
1090 3072 1275 3144 dicitur⁴.:
1307 3101 1325 3140 u
1350 3073 1444 3145 Beati
1474 3074 1535 3170 qui
1559 3074 1843 3171 persecutionem
1870 3075 2057 3171 patiuntur

470 3203 616 3286 propter
630 3190 824 3284 justitiam,
842 3191 1013 3286 quoniam
1033 3191 1194 3288 ipsorum
1208 3207 1262 3263 est
1278 3216 1428 3289 regnum
1447 3191 1631 3264 coelorum.
1652 3220 1670 3258 υ
1687 3196 1776 3264 Nam
1790 3193 1874 3290 quia
1887 3189 2054 3265 fidelibus

470 3305 580 3378 beatis
597 3311 860 3405 persecutiones
874 3309 1025 3381 maxime
1041 3323 1181 3381 constat
1192 3311 1393 3402 imminere,
1407 3335 1453 3382 ne
1471 3312 1550 3408 quis
1568 3335 1630 3382 eos
1645 3327 1791 3409 propter
1806 3311 1877 3383 hoc
1891 3312 2056 3384 crederet
2117 3295 2124 3310 ¹

473 3428 590 3499 minus
614 3453 691 3500 esse
719 3427 863 3518 beatos,
893 3427 974 3502 ideo
997 3429 1172 3527 ptmdictis
1194 3429 1472 3502 beatitudinibus
1491 3417 1585 3503 istud
1601 3433 1807 3530 supposuit,
1831 3448 2002 3528 tanquam
2026 3433 2056 3502 si

471 3546 604 3619 diceret
629 3575 636 3618 :
667 3553 739 3621 Nec
764 3549 882 3620 minus
903 3550 960 3620 isti
984 3549 1071 3620 tales
1094 3549 1188 3620 beati
1214 3565 1316 3640 sunt,
1340 3575 1452 3646 quum
1482 3551 1747 3649 persecutiones
1769 3552 1966 3641 sustinent3
1990 3551 2058 3624 sed

472 3668 583 3764 magis
599 3668 685 3740 binc
701 3667 921 3767 probantur,
941 3694 1054 3766 quum
1073 3668 1110 3740 in
1129 3670 1179 3742 eis
1197 3694 1271 3740 non
1291 3669 1474 3743 deficiunt.
1495 3675 1580 3743 Tres
1594 3687 1712 3742 autem
1733 3671 1891 3744 fidelium
1909 3673 2060 3744 ordines

471 3801 611 3858 constat
628 3813 702 3860 esse
722 3816 729 3859 ε
749 3811 861 3860 unum
880 3789 1042 3882 videlicet
1064 3791 1346 3880 continentium,
1370 3791 1520 3862 alterum
1535 3805 1735 3880 rectorum,
1759 3793 1901 3878 tertium
1926 3794 2058 3888 conju·

471 3925 646 4003 gatorum.
670 3913 710 3978 ln
735 3907 847 3980 tribus
867 3923 986 3980 autem
1012 3908 1293 4007 precedentibus
1316 3907 1594 3982 beatitudinibus
1622 3913 1846 3983 continentes
1867 3911 2062 4008 diligenter

449 4013 451 4016 ⁵
472 4027 626 4100 describi
643 4027 815 4118 arbitror;
835 4043 918 4127 post
934 4027 1000 4100 bas
1018 4046 1135 4102 autem
1156 4047 1246 4121 tres,
1270 4031 1359 4102 duas
1378 4031 1558 4128 proximas
1581 4030 1628 4102 ad
1646 4045 1801 4113 rectores
1818 4031 1972 4107 maxime
1994 4059 2063 4104 re-

472 4146 633 4220 ferendas
656 4146 831 4240 arbitror,
861 4149 951 4219 sicut
968 4145 1057 4220 duas
1081 4148 1224 4220 ultimas
1241 4149 1287 4220 ad
1312 4149 1538 4245 conjugatos,
1567 4164 1603 4222 et
1620 4163 1673 4222 est
1697 4149 1789 4222 ordo
1805 4159 1984 4248 congruns
2005 4177 2066 4224 se-

471 4266 628 4338 cundum
654 4269 862 4338 meritorum
883 4267 1024 4364 gradus.
1045 4268 1145 4340 Ordo
1164 4268 1297 4367 quippe
1315 4269 1593 4361 continentium,
1614 4269 1833 4369 perfectione
1853 4273 1931 4344 vitae
1953 4273 2066 4371 prior

351 4407 357 4421 ·
470 4399 522 4456 est
540 4387 684 4458 caeteris.
712 4387 897 4458 Secundus
923 4401 976 4458 est
992 4400 1189 4477 rectorum,
1210 4389 1294 4485 qui,
1315 4389 1477 4485 quamvis
1501 4389 1571 4460 sint
1598 4403 1770 4488 potestate
1799 4393 1882 4489 ipsis
1907 4417 2065 4490 quoque

471 4505 735 4578 continentibus
753 4505 953 4602 digniores,
974 4507 1105 4603 gratior
1125 4493 1242 4580 tamen
1259 4509 1371 4579 extitit
1390 4507 1597 4606 patriarches
1613 4507 1761 4608 pulchra
1781 4511 1910 4583 Rachel
1932 4527 1968 4583 et
1982 4529 2069 4586 ste·

431 4627 436 4636 '
471 4623 565 4715 ritis,
586 4648 694 4722 quam
718 4626 779 4697 Lia
798 4626 895 4725 lippa
917 4641 953 4698 et
971 4625 1186 4730 soecunda':
1217 4641 1253 4699 et
1270 4626 1397 4698 melior
1415 4651 1496 4726 pars
1516 4627 1633 4700 Mariae
1653 4643 1822 4725 tanquam
1847 4631 1883 4702 in
1902 4633 1976 4702 otio
1998 4658 2073 4705 va-

471 4743 602 4834 cantis,
624 4768 733 4842 quam
750 4745 895 4818 Marthae
912 4743 1033 4816 dbum
1051 4745 1281 4820 ministrantis
1291 4749 1311 4817 ⁸.
1332 4746 1484 4818 Ultimus
1499 4746 1591 4818 ordo
1611 4763 1662 4819 est
1676 4749 1948 4847 corrjugatorum
1966 4779 1973 4821 :
1994 4757 2072 4851 qui

472 4861 577 4957 longe
594 4886 615 4932 a
633 4864 898 4936 continentibus
912 4865 1066 4954 distant,
1085 4879 1120 4936 et
1139 4866 1337 4950 rectoribus
1347 4866 1477 4962 aquari
1493 4889 1567 4937 non
1582 4883 1780 4956 merentur,
1793 4872 1954 4966 quamvis
1971 4877 2075 4945 utri-

506 5149 512 5173 ⁴
532 5148 628 5211 Mattb,
641 5167 696 5216 cap.
714 5167 738 5210 r,
752 5167 774 5202 r.
786 5153 809 5200 9.
823 5177 851 5188 -
864 5151 874 5177 ¹
888 5153 1042 5204 Concurrunt
1055 5151 1116 5205 Cod.
1137 5151 1243 5203 Vict—
1255 5152 1265 5179 ³
1276 5153 1441 5204 Bsantadr'am
1462 5129 1524 5205 Gad.
1543 5153 1608 5206 tta.
1628 5183 1647 5192 -
1662 5153 1779 5218 Ἰαὼ,
1801 5171 1856 5224 cap.
1878 5173 1902 5221 r,
1921 5174 1943 5210 r.
1967 5161 2016 5211 to.
2036 5189 2079 5200 ·-

459 5236 484 5320 Ι·
500 5239 959 5306 aena„cep.1nx.—·tuc.‚cap.
974 5257 1003 5299 x.
1014 5256 1036 5290 v,
1051 5241 1082 5290 39
1093 5251 1118 5292 ct
1130 5257 1168 5306 sq.
