4486 6100
451 569 523 643 346
561 587 563 592 ·
657 506 661 514 Ι
1054 567 1186 640 PETlll
1216 565 1448 640 tumultur

452 706 518 764 Vile
531 707 624 760 minus
639 691 778 774 scortum,
793 702 842 760 sed
856 704 937 760 vilior
949 715 992 761 est
1004 703 1158 772 sodomita3
1302 702 1365 761 Sola
1376 703 1508 779 loquatur
1518 703 1547 759 iu
1561 704 1628 774 hoc,
1643 715 1826 778 oretanente,
1840 723 1946 761 manus.

487 797 573 869 Pejor
584 813 670 872 quam
683 795 817 852 meretrix
827 795 933 852 femina
945 795 987 851 vir
998 797 1142 851 meretrix.
1268 796 1388 853 Maxima
1401 796 1535 852 sobrietas
1548 805 1605 852 mm
1619 797 1708 854 virtus
1717 815 1802 872 quam
1811 796 1963 853 medicina:

452 890 570 946 Gratinr
580 900 623 946 est
634 888 751 946 humilia
769 889 903 946 meretrix
913 907 998 966 quam
1011 900 1085 946 casta
1098 889 1226 965 superba.
1305 887 1362 943 Cor
1371 887 1455 944 simul
1466 896 1495 943 et
1504 905 1606 962 corpus
1615 889 1739 944 conferet
1749 888 1900 945 incolume.

1272 976 1345 1033 bella
1356 987 1456 1051 gerant
1466 977 1597 1050 juvenes3
1611 979 1733 1034 seniores
1747 979 1947 1046 consilientur;

452 1070 584 1128 Prasralet
598 1072 628 1128 in
637 1071 734 1146 lingna
747 1070 797 1145 qui
809 1087 867 1126 uon
876 1081 919 1125 est
934 1070 1014 1127 fortis
1027 1071 1057 1126 in
1068 1071 1172 1140 armie3
1307 1067 1379 1132 Hos,
1391 1067 1460 1142 quid
1473 1078 1557 1143 agant
1569 1066 1629 1139 illi,
1642 1069 1817 1126 constituisse
1828 1067 1916 1124 decet.

490 1162 593 1218 Nullus
606 1164 637 1218 iu
652 1161 705 1218 hac
715 1177 810 1236 pugna
824 1161 888 1235 plus
898 1163 1045 1218 meretrice
1059 1173 1161 1237 potest.
1272 1157 1302 1213 Si
1316 1159 1375 1213 siue
1386 1157 1504 1214 consiliu
1512 1159 1565 1214 tibi
1578 1160 1744 1216 conuenisse
1757 1159 1881 1229 videbis,

453 1239 492 1309 lix
506 1245 561 1308 hoc
574 1253 713 1327 precipue
724 1251 831 1307 distant
842 1252 960 1325 ignavus
969 1261 998 1306 et
1011 1251 1114 1321 audax,
1306 1247 1406 1304 Gratia
1415 1247 1534 1305 fortune
1544 1249 1581 1304 sit
1590 1251 1652 1306 aine
1660 1249 1743 1306 laude
1754 1259 1812 1306 tua.

489 1343 575 1415 Quod
588 1343 668 1398 factis
677 1343 745 1412 iste,
760 1340 889 1415 praevalet
898 1341 946 1396 ille
959 1343 1054 1398 minis.
1272 1339 1301 1396 Si
1313 1349 1377 1413 post
1389 1339 1537 1397 consilium
1551 1358 1608 1397 uon
1619 1341 1677 1397 sint
1688 1341 1741 1396 tibi
1755 1340 1826 1397 facta
1837 1339 1969 1413 benigna,

453 1432 521 1490 Plus
535 1432 608 1489 ratio
621 1449 706 1506 quam
718 1431 777 1502 lex,
789 1431 853 1507 plus
863 1431 1067 1488 cousuetudine
1078 1431 1121 1488 lex
1131 1433 1183 1488 sit:
1307 1429 1371 1485 Non
1383 1431 1451 1485 hinc
1461 1429 1632 1505 culpandus,
1643 1429 1691 1486 sed
1703 1428 1878 1484 miserendus
1889 1429 1953 1483 eris.

489 1521 606 1594 Singula
618 1522 674 1577 aiut
690 1521 808 1596 proprio
821 1521 1017 1577 constituenda
1030 1521 1128 1595 gradu.
1272 1522 1340 1593 Que
1353 1538 1449 1592 voveas
1459 1520 1587 1577 discerne
1599 1521 1662 1594 pius
1671 1518 1848 1595 multumque
1857 1517 1973 1592 dinque;

455 1611 555 1683 Majori
567 1612 640 1686 parti
653 1629 689 1668 ne
700 1609 797 1684 cedas,
811 1611 860 1667 sed
874 1609 1000 1667 meliori:
1307 1608 1465 1668 Consilium
1478 1610 1558 1666 tarde
1569 1621 1633 1684 post
1645 1620 1694 1666 tua
1707 1621 1770 1665 vota
1782 1609 1868 1664 veuit.

490 1701 650 1758 Stultorum
662 1717 797 1757 uumerus
807 1700 1021 1757 innumerabilis
1030 1713 1080 1757 est.
1274 1698 1367 1757 Omne
1380 1699 1473 1755 minus
1490 1709 1587 1754 votum
1598 1699 1666 1755 solvi
1684 1700 1789 1772 majore
1799 1697 1912 1766 licebit,

456 1790 594 1864 Tempere
603 1799 635 1845 tu
643 1790 732 1862 judex
744 1789 813 1864 legia
822 1789 970 1846 moderare
981 1792 1104 1865 rigorem
1118 1815 1123 1845 :
1309 1789 1344 1845 Et
1356 1788 1480 1845 cambire
1488 1787 1594 1844 bonurn
1607 1805 1660 1862 pro
1670 1787 1879 1859 meliorejuvnt.

492 1879 555 1936 Hoc
565 1879 671 1935 etenim
683 1880 758 1954 leges
767 1881 818 1956 qui
830 1891 953 1938 statuere
966 1881 1073 1938 volunt.
1274 1879 1373 1936 Dulcia
1383 1889 1448 1935 suut
1461 1878 1531 1934 adeo
1540 1877 1680 1934 commissi
1692 1877 1792 1952 gaudia
1801 1878 1904 1944 nostri,

442 1991 446 2000 ·
458 1969 523 2040 Quo
535 1969 598 2042 plus
611 1967 740 2042 proficiat
748 1980 796 2026 tua
806 1971 843 2026 sit
851 1972 990 2028 correctio
999 1971 1118 2036 hunda,
1309 1970 1350 2026 Ut
1362 1979 1514 2026 memorata
1522 1969 1623 2043 juvent
1634 1985 1696 2043 que
1704 1965 1834 2042 placuere
1842 1967 1937 2023 nimis.

495 2062 602 2134 Aspera
616 2066 759 2133 perversos
772 2077 829 2117 non
842 2061 934 2135 capit,
945 2061 1032 2118 immo
1041 2073 1143 2118 movet.
1278 2061 1336 2132 Qui
1352 2059 1424 2115 dicit
1435 2077 1532 2115 verum
1542 2101 1550 2130 ,
1560 2076 1617 2114 nou
1630 2059 1686 2114 hoc
1698 2056 1818 2113 diceudo
1830 2056 1938 2113 laborat
1951 2081 1955 2110 :

457 2151 553 2220 Quum
569 2159 598 2205 te
612 2150 747 2224 corripiat
760 2151 867 2220 senior,
882 2151 1021 2224 patienter
1032 2151 1152 2226 habeto,
1307 2152 1427 2225 Fingere
1437 2149 1503 2206 falsa
1513 2150 1592 2223 prius
1604 2148 1733 2216 nitimur,
1748 2145 1814 2203 iude
1827 2146 1917 2222 loqui.

430 2285 434 2293 .
493 2240 529 2295 Et
542 2249 635 2312 grates
646 2250 780 2315 tanquam
792 2251 856 2314 post
867 2240 932 2296 data
946 2259 1046 2314 magua
1058 2242 1141 2297 refer.
1272 2240 1420 2297 Meudaoes
1432 2239 1538 2296 faciunt
1551 2256 1588 2294 ue
1597 2237 1692 2294 credas
1701 2253 1765 2293 vern
1777 2237 1921 2312 loquenti,

459 2330 502 2384 Ne
511 2327 670 2386 libertatem
680 2330 799 2400 vendas,
811 2330 878 2406 fuge
887 2330 960 2387 dona
974 2340 1139 2404 potentum:
1311 2331 1346 2387 Et
1358 2329 1455 2387 multis
1460 2329 1545 2404 justis
1553 2328 1677 2404 perfidus
1686 2345 1759 2384 uuus
1775 2329 1864 2384 obest.

494 2420 629 2492 Emptum
641 2431 670 2476 te
682 2419 794 2492 credas,
808 2420 867 2476 hec
876 2419 926 2475 ubi
936 2419 1091 2476 sustuleris.
1276 2421 1339 2477 Nou
1349 2420 1408 2476 leve
1418 2420 1573 2495 corrigitur
1584 2419 1633 2494 qui
1646 2436 1675 2473 se
1688 2417 1851 2492 delinquere
1868 2417 1972 2472 nescit:

461 2509 503 2563 Ne
515 2511 618 2566 servire
627 2509 715 2567 bonos
726 2509 762 2566 sd
772 2511 868 2585 turpia
876 2521 958 2584 cogat
967 2519 1075 2584 egestas
1087 2534 1093 2565 z
1309 2511 1451 2587 Plagaque
1462 2521 1533 2566 tuuc
1547 2509 1640 2566 minor
1653 2519 1709 2578 est,
1725 2508 1774 2564 sed
1787 2507 1927 2564 medicina
1945 2505 2036 2580 gravis.

494 2599 546 2655 His
556 2609 655 2655 natura
664 2617 764 2656 manus
773 2599 975 2677 ingeniumque
984 2599 1073 2657 dedit.
1276 2600 1370 2673 Quid,
1391 2602 1435 2656 cui
1457 2600 1507 2657 des
1525 2599 1632 2670 videns,
1653 2599 1719 2667 ubi,
1737 2598 1865 2673 mando,
1886 2592 2038 2672 morundo,

460 2693 599 2747 Contenta
612 2701 655 2770 est
664 2690 776 2748 modico
789 2692 968 2749 mediocritas
977 2703 1039 2749 tuta
1050 2692 1161 2764 labore,
1310 2690 1347 2745 Ni
1362 2700 1440 2764 grata
1454 2691 1561 2764 pariter
1572 2689 1702 2764 donaque
1712 2687 1829 2763 perdere
1839 2689 1891 2745 sis.
1932 2689 2038 2762 lquere,

475 2833 478 2842 Δ
495 2783 564 2853 Que
573 2799 661 2858 quum
671 2782 759 2840 libera
768 2785 819 2854 sit,
832 2784 873 2839 nil
884 2783 1034 2858 pretiosius
1047 2794 1098 2840 est.
1276 2777 1382 2853 Largus
1395 2781 1515 2856 quisque
1524 2779 1746 2853 datis,.ncoeptis
1756 2779 1860 2853 gaudet
1872 2794 1982 2845 avarus,

459 2871 590 2928 Archelai¹
599 2872 752 2947 reprobans
760 2872 887 2930 Socrates
898 2873 1014 2929 donaria
1021 2874 1096 2948 regis
1311 2871 1370 2928 Nec
1380 2871 1403 2926 si
1416 2871 1550 2944 poeniteat
1559 2879 1624 2945 post
1634 2867 1697 2926 data
1710 2866 1804 2943 largus
1815 2869 1880 2924 erit.

496 2964 574 3020 Dixit
585 2981 613 3018 se
623 2982 680 3020 non
692 2962 738 3019 bis
746 2981 826 3038 posse
836 2964 941 3020 referre
952 2963 1050 3019 vicem.
1276 2961 1333 3033 Qui
1346 2979 1395 3016 sna
1404 2959 1453 3015 dat
1461 2960 1540 3034 largo
1553 2978 1609 3016 nou
1619 2959 1681 3028 dat,
1698 2958 1748 3016 sed
1761 2960 1867 3015 fenerat
1880 2957 1923 3014 illi
1936 2981 1942 3011 ε

463 3053 669 3127 Philosophum
687 3052 791 3127 puduit
805 3052 887 3110 donis
904 3072 920 3108 a
934 3052 1021 3109 divite
1035 3053 1126 3121 vinci,
1242 3039 1247 3048 ’
1310 3053 1421 3110 Semina
1432 3069 1520 3125 pauca
1527 3052 1611 3125 jacit,
1627 3050 1777 3108 commoda
1789 3049 1878 3105 multa
1892 3050 1984 3105 metit.

494 3143 588 3214 Quem
601 3159 630 3198 se
641 3141 781 3216 gaudebat
794 3143 906 3202 vincere
916 3129 1059 3217 pauperie.
1275 3143 1333 3198 Vix
1345 3159 1394 3198 aua
1408 3143 1579 3217 pauperibus
1590 3142 1714 3197 moriens
1732 3139 1852 3216 largitur
1864 3155 1988 3206 avarus,

459 3232 583 3288 Vincere
592 3241 757 3305 contemptu
768 3231 882 3300 mnndi,
894 3231 998 3288 virtute
1007 3232 1114 3306 perire,
1310 3231 1356 3289 Ad
1365 3249 1460 3288 manes
1472 3249 1625 3306 properans
1633 3230 1692 3286 hec
1701 3232 1779 3306 quasi
1789 3231 1863 3286 ferre
1875 3228 1954 3286 velit.

495 3320 610 3378 cautela
623 3321 682 3377 hec
698 3321 793 3394 magui
805 3321 903 3395 regula
918 3339 1019 3394 magna
1032 3321 1096 3376 viri.
1277 3322 1413 3398 Quisquis
1423 3313 1486 3396 plus
1495 3323 1600 3378 retinet
1610 3339 1694 3397 quam
1706 3321 1767 3376 vite
1776 3319 1900 3395 postulat
1910 3337 1993 3387 usus,

461 3408 596 3466 Oblatum
607 3411 692 3484 gratis
704 3410 848 3468 Abraham
856 3429 908 3466 cnr
920 3413 1021 3467 emerit
1031 3427 1144 3484 agrum,
1310 3411 1451 3469 Admovet
1459 3411 1495 3468 ad
1499 3410 1633 3485 jugulum
1644 3411 1774 3485 pauperis
1784 3411 1844 3484 ipse
1852 3427 1964 3466 manus.

494 3499 701 3582 Respperitque
715 3499 834 3556 datum?
845 3501 961 3557 forsitan
974 3499 1112 3556 audierat.
1276 3502 1334 3574 Qui
1343 3500 1442 3558 leviter
1454 3499 1589 3576 spondet,
1604 3518 1656 3556 uec
1664 3499 1786 3557 multum
1796 3499 1902 3556 solvere
1916 3509 2008 3555 curat.

460 3591 557 3660 lllnlti,
577 3607 614 3647 ue
625 3591 720 3664 cupidi
733 3590 891 3660 videantur,
906 3591 980 3648 dona
989 3591 1128 3661 refutant,
1670 3597 1674 3606 '

496 3685 590 3756 Atque
601 3680 653 3736 sibi
668 3699 770 3736 nornen
782 3691 843 3736 arte
856 3699 954 3756 parare
965 3680 1092 3738 student.
1233 3715 1238 3759 5
1278 3681 1319 3738 Ex
1329 3681 1453 3738 hominis
1461 3681 1530 3738 vitio
1543 3699 1579 3738 ne
1590 3681 1684 3756 culpes
1694 3679 1770 3736 illins
1782 3689 1872 3736 artem
1884 3703 1890 3734 :

461 3770 540 3826 Nolis
552 3787 586 3825 ex
599 3770 697 3826 habitu
706 3767 803 3844 populi
813 3779 925 3844 captare
936 3771 1076 3828 favorem:
1316 3771 1365 3829 Est
1373 3771 1461 3828 bomo
1470 3789 1540 3846 sape
1551 3772 1640 3827 malus
1648 3771 1698 3846 qni
1711 3770 1802 3826 bonus
1810 3768 1969 3843 estnpifex.

496 3859 604 3916 Fallere
618 3859 770 3935 prudentes
779 3858 861 3935 pellis
871 3861 952 3917 ovina
963 3862 1078 3938 usquit;
1279 3861 1396 3936 Frigore
1404 3861 1504 3918 bruma
1517 3861 1630 3936 pigrum
1640 3861 1767 3916 crucians
1780 3868 1915 3933 aestasque
1929 3857 2024 3914 calore

461 3952 531 4023 Qua
542 3950 622 4024 pellis
635 3951 752 4020 sitovis,
767 3969 828 4026 que
840 3951 946 4025 uxlpis,
962 3969 1019 4008 uon
1031 3951 1098 4008 latet
1111 3951 1183 4008 illos.
1315 3951 1432 4026 Cogunt
1440 3951 1600 4008 mendicum
1611 3951 1704 4008 virere
1712 3965 1823 4024 semper
1831 3967 1914 4016 eum;

1280 4043 1433 4117 Quumque
1452 4043 1565 4116 pigrum
1584 4051 1694 4098 vexaret
1709 4041 1826 4114 hyems,
1851 4048 1991 4111 tectoque
2014 4053 2059 4089 ca-

464 4134 503 4187 Ex
516 4130 617 4187 habitu
633 4149 691 4186 nou
704 4147 783 4187 secus
794 4131 864 4200 eris,
880 4139 960 4205 potes
970 4147 1030 4188 esse
1043 4132 1180 4207 superbus
1194 4157 1200 4188 :
1353 4142 1446 4189 reret:
1704 4203 1706 4208 Ι

496 4221 546 4279 Est
559 4222 645 4278 nimis
657 4221 715 4277 hee
729 4223 845 4277 summis
857 4239 902 4278 res
915 4220 1012 4278 odiosa
1024 4221 1100 4278 viria.
1316 4223 1386 4292 Ver,
1397 4223 1506 4297 inquit,
1518 4222 1625 4291 veniet,
1640 4232 1764 4296 tuncque
1775 4219 1880 4294 parabo
1888 4218 2026 4274 domum.

462 4314 620 4387 Hypocritu
637 4313 770 4374 miseram
782 4329 867 4386 super
879 4313 974 4369 omnia
991 4329 1091 4369 censeo
1106 4312 1201 4370 vitam.
1281 4313 1425 4370 Vervenit
1434 4312 1561 4388 dixitque
1571 4313 1653 4387 piger
1662 4330 1718 4368 uon
1732 4329 1791 4367 esse
1800 4327 1914 4366 necesse

1316 4402 1465 4476 Temperie
1474 4411 1551 4458 tanta
1563 4401 1699 4477 temporis
1708 4419 1768 4458 esse
1776 4400 1906 4458 domum.

461 4493 551 4549 Nemo
559 4511 642 4549 senex
655 4493 724 4550 eden
737 4492 807 4568 quin
819 4491 913 4548 vivere
931 4508 1012 4568 posse
1025 4510 1076 4566 per
1089 4511 1194 4551 anuum
1280 4493 1310 4550 si
1319 4493 1401 4567 piger
1411 4509 1543 4548 excusans
1555 4493 1699 4567 presentia
1708 4503 1834 4564 tempora
1846 4489 1964 4564 culpat,

492 4585 532 4639 Se
541 4581 664 4638 confidat
675 4582 787 4638 adbucs
803 4580 912 4637 fallitur
920 4581 1012 4638 omnis
1025 4582 1055 4637 in
1066 4582 1131 4639 hoc.
1314 4583 1462 4658 Tanquam
1475 4583 1511 4639 sit
1519 4584 1620 4639 vitium
1636 4583 1773 4657 temporis
1785 4582 1840 4638 hoc
1853 4579 1939 4656 quod
1952 4589 2031 4654 eget.

463 4674 488 4728 N
492 4673 566 4728 ullus
578 4673 655 4729 enim
668 4683 710 4729 est
719 4672 771 4748 qui
783 4689 841 4728 non
854 4671 950 4747 aliquo
968 4673 1106 4730 moriatur
1119 4674 1150 4732 in
1164 4692 1237 4732 anun
1278 4675 1387 4731 Asserit
1397 4673 1513 4748 ignavus
1522 4673 1596 4728 bona
1605 4683 1731 4747 tempora
1744 4673 1929 4747 preteriisse,

497 4762 591 4833 Quem
599 4771 668 4817 tunc
681 4761 782 4817 etrite
795 4761 913 4837 deputat
925 4763 1058 4839 ipsosne
1313 4763 1349 4820 Et
1358 4763 1460 4820 vitium
1469 4763 1534 4820 fatis
1544 4764 1665 4838 imputat
1675 4764 1735 4837 ipse
1747 4780 1840 4818 annm.

462 4851 507 4908 sd
516 4852 644 4926 requiem
657 4861 766 4908 sanctes
779 4862 889 4910 constat
903 4853 1065 4928 pertingere
1078 4865 1185 4928 morte,
1277 4855 1382 4912 lllnlcet
1392 4853 1521 4911 adulator
1533 4853 1667 4923 stultum,
1681 4852 1790 4910 delator
1800 4854 1957 4927 iniqunm;

497 4941 595 5014 Quum
603 4951 674 4997 tunc
682 4940 718 4998 ad
727 4953 848 4999 mortem
857 4962 940 5000 nemo
950 4943 1046 5000 venire
1054 4942 1130 5001 velit.
1312 4945 1399 5002 Auris
1408 4944 1554 5001 confestim
1567 4953 1660 5000 sancta
1671 4941 1784 5018 repellit
1795 4960 1853 4999 eos.

461 5031 490 5086 si
504 5031 541 5086 sit
553 5031 641 5086 amica
654 5047 754 5100 senex,
768 5032 850 5089 donis
864 5035 1005 5090 conducat
1018 5035 1121 5091 amica:
1277 5033 1380 5090 Divitis
1392 5041 1434 5092 est
1446 5049 1542 5088 rernm
1560 5051 1711 5088 numerum
1723 5031 1833 5088 nescire
1847 5047 1974 5086 suarum
1986 5071 1995 5097 ,

496 5120 631 5195 suppleat
643 5139 676 5177 ex
690 5120 771 5178 donis
780 5123 857 5199 quod
869 5123 946 5180 caret
958 5143 992 5180 ex
1006 5125 1086 5180 facie.
1312 5123 1447 5198 Pauperis
1459 5132 1508 5178 aut
1520 5121 1615 5178 nullus
1627 5131 1773 5196 compotus
1785 5130 1834 5177 ant
1848 5117 1950 5174 brevis
1964 5127 2023 5175 est.

462 5211 607 5270 Artificem
617 5211 795 5270 commendet
807 5231 896 5288 opus,
908 5233 965 5271 nnn
980 5215 1095 5290 propria
1106 5213 1217 5288 lingua:
1236 5209 1238 5212 ’
1277 5215 1307 5272 Si
1320 5213 1385 5289 quis
1398 5211 1501 5270 divinis
1509 5211 1609 5286 jubeat
1621 5213 1761 5269 contraria
1772 5211 1869 5284 jussis,
