4522 6104
437 561 509 633 660
1031 557 1158 630 PETRI
1185 555 1418 630 tumulant

436 699 500 770 bili
517 701 641 772 suturae
657 702 735 770 vitae
748 700 823 794 jam
845 713 931 770 tunc
949 697 1175 795 disponebat.
1195 703 1272 770 Hoc
1291 711 1410 769 autem
1431 691 1608 792 propheta
1623 688 1713 760 dixit
1727 679 1977 785 praevenieuss
1996 718 2013 742 ι

438 834 558 890 turum
575 844 701 890 eorum
718 818 870 915 lapsum,
885 819 1020 914 nequis
1038 817 1129 888 sorte
1147 841 1259 915 quum
1273 813 1507 914 postmodum
1522 808 1662 882 audiret
1677 832 1739 879 eos
1755 803 1883 903 expelli
1898 803 1944 876 de
1958 825 2016 901 pa-

437 939 557 1009 radiso
573 937 747 1026 terrestri,
768 937 973 1034 desperaret
988 937 1034 1008 de
1050 936 1195 1008 coelesti.

489 1092 506 1128 tt
526 1059 679 1130 Crescite
700 1071 736 1128 et
760 1057 1057 1155 multiplicamini.
1080 1085 1098 1123 n
1121 1059 1220 1128 Sicut
1244 1053 1405 1154 superius
1431 1043 1672 1126 animantibus
1691 1046 1863 1143 aquaticis
1888 1043 2014 1115 dixisse

438 1191 669 1263 memoratur,
691 1205 708 1242 a
725 1176 870 1246 crescite
889 1189 925 1246 et
950 1175 1234 1273 multiplicamini
1250 1188 1286 1246 et
1302 1171 1436 1270 replete
1453 1193 1563 1266 aquas
1580 1167 1704 1253 maris3
1725 1192 1743 1233 n
1763 1165 1813 1235 ita
1827 1162 1887 1232 bic
1901 1161 2016 1233 bomi-

438 1294 544 1365 nibus
568 1296 695 1366 creatis
715 1295 833 1365 dicere
855 1309 1033 1382 narratur,
1057 1323 1075 1363 a
1089 1296 1236 1366 crescite
1256 1307 1293 1364 et
1313 1289 1597 1388 multiplicamini
1618 1301 1654 1358 et
1674 1282 1807 1382 replete
1825 1296 1977 1367 terram,
1995 1307 2013 1346 n

440 1427 477 1484 ut
496 1414 570 1483 bac
586 1439 731 1511 quoque
748 1414 881 1484 locutio
903 1415 994 1484 sicut
1016 1412 1074 1484 illa
1098 1437 1172 1484 non
1195 1411 1350 1510 prolatio
1375 1408 1567 1494 sermonis,
1589 1403 1653 1476 sed
1679 1400 1864 1500 dispositio
1887 1397 2015 1468 divinae

438 1535 656 1630 operationis
681 1533 982 1629 subintelligatur,
1007 1535 1202 1630 praesertim
1219 1557 1332 1629 quum
1354 1529 1518 1601 nondum
1534 1526 1663 1620 linguae
1680 1521 1827 1616 alicujus
1843 1517 2013 1590 institutio

438 1653 528 1722 iacta
556 1667 664 1740 esset,
688 1654 852 1723 nondum
874 1653 1050 1750 impositis
1074 1651 1120 1724 ab
1140 1651 1255 1723 Adam
1275 1647 1502 1735 nominibus,
1525 1646 1616 1716 sicut
1637 1638 1869 1740 postmodum
1897 1636 2015 1707 secisse

438 1771 613 1842 refertur:
633 1772 729 1842 unde
748 1774 815 1842 ista
830 1797 975 1870 quoque
991 1773 1056 1842 Dei
1073 1771 1207 1842 locutio
1225 1770 1316 1841 sicut
1336 1783 1372 1839 et
1394 1763 1605 1864 supradictae
1631 1785 1705 1832 non
1731 1774 1805 1830 tam
1829 1756 1876 1828 ‘de
1901 1753 2016 1853 prola·

439 1891 536 1960 tione
553 1890 747 1962 verborum
764 1890 972 1988 accipienda
986 1891 1137 1978 videtur,
1150 1913 1311 1986 quamex
1321 1886 1555 1984 dispositione
1572 1881 1712 1968 divina;
1729 1901 1842 1976 quum
1857 1875 2019 1946 videlicet

439 2011 486 2078 ita
506 2009 651 2106 deipsis
671 2011 786 2081 facere
805 2014 900 2080 Deus
917 2010 1014 2108 apud
1031 2035 1069 2080 se
1085 2010 1286 2096 ordinaret,
1304 2021 1344 2078 ut
1362 2016 1562 2076 crescerent
1577 2016 1613 2072 et
1631 1996 1964 2094 multiplicarentur,
1983 1991 2019 2064 id

439 2140 492 2196 est
508 2143 730 2198 crementum
747 2127 1051 2225 multiplicationis
1068 2128 1270 2225 acciperent
1283 2124 1539 2196 commixtione
1553 2116 1700 2192 masculi
1712 2131 1748 2190 et
1759 2116 1916 2202 ieminae,
1930 2135 2018 2208 quos

436 2249 510 2340 jam
532 2273 640 2345 supra
662 2249 822 2319 distinxit
837 2264 1010 2344 tanquam
1027 2248 1072 2318 ad
1089 2248 1159 2318 hoc
1178 2244 1375 2318 masculum
1391 2259 1427 2316 et
1443 2243 1613 2315 seminam
1630 2253 1781 2312 creatos.
1801 2242 1851 2307 Ex
1867 2260 1941 2332 quo
1957 2257 2018 2331 pa·

442 2379 557 2436 tenter
573 2368 746 2455 insinuat,
766 2382 940 2463 quantum
958 2391 979 2437 a
997 2367 1178 2438 creatione
1197 2366 1263 2436 Dei
1279 2381 1315 2436 et
1335 2365 1558 2437 institutione
1579 2375 1713 2432 naturae
1737 2357 1796 2428 illa
1818 2355 2018 2426 Sodomita·

441 2511 522 2556 rum
539 2485 790 2556 abominabilis
804 2487 1010 2558 commixtio
1029 2486 1192 2574 recedat,
1211 2510 1283 2583 qua
1298 2486 1433 2581 seipsos
1452 2497 1592 2554 tautum
1614 2479 1797 2578 polluunt,
1817 2475 1956 2548 nullum
1975 2473 2018 2546 de

442 2604 542 2701 prole
570 2603 724 2673 fructum
751 2619 986 2701 reportantes.
1013 2610 1239 2678 Damnantur
1264 2616 1301 2674 et
1323 2627 1367 2674 ex
1389 2601 1461 2674 hoc
1486 2600 1567 2672 loco
1592 2599 1768 2696 praeeipue
1793 2596 2019 2668 damnatores

444 2724 666 2820 nuptiarum,
685 2747 797 2820 quum
815 2724 940 2822 primis
955 2723 1163 2796 hominibus
1178 2723 1323 2812 creatis,
1341 2747 1382 2794 ex
1399 2720 1609 2794 auctoritate
1621 2716 1803 2791 dominica
1816 2716 2020 2812 conjugium

443 2844 563 2914 statim
578 2844 755 2914 sancitum
771 2843 828 2914 sit.
1516 2845 1519 2850 ’

495 2989 511 3026 ι(
527 2960 774 3031 ,animantibus
790 2986 869 3058 quae
886 2975 1076 3033 moventur
1092 2987 1200 3061 super
1216 2976 1385 3034 terram.»
1401 2961 1509 3048 Quod
1528 2957 1689 3056 adjungit
1704 2987 1722 3027 a
1735 2981 1815 3056 quae
1833 2972 2020 3030 moventur

443 3105 549 3177 super
566 3095 715 3168 terram,
727 3108 744 3146 n
764 3096 882 3177 potest
898 3082 1011 3153 videri
1028 3081 1192 3153 additum
1202 3106 1278 3153 esse
1287 3081 1333 3153 ad
1346 3081 1588 3152 exclusionem
1596 3094 1670 3153 tam
1684 3077 1880 3152 coelestium
1892 3079 2022 3150 anima·

442 3199 542 3287 lium,
555 3201 656 3294 juxta
669 3198 764 3271 illam
774 3199 907 3272 scilicet
920 3201 1130 3297 opinionem
1144 3198 1457 3298 philosophorum,
1469 3222 1541 3296 qua
1552 3198 1668 3270 sidera
1680 3197 1768 3270 deos
1780 3195 1973 3294 appellant,
1985 3195 2022 3267 id

442 3316 2019 3417 estanimaliarationalia,immortalia,impassibilia,quamaereorum,idestdaem0num.

496 3467 512 3504 a
530 3443 619 3508 Ecce
637 3438 733 3508 dedi.
750 3467 766 3504 n
785 3443 833 3510 Ac
848 3439 878 3508 si
894 3438 1045 3528 diceret,
1064 3440 1102 3509 in
1118 3439 1284 3534 praesenti
1300 3453 1462 3536 tempore
1478 3438 1553 3510 sive
1567 3436 1668 3525 loco,
1689 3437 1774 3534 quia
1790 3451 1827 3508 et
1842 3450 1926 3534 post
1940 3435 2023 3508 dilu-

446 3555 544 3623 vium
569 3555 731 3624 carnium
750 3579 895 3650 quoque
921 3579 1021 3624 esum
1046 3554 1187 3626 homini
1212 3556 1388 3627 Dominus
1415 3553 1572 3628 indulsit.
1600 3554 1671 3626 Sed
1697 3578 1810 3650 quum
1835 3553 2024 3624 nonnullas

448 3673 560 3742 modo
577 3671 707 3743 bestias
723 3675 779 3743 vel
795 3698 877 3745 aves
893 3672 1095 3764 videamus,
1111 3674 1242 3772 quibus
1254 3677 1416 3748 carnium
1431 3701 1512 3748 esus
1525 3674 1743 3746 necessarius
1759 3674 1821 3762 sit,
1839 3673 2022 3770 quomodo

449 3795 503 3862 bis
522 3818 667 3889 quoque
682 3795 773 3865 sicut
788 3793 928 3866 bomini
943 3795 1174 3867 solummodo
1190 3796 1310 3868 herbae
1329 3811 1364 3868 et
1379 3797 1526 3870 arbores
1543 3819 1640 3868 nunc
1655 3796 1692 3866 in
1709 3818 1809 3867 esum
1824 3793 2025 3866 concedun-

448 3929 518 3996 tur,
539 3928 710 4010 tanquam
735 3914 810 3986 haec
827 3915 894 3986 illis
910 3917 1068 4012 primum
1084 3915 1305 4006 sufficerent,
1325 3932 1362 3988 et
1379 3917 1447 3989 nisi
1462 3931 1545 4014 post
1560 3929 1747 4014 peccatum
1769 3914 1928 3988 bominis
1948 3939 2024 3988 car·

448 4033 554 4103 nibus
571 4032 787 4129 indigerent,
803 4049 841 4104 ut
858 4059 965 4131 poena
978 4034 1144 4106 videlicet
1159 4035 1317 4108 hominis
1333 4061 1375 4108 ex
1391 4051 1538 4134 peccato
1552 4037 1768 4134 proveniens
1780 4036 1816 4106 in
1830 4059 1872 4106 ea
1883 4059 2026 4133 quoque

449 4151 682 4240 redundaret,
703 4152 833 4250 quibus
849 4151 962 4223 homo
979 4178 1128 4251 praeesse
1146 4169 1182 4224 et
1199 4153 1378 4225 dominari
1391 4154 1530 4244 habuit,
1546 4167 1586 4226 ut
1602 4154 1670 4225 alia
1685 4152 1818 4224 scilicet
1833 4154 2027 4226 animantia

450 4272 525 4343 aliis
542 4273 582 4341 in
599 4272 762 4368 rapinam
779 4286 815 4342 et
831 4295 931 4342 esum
956 4271 1195 4345 traderentur.
1215 4277 1258 4344 Et
1281 4274 1438 4346 fortassis
1459 4273 1555 4345 nulla
1576 4288 1661 4346 sunt
1687 4273 1880 4344 animantia
1905 4273 1951 4344 de
1974 4273 2026 4345 bis

448 4415 529 4488 qnae
546 4390 655 4460 hodie
672 4392 764 4460 inter
786 4414 852 4460 nos
874 4391 1037 4461 carnium
1059 4392 1259 4487 indigerent
1280 4393 1468 4480 aliment0,
1491 4392 1621 4490 quibus
1642 4392 1680 4462 in
1701 4390 1879 4488 aliquibus
1904 4390 2027 4466 mundi

451 4507 611 4605 partibus
629 4507 807 4578 sufficiens
823 4533 903 4579 esus
920 4510 1070 4607 reperiri
1089 4535 1163 4581 non
1185 4511 1298 4609 possit
1318 4513 1354 4582 in
1376 4511 1498 4582 herbis
1523 4511 1580 4584 vel
1604 4509 1805 4584 arboribus.
1825 4515 1869 4582 Et
1886 4509 2028 4584 attende

451 4617 625 4725 'qrrdntum
641 4627 708 4698 sibi
725 4629 761 4698 in
780 4627 948 4700 omnibus
965 4629 1251 4702 bominemvelit
1273 4631 1444 4722 obedire,
1466 4657 1579 4730 quum
1598 4655 1664 4704 nec
1682 4655 1767 4703 eum
1784 4631 1975 4704 comedere
1991 4647 2029 4704 ut

448 4735 547 4818 vivat
565 4748 633 4818 nisi
648 4771 712 4844 per
728 4746 969 4819 obedientiam
986 4749 1090 4839 velit,
1112 4774 1178 4822 nec
1194 4752 1270 4822 sine
1286 4753 1520 4850 permissione
1540 4775 1604 4824 sua
1620 4750 1818 4849 quidquam
1831 4753 1869 4822 in
1886 4751 2028 4849 quibus·

453 4870 594 4962 cunque
620 4867 825 4937 necessariis
850 4869 1043 4963 attingere,
1066 4893 1131 4940 nec
1161 4869 1207 4942 ad
1231 4871 1525 4944 sustentationem
1548 4871 1656 4943 etiam
1680 4871 1771 4942 vitae.
1791 4873 1842 4940 Ex
1866 4894 1942 4966 quo
1967 4893 2027 4968 pa·

376 5035 379 5042 .
452 4999 569 5055 tenter
584 4987 701 5057 innuit
717 5002 830 5058 totam
846 4986 1004 5059 hominis
1019 4989 1130 5061 vitam
1147 4991 1292 5064 nonnisi
1308 4993 1345 5065 in
1363 4991 1569 5066 obedientia
1590 4993 1657 5066 Dei
1681 4992 1897 5082 consistere,
1924 5005 1961 5064 et
1982 4989 2027 5062 ad

451 5101 522 5172 hoc
539 5127 620 5174 eum
636 5103 866 5178 solummodo
884 5103 1015 5178 debere
1031 5107 1162 5180 vivere.
1794 5117 1803 5136 '
