4574 6110
446 587 518 659 328
1043 591 1172 663 PETRI
1197 591 1433 668 tumulum

480 715 551 784 Quis
565 716 601 771 sit
612 717 672 789 ejus
684 726 811 785 ornatus,
824 715 987 791 pradictum
1000 727 1060 784 est,
1229 739 1234 748 ·
1292 725 1389 795 Quum
1401 721 1437 777 ad
1448 738 1580 795 sponsum
1594 719 1633 774 sic
1646 716 1767 774 deducta
1780 727 1901 784 venerat,

478 805 544 876 Quo
556 807 592 861 sit
604 805 664 879 ejus
676 824 851 880 progressus,
866 805 1018 864 dicendum
1031 817 1080 863 est.
1291 814 1327 868 Et
1339 814 1368 868 iu
1381 813 1441 886 ejus
1453 810 1599 884 complexu
1610 808 1761 883 quieverit,

514 894 620 950 Christi
633 893 727 964 decus,
741 906 795 952 etc.
1291 904 1355 973 Qua
1368 901 1477 958 fruatur
1490 901 1576 975 gloria
1588 897 1652 974 quis
1665 897 1789 954 dixerit?

1291 994 1360 1063 Que
1374 1009 1452 1047 mens
1465 1001 1541 1047 tanta
1555 988 1655 1064 gaudia
1668 987 1847 1061 conceperit?

773 1055 878 1113 XCIII·
1326 1083 1443 1140 Adhuc
1456 1093 1530 1140 certe
1543 1097 1626 1136 nemo
1638 1075 1753 1144 sufficit,

475 1181 514 1236 Ut
526 1198 625 1238 aurora
638 1201 808 1259 consurgens
821 1186 1018 1260 progreditur,
1327 1174 1388 1229 Nili
1403 1174 1475 1230 f⁰f¹⁹
1486 1189 1575 1247 ‘luum
1588 1169 1646 1224 ¹¹²⁰
1658 1168 1784 1224 'emit‘

474 1273 544 1342 Quo
557 1272 675 1329 coelestis
688 1276 781 1348 sponsi
797 1286 860 1331 toro
867 1276 1019 1351 jungitur¹
1032 1300 1039 1345 ;
1455 1265 1459 1273 ¹

473 1362 553 1418 Sicut
566 1379 665 1436 sponsa
677 1363 811 1419 loederata
822 1364 942 1432 fecerat,

474 1450 535 1506 lllic
548 1462 682 1526 tanquam
694 1470 764 1508 uxor
772 1454 832 1526 jam
843 1454 995 1510 cohabitat.

508 1541 554 1597 Sic
566 1543 597 1598 in
612 1541 667 1598 ilde
681 1543 751 1598 lacta
764 1543 869 1599 foedera

508 1631 569 1688 illic
583 1634 612 1688 in
628 1651 659 1688 re
673 1651 772 1708 perpes
783 1634 891 1708 copula.

1293 1325 1357 1380 ttaec
1371 1332 1435 1378 sunt
1448 1321 1493 1377 illa
1506 1338 1566 1396 quae
1578 1337 1635 1374 non
1647 1316 1717 1372 vidit
1729 1315 1838 1383 oculus,

1290 1413 1349 1470 Nec
1362 1412 1493 1468 humanis
1505 1411 1566 1485 capi
1580 1417 1696 1484 possunt
1708 1405 1852 1474 cordibus,

1292 1505 1361 1576 Quot
1375 1522 1403 1559 se
1414 1504 1490 1559 Deus
1503 1499 1606 1574 praebet
1618 1494 1814 1571 diligentibus,

1292 1595 1336 1650 Ab
1348 1595 1458 1650 eternis
1469 1601 1563 1666 parata
1575 1588 1758 1664 temporibus.

1324 1685 1432 1740 Christi
1447 1681 1550 1751 decus,
1570 1691 1625 1736 etc.

472 1762 682 1835 Paranymphos
695 1761 753 1818 illic
764 1761 871 1818 habent
882 1763 1009 1835 angelos,

471 1852 550 1922 Quos
563 1851 692 1908 custodes
702 1852 838 1908 babemus
849 1853 897 1908 hic
911 1854 1050 1928 proprios.
1583 1865 1690 1922 XCIV.

472 1945 517 2000 Ad
529 1961 649 2019 superna
662 1945 850 2002 thalamorum
865 1946 965 2021 gaudia

474 2035 554 2090 illam
566 2053 668 2109 pompa
680 2035 795 2092 deducit
809 2037 943 2110 angelica.
1292 2047 1458 2109 peccatricis
1470 2046 1555 2102 beate
1568 2041 1727 2099 solemnitas

509 2125 583 2180 Hinc
595 2124 725 2180 obviam·
743 2127 823 2200 virgo
835 2127 973 2201 virgines,
1294 2141 1456 2196 Peccatores
1469 2135 1588 2192 maxime
1599 2129 1727 2187 laetificat.

509 2214 591 2271 illinc
604 2225 693 2271 mater
705 2215 790 2272 habet
803 2226 947 2288 martyres.

982 3021 1147 3114 earm
1179 3017 1480 3112 inuitum

743 3256 837 3369 tm
875 3255 1106 3368 ΒΕΑΤΑ
1143 3251 1434 3368 VIRGINE
1474 3247 1723 3365 Pltost.

475 3809 613 3874 Andreas
627 3813 837 3886 Quercetonns
857 3811 936 3875 huuc
948 3827 1072 3896 prosam
1091 3810 1248 3875 hboelurdo
1264 3811 1388 3889 tribuit,
1402 3824 1528 3874 auctore
1541 3809 1649 3876 Judoc.
1667 3809 1874 3881 Clichtoveo⁴,
1894 3809 1946 3890 qui
1960 3809 2025 3891 ipse

414 3914 574 3998 ‘sequitur
593 3913 771 3996 opinionem
795 3916 1014 3981 liomochuris⁸
1035 3924 1066 3980 et
1085 3917 1209 3980 Antonii
1228 3915 1377 3992 Bellote⁸3
1402 3924 1505 3980 utrum
1524 3915 1594 3998 jure
1615 3933 1654 3977 en
1675 3914 1842 3990 immerito,
1863 3915 2022 3977 incertum.

435 4021 560 4083 Constat
574 4025 675 4081 tumen
694 4018 752 4082 hos
766 4019 935 4084 uersiculos
954 4021 987 4084 in
1007 4020 1163 4084 nonnullis
1177 4020 1250 4084 olim
1266 4020 1406 4084 ecclesiis
1419 4021 1614 4097 decantatos,
1629 4019 1656 4082 si
1672 4019 1711 4082 od
1725 4019 1944 4082 modulationis
1961 4014 2024 4079 ele-

434 4123 569 4202 gantiam
583 4131 675 4206 etque
689 4125 817 4204 gretiam
832 4133 968 4210 spectes,
986 4143 1047 4187 non
1062 4123 1222 4188 hboelerdo
1235 4123 1381 4206 indignos
1393 4123 1553 4188 habendos
1566 4142 1643 4186 esse.

542 4397 630 4454 Mittit
642 4397 678 4453 ad
689 4397 838 4472 Virginem
1355 4397 1468 4453 Fortem
1484 4395 1613 4470 expediat

540 4487 604 4542 Non
617 4489 743 4562 quemvis
757 4488 903 4560 angelum,
1355 4488 1412 4544 Pro
1424 4486 1505 4543 nobis
1521 4487 1668 4554 nuntium,

541 4575 597 4632 Sed
610 4575 817 4632 Fortitudinem
1357 4577 1469 4633 Naturae
1484 4576 1567 4632 iaciat

539 4667 629 4722 Suum
642 4665 842 4739 archangelum
1357 4667 1397 4722 Ut
1410 4666 1619 4741 prejudicium,

543 4757 660 4810 Amator
672 4753 802 4808 hominis.
1163 4801 1168 4808 .
1357 4759 1388 4810 lu
1401 4766 1484 4831 partu
1498 4756 1637 4831 Virginis.

466 5017 473 5043 ¹
490 5015 552 5067 God.
561 5018 705 5081 innuuntur.
724 5039 756 5050 -
766 5011 776 5038 ²
786 5013 848 5064 Cod.
863 5017 951 5064 avum.
966 5037 997 5048 -
1009 5011 1019 5040 ⁸
1029 5012 1114 5066 Codex
1129 5023 1211 5065 noster
1251 5011 1295 5063 lib.
1310 5011 1356 5072 tt,
1368 5027 1423 5076 cap.
1436 5027 1460 5061 v.
1469 5037 1500 5048 -
1511 5012 1522 5040 ⁸
1532 5015 1567 5062 De
1579 5013 1702 5064 obstruat.
1715 5013 1796 5065 Nisroe
1805 5019 1903 5073 eetetr„
1914 5027 2018 5078 capu.

431 5103 479 5153 hoc
492 5103 548 5153 ioco
559 5100 663 5167 abrupte
676 5097 775 5156 delicit,
794 5113 842 5150 nec
853 5095 932 5164 pauca
943 5095 1030 5150 demto
1043 5098 1166 5150 ridentur.
1178 5123 1212 5137 -
1252 5123 1282 5133 -
1294 5095 1304 5122 ⁸
1314 5097 1382 5147 litter
1394 5095 1512 5147 deuterio
1522 5099 1676 5148 tardunensis
1689 5103 1800 5159 redivivi,
1814 5097 1926 5162 Parisiis,
1940 5099 2000 5148 1862
2012 5136 2019 5158 ,

432 5185 647 5240 ‘Eirtctdutoriuru
663 5185 866 5242 ecclesiasticum,
881 5181 991 5244 Parisiis,
1012 5185 1092 5246 1526,
1109 5181 1210 5242 indul,
1251 5181 1343 5238 in-lol..
1353 5181 1445 5245 pili,
1456 5197 1482 5231 u.
1500 5183 1525 5231 6.
