4522 6104
600 577 662 648 DE
688 572 895 648 DlONYSlO
923 569 1208 647 Auuorlurrl
1232 568 1458 642 Erlsrott.
1757 565 1829 641 68³

239 720 467 820 praesentiam
475 719 531 792 sui
542 717 754 792 reddebat.»
766 722 888 788 Exstat
903 715 1059 814 denique
1076 715 1151 812 ejus
1168 713 1319 812 epistola
1331 711 1378 784 ad
1393 708 1683 784 Lacedaemonios
1698 709 1831 807 scripte

239 843 282 916 de
299 843 482 916 Catholt'eo
489 839 585 934 fide,
607 854 643 912 et
658 845 666 878 ¹
683 840 751 912 alia
767 837 814 910 ad
827 837 1081 928 Athenienses,
1100 838 1138 908 in
1156 834 1294 935 quaed
1310 832 1493 930 Evangelii
1508 829 1756 904 crediditatem
1773 832 1830 902 in·

240 965 329 1036 vitat
344 978 380 1035 et
395 962 554 1036 concitat
575 961 746 1034 seniores.
768 963 811 1030 Et
827 957 915 1030 illud
932 957 1096 1054 designat
1110 959 1147 1029 in
1165 957 1294 1029 eadem
1316 954 1486 1054 epistola,
1513 951 1615 1051 quod
1639 951 1831 1048 Dionysius

241 1087 485 1183 Areopagites,
514 1083 576 1181 qui
601 1081 648 1154 ab
668 1079 834 1180 apostolo
858 1077 969 1152 Paulo
994 1081 1188 1152 instructus
1208 1077 1361 1149 credidit
1381 1077 1544 1166 Christo,
1569 1073 1768 1148 secundum
1790 1096 1832 1144 ea

242 1228 321 1301 quae
348 1205 386 1274 in
411 1203 662 1302 Apostolorum
689 1199 835 1274 Actibus
862 1200 1096 1297 designantur
1106 1205 1129 1289 ¹,
1157 1200 1293 1297 primus
1328 1197 1425 1296 apud
1447 1197 1603 1270 Athenas
1628 1195 1675 1268 ab
1701 1192 1832 1266 eodem

242 1323 407 1421 apostolo
423 1325 613 1423 episcopus
630 1323 736 1396 suerit
758 1321 958 1394 ordinatus.
977 1321 1048 1394 Sed
1066 1337 1102 1393 et
1120 1323 1377 1416 Hieronymus,
1397 1319 1473 1408 ille,
1492 1319 1657 1416 inquam,
1676 1315 1833 1388 ecclesiae

242 1441 372 1516 doctor
382 1444 557 1540 egregius,
568 1455 676 1541 super
691 1443 763 1514 hoc
780 1444 859 1540 ipso
875 1443 912 1513 in
930 1441 1024 1513 libro
1040 1439 1083 1512 de
1099 1438 1302 1512 Illustrt'bur
1314 1443 1347 1510 V
1348 1441 1412 1510 irir
1427 1439 1477 1510 ita
1493 1436 1673 1508 meminit³
1690 1461 1698 1505 :
1720 1463 1737 1502 «
1748 1435 1835 1507 Dio·

243 1562 364 1658 nysius
391 1562 663 1635 Corinthiorum
688 1561 844 1634 ecclesiae
866 1562 1055 1660 episcopus
1079 1557 1189 1632 tantas
1203 1559 1415 1657 eloquentie
1435 1558 1501 1630 suit
1521 1573 1558 1630 et
1576 1555 1775 1645 industria,
1794 1569 1835 1628 ut

243 1707 319 1754 non
341 1682 460 1756 solum
478 1707 551 1756 suae
565 1685 718 1756 civitatis
741 1698 777 1756 et
801 1683 996 1780 provinciae
1012 1681 1185 1780 populos,
1205 1681 1269 1753 sed
1285 1697 1321 1754 et
1337 1680 1487 1752 aliarum
1509 1680 1778 1777 provinciarum
1797 1691 1835 1749 et

243 1801 389 1874 urbium
414 1803 571 1902 epistolis
599 1803 768 1876 erudiret.
788 1807 817 1874 E
834 1801 964 1899 quibus
988 1828 1061 1875 una
1084 1817 1137 1876 est
1162 1802 1209 1874 ad
1232 1801 1541 1890 Lacedaemonios,
1561 1799 1647 1872 alia*
1663 1797 1710 1870 ad
1726 1796 1835 1870 Athe·

245 1923 403 2012 nienses,
424 1938 460 1994 et
474 1939 614 1997 caetera.
636 1953 654 1993 u
673 1929 719 1996 Et
743 1937 825 2022 post
845 1948 960 2021 pauca
980 1952 988 1995 ι
1010 1952 1028 1990 «
1049 1922 1184 1995 Claruit
1199 1923 1266 1995 sub
1283 1925 1499 2021 imperatore
1515 1924 1635 1994 Maroo
1652 1919 1836 1992 Antonino

245 2044 340 2113 Vero
357 2057 393 2112 et
409 2043 518 2113 Lucio
536 2042 681 2115 Aurelio
696 2041 914 2114 Commodo.
936 2069 954 2108 u
975 2047 1076 2112 Nunc
1090 2057 1125 2111 et
1141 2042 1251 2139 ipsius
1267 2041 1370 2113 Bedae
1383 2041 1494 2113 verba
1506 2063 1701 2139 ponamus,
1720 2038 1783 2134 qui
1798 2038 1836 2109 in

246 2159 496 2258 explanatione
515 2154 668 2230 Aetuurit
685 2160 954 2262 Apostolorum,
983 2184 1027 2230 eo
1050 2159 1217 2230 videlicet
1236 2159 1319 2230 loco
1342 2186 1417 2256 quo
1438 2160 1622 2232 dicitur':
1655 2191 1673 2230 «
1695 2164 1736 2231 ln
1755 2161 1835 2256 qui·

246 2278 314 2350 bus
331 2293 366 2350 et
381 2279 574 2376 Dionysius
596 2281 826 2377 Areopagita,
849 2306 866 2345 u
886 2281 935 2351 ait
952 2280 1003 2351 sic
1023 2307 1031 2350 :
1054 2308 1072 2347 e
1091 2281 1158 2350 Hic
1173 2293 1226 2352 est
1246 2279 1456 2375 Dionysius,
1475 2279 1556 2376 q'ui,
1576 2282 1613 2350 in
1631 2283 1839 2378 episcopatu

248 2399 452 2490 ordinatus,
471 2399 744 2471 Corinthiorum
760 2399 914 2495 gloriose
930 2399 1020 2470 rexit
1035 2398 1240 2488 ecclesiam,
1259 2398 1443 2495 multaque
1459 2397 1505 2470 ad
1522 2399 1710 2472 utilitatem
1726 2398 1839 2471 eccle·

248 2521 306 2592 siae
322 2520 555 2618 pertinentia,
573 2543 652 2615 quae
668 2518 842 2590 hactenus
858 2534 1022 2610 manent,
1043 2517 1177 2614 ingenii
1190 2519 1245 2588 sui
1258 2517 1444 2589 volumina
1459 2518 1619 2615 reliquit,
1638 2539 1840 2614 cognomen

250 2667 271 2714 a
290 2639 373 2712 loco
394 2640 453 2711 cui
477 2653 627 2736 praeerat
649 2639 840 2736 accipiens.
860 2641 1065 2736 Areopagus
1090 2638 1188 2709 enim
1213 2652 1267 2708 est
1290 2636 1511 2708 Athenarum
1529 2638 1644 2726 curia,
1668 2661 1843 2710 nomena

250 2763 362 2832 Marte
380 2759 539 2848 trahens;
558 2757 735 2855 siquidem
752 2761 873 2828 Graece
889 2759 983 2828 Mars
1001 2759 1125 2847 Artos,
1142 2755 1226 2828 villa
1247 2756 1378 2827 dicitur
1389 2781 1501 2854 pagos
1516 2759 1538 2827 ⁶.
1560 2787 1578 2826 u
1599 2757 1758 2830 Inductis
1773 2759 1862 2876 ita-⁸

251 2905 341 2977 que,
359 2880 450 2952 sicut
465 2878 740 2977 proposuimus,
760 2877 1049 2968 auctoritatibus,
1066 2902 1208 2967 earum,
1227 2877 1318 2948 sicut
1332 2877 1581 2975 promisimus,
1600 2875 1842 2949 diversitatem

252 3013 313 3070 aut
328 2995 602 3096 repugnantiam
618 2995 900 3068 consideremus.
910 2995 1086 3068 Videntur
1105 3012 1225 3069 autem
1237 2995 1316 3068 duae
1333 3021 1442 3095 supra
1456 2997 1582 3094 positae
1597 2997 1840 3086 auctoritateS,

252 3143 331 3215 quae
355 3116 424 3188 sibi
445 3141 614 3188 consonae
641 3130 744 3204 sunt,
772 3116 976 3188 auctoritati
1000 3115 1104 3187 Bedae
1132 3117 1284 3187 omnino
1309 3117 1508 3188 contrariae.
1539 3121 1590 3186 Ex
1616 3115 1685 3186 illis
1709 3117 1843 3214 quippe

253 3254 374 3337 aperte
390 3237 616 3307 convincitur
634 3235 744 3307 alium
763 3235 868 3307 fuisse
892 3237 1105 3333 Dionysium
1121 3238 1389 3335 Areopagitam,
1407 3236 1516 3310 alium
1537 3235 1751 3333 Dionysium
1774 3240 1843 3309 Co·

253 3357 471 3430 rinthiorum
488 3357 711 3454 episcopum.
727 3361 835 3446 Nam,
850 3357 1250 3451 juxtanclssiostt'com
1270 3361 1483 3445 Historiam,
1508 3359 1700 3456 Dionysius
1716 3359 1845 3431 Corin·

255 3479 415 3550 thiorum
431 3478 620 3575 episcopus
636 3477 682 3549 de
698 3478 873 3573 Dionysio
888 3479 1099 3576 Areopagita
1115 3480 1296 3578 scripsisse
1311 3479 1534 3578 perhibetur,
1552 3495 1588 3552 et
1603 3479 1740 3552 ibidem
1757 3481 1845 3551 Dio·

255 3598 376 3694 nysius
393 3595 605 3694 Areopagita
619 3594 890 3667 Atheniensium
908 3596 1014 3668 luisse
1029 3598 1220 3697 episcopus
1231 3599 1442 3696 assignatur.
1454 3603 1526 3670 Nec
1541 3599 1660 3670 minus
1676 3623 1718 3670 ex
1729 3598 1847 3670 verbis

257 3715 469 3810 Hieronymi
486 3714 596 3786 alium
612 3712 712 3784 hunc
728 3739 824 3803 esse,
843 3739 952 3810 quam
969 3715 1071 3787 illum
1091 3731 1257 3814 apparet,
1281 3742 1395 3813 quum
1410 3716 1577 3789 videlicet
1593 3717 1689 3791 dicat
1710 3719 1847 3814 Diony·

256 3839 350 3909 sium
365 3834 635 3907 Corinthiorum
653 3835 863 3933 episcopum
883 3834 951 3906 sub
967 3839 1088 3908 Marco
1105 3837 1289 3908 Antonino
1310 3853 1347 3908 et
1366 3839 1476 3910 Lucio
1493 3837 1637 3910 Aurelio
1665 3838 1845 3912 claruisse.

257 3961 406 4029 Constat
421 3956 555 4053 quippe
577 3955 791 4052 Dionysium
804 3954 1074 4053 Areopagitam,
1092 3957 1155 4054 qui
1181 3956 1435 4055 praedicatione
1450 3955 1548 4029 Pauli
1564 3983 1759 4031 conversus
1775 3971 1845 4047 est,

258 4091 422 4175 tempore
432 4075 564 4148 Christi
580 4089 617 4146 et
633 4073 882 4174 apostolorum
898 4075 1083 4166 exstitisse,
1098 4101 1140 4148 ac
1151 4077 1228 4174 jam
1242 4078 1361 4150 virum
1377 4077 1541 4150 adultum
1557 4076 1649 4150 adeo
1666 4079 1791 4168 fuisse,
1809 4092 1849 4152 ut

258 4219 409 4268 uxorem
434 4194 619 4266 Damarim
637 4193 714 4291 jam
729 4208 816 4265 tune
832 4218 917 4265 eum
936 4209 1077 4267 constet
1096 4194 1264 4268 habuisse
1284 4224 1292 4267 ε
1311 4195 1358 4268 de
1381 4221 1453 4295 qua
1476 4198 1610 4295 pariter
1636 4179 1720 4270 cum
1744 4221 1789 4269 eo
1810 4197 1848 4268 in

259 4314 404 4388 Actibus
433 4314 684 4413 Apostolorum
713 4313 755 4386 fit
784 4317 1095 4388 commemoratio.
1129 4315 1233 4389 Unde
1263 4333 1300 4390 et
1322 4316 1458 4390 ibidem
1481 4319 1655 4418 scriptum
1680 4316 1847 4406 habetur,

260 4435 388 4535 quod⁷
407 4463 425 4503 α
444 4433 593 4532 quidam
616 4433 684 4504 viri
713 4433 935 4508 adhaerentes
959 4434 1070 4508 Paulo
1098 4435 1347 4528 crediderunt,
1372 4437 1411 4509 in
1438 4436 1568 4535 quibus
1595 4453 1632 4510 et
1657 4435 1851 4533 Dionysius

262 4553 492 4652 Areopagita,
511 4569 547 4624 et
567 4552 696 4624 mulier
712 4554 860 4625 nomine
875 4556 1057 4645 Damaris,
1076 4571 1112 4628 et
1127 4555 1187 4628 alii
1202 4580 1286 4628 oum
1302 4557 1365 4628 eis.
1389 4583 1405 4624 u
1424 4561 1450 4628 A
1469 4572 1632 4656 tempore
1654 4571 1774 4628 autem
1793 4554 1850 4626 Ti·

262 4676 354 4748 berii
366 4676 529 4765 Caesaris,
547 4674 614 4747 sub
630 4699 704 4772 quo
720 4675 899 4748 Dominus
913 4702 1038 4776 passus
1051 4692 1122 4768 est,
1140 4703 1254 4777 usque
1270 4677 1317 4750 ad
1334 4693 1499 4777 tempora
1513 4678 1767 4778 praedictorum
1782 4679 1851 4750 im·

263 4809 490 4892 peratorum,
508 4793 575 4866 sub
589 4792 720 4890 quibus
734 4794 927 4892 Dionysius
943 4795 1214 4870 Corinthiorum
1229 4796 1397 4871 claruisse
1415 4797 1559 4888 dicitur,
1579 4797 1730 4896 amplius
1742 4820 1852 4895 quam

301 5019 310 5047 ¹
331 5018 455 5071 Urhmb.
472 5045 503 5058 -·
519 5019 597 5072 'Aru
621 5022 716 5082 spese,
739 5035 795 5086 cap.
816 5035 884 5081 xut,
903 5036 928 5072 v.
950 5021 993 5072 ot.
1006 5045 1041 5062 -
1078 5023 1174 5086 apost,
1185 5037 1348 5090 reparo.-
1359 5021 1449 5094 'Apus
1461 5023 1657 5091 netyuAmb.-
1675 5024 1746 5076 'Aet
1759 5025 1853 5089 Aperu,

266 5101 345 5170 'Cap
356 5120 435 5167 aaut,
450 5105 511 5168 opp.
523 5113 542 5155 t.
554 5102 596 5166 tv,
610 5119 638 5170 p.
650 5105 687 5166 ll,
701 5103 750 5155 col.
766 5107 825 5156 ut.
834 5129 864 5143 -
885 5102 961 5156 ‘Alta
970 5104 1041 5160 deest
1080 5123 1137 5174 cap.
1147 5123 1210 5170 stu,
1220 5125 1244 5160 v.
1255 5110 1296 5160 at.

267 5186 473 5240 Anu-'out
485 5186 559 5252 Van,
576 5189 649 5253 opp„
668 5197 688 5238 t.
709 5185 740 5252 V,
757 5187 807 5240 ool.
824 5187 883 5242 oto.
901 5190 969 5255 Eup.
984 5193 1039 5242 Art.
