4496 6102
444 666 517 738 362
918 668 919 671 ’
1045 674 1173 746 PETRI
1199 674 1435 746 AttAEtttttt

445 833 546 899 nem,
568 809 726 884 detenta
746 813 879 886 scilicet
895 815 1028 888 fructus
1051 815 1270 890 abundantia
1285 841 1368 890 eum
1387 817 1543 888 Domino
1556 817 1779 916 persolvisse.
1796 817 2035 916 intelligamus

444 929 563 1027 itaque
579 932 694 1004 David
714 934 750 1006 in
770 935 959 1035 prophetia
976 935 1082 1034 hujus
1106 937 1239 1010 fructus
1257 963 1367 1034 quem
1384 936 1467 1010 alibi
1483 937 1549 1009 sibi
1562 962 1584 1010 a
1596 939 1754 1010 Domino
1775 957 2035 1012 commemorat

443 1051 658 1148 promissum
684 1079 780 1147 esse,
801 1055 968 1129 dicens¹:
994 1087 1012 1126 n
1031 1061 1084 1132 De
1103 1057 1218 1130 lructu
1237 1059 1370 1130 ventris
1388 1059 1440 1130 tui
1459 1082 1592 1158 ponam
1611 1083 1719 1158 super
1735 1057 1857 1132 sedem
1875 1074 1997 1151 tuam,
2015 1091 2032 1126 u

444 1168 491 1240 ad
515 1174 838 1269 congratulandum
863 1176 930 1248 sibi
957 1202 1083 1250 omnes
1108 1178 1242 1276 pariter
1257 1176 1458 1268 adhortari,
1483 1202 1638 1275 quorum
1655 1179 1692 1250 in
1710 1178 1782 1250 hoc
1802 1203 2036 1252 communem

444 1291 647 1366 considerat
670 1295 833 1370 salntem.
864 1299 929 1370 Hic
952 1312 1005 1370 est
1029 1297 1088 1370 ille
1119 1298 1253 1370 fructus
1278 1313 1379 1370 terrae
1401 1297 1579 1389 sublimis,
1604 1324 1713 1396 quem
1731 1313 1767 1370 et
1783 1301 1887 1372 isaias
1910 1301 2036 1398 praevi-

445 1410 578 1483 dens’:
597 1443 613 1484 a
637 1417 726 1508 Erit,
745 1445 762 1483 u
778 1419 913 1516 inquit,
936 1449 954 1488 «
974 1443 1119 1517 germen
1137 1420 1283 1492 Domini
1293 1420 1331 1490 in
1350 1417 1628 1517 magnificentia,
1649 1435 1686 1492 et
1698 1420 1734 1492 in
1749 1418 1877 1517 gloria,
1896 1436 1933 1494 et
1946 1421 2037 1492 fruc·

445 1545 501 1603 tus
526 1549 619 1608 terra
644 1535 826 1630 sublimis,
846 1554 882 1614 et
899 1541 1114 1640 exspectatio
1130 1540 1186 1612 his
1206 1541 1270 1637 qui
1291 1539 1414 1612 salvati
1435 1539 1565 1614 fuerint
1583 1539 1629 1612 de
1645 1539 1765 1611 Israel.
1785 1567 1803 1606 a
1823 1540 1921 1626 Quid
1940 1541 2037 1612 enim

445 1679 590 1750 germen
604 1661 770 1752 Domini,
793 1661 984 1736 sublimem
1001 1662 1156 1735 fructum
1176 1678 1294 1750 terrae,
1314 1687 1617 1760 communemque
1630 1663 1796 1734 omnium
1806 1661 1892 1733 binc
1905 1661 2038 1734 exulta·

444 1775 579 1850 tionem
592 1777 771 1874 fidelium,
792 1783 859 1855 nisi
873 1784 1053 1857 Christum
1071 1797 1215 1884 oportet
1230 1783 1377 1880 intelligi
1391 1783 1453 1880 qui
1467 1797 1504 1855 et
1522 1798 1604 1855 ante
1619 1782 1738 1855 secula
1755 1782 1894 1880 genitus
1911 1807 1957 1853 ex
1977 1787 2039 1852 Pa·

445 1910 515 1988 tre,
531 1914 565 1970 et
576 1899 686 1974 bodie
696 1906 796 2001 quasi
808 1905 853 1978 de
867 1917 961 1979 terra
972 1905 1105 2006 prodiit
1119 1920 1223 1978 natus
1235 1930 1279 1978 ex
1291 1905 1437 2002 Virgine
1443 1933 1453 1994 ς
1469 1905 1573 2002 cujus·
1584 1904 1731 2002 quidem
1750 1903 2038 1978 sublimationem

445 2042 487 2089 ac
511 2021 810 2118 magnificentiam
840 2025 965 2099 delinit
989 2025 1195 2124 Apostolus,
1224 2025 1365 2099 dioens⁸
1387 2054 1395 2096 ε
1418 2055 1436 2094 n
1461 2031 1610 2124 Propter
1633 2024 1733 2124 quod
1754 2040 1790 2098 et
1819 2029 1916 2096 Deus
1937 2023 2038 2096 illum

447 2137 628 2232 exaltavit,
646 2157 682 2214 et
694 2142 842 2222 donavit
860 2145 912 2217 illi
928 2170 1063 2218 nomen
1078 2144 1180 2243 quod
1198 2159 1372 2243 estsuper
1390 2169 1499 2217 omne
1513 2169 1662 2217 nomen.
1683 2173 1700 2212 u
1720 2143 1830 2231 Quod
1847 2145 1955 2216 etiam
1975 2169 2039 2215 no-

447 2284 547 2349 men,
568 2261 606 2334 id
624 2278 677 2336 est
695 2268 836 2356 lesum,
851 2265 952 2363 quod
965 2265 1126 2338 Salvator
1138 2267 1404 2364 interpretatur,
1429 2264 1528 2338 idem
1546 2265 1741 2365 propheta,
1763 2288 1878 2362 quum
1895 2263 1942 2336 de
1960 2264 2038 2362 ipso

446 2394 547 2453 terrae
568 2383 682 2454 fructu
702 2384 784 2456 alibi
805 2400 1081 2485 praeconaretur,
1098 2387 1184 2457 ait⁶:
1209 2415 1226 2454 t<
1245 2389 1389 2476 Rorate,
1413 2385 1512 2472 ooeli,
1539 2385 1707 2484 desuper,
1728 2399 1763 2457 et
1780 2384 1895 2456 nubes
1914 2383 2039 2483 pluant

443 2503 596 2598 justum3
614 2508 794 2605 aperiatur
806 2523 911 2599 terra,
928 2522 963 2580 et
975 2509 1149 2605 germinet
1160 2508 1397 2598 Salvatorem,
1410 2522 1446 2579 et
1454 2508 1589 2604 justitia
1603 2509 1738 2579 oriatur
1751 2505 1870 2578 simul.
1883 2509 1958 2602 Ego
1967 2509 2040 2576 Do·

447 2625 566 2698 minus
584 2628 813 2718 creavieum.
834 2655 851 2695 a
872 2627 968 2716 Quid
986 2629 1084 2700 enim
1100 2627 1180 2700 cccli
1198 2627 1255 2700 vel
1268 2627 1421 2700 nubium
1438 2629 1607 2718 nomine,
1627 2628 1696 2699 nisi
1718 2626 1834 2724 angeli
1852 2626 1909 2700 vel
1926 2631 2040 2698 sancti

446 2759 564 2841 patres
582 2745 751 2844 dignitate
770 2749 903 2820 caeteris
920 2750 1188 2846 preminentes,
1209 2763 1244 2820 et
1262 2764 1434 2847 tanquam
1453 2749 1490 2819 in
1511 2749 1674 2846 supernis
1684 2749 1808 2831 ,animo
1826 2771 2041 2819 conversan·

446 2881 516 2958 tes,
533 2867 804 2967 intelligendum
818 2870 893 2943 est?
906 2871 977 2960 Qui
995 2870 1082 2972 dum
1095 2869 1292 2943 adventum
1308 2869 1512 2942 Mediatoris
1530 2869 1589 2942 vel
1605 2868 1829 2969 parabolice,
1846 2868 1901 2941 vel
1921 2869 2041 2939 mani-

445 2986 531 3059 seste
553 2990 906 3089 praenuntiaverunt,
927 2991 1030 3088 quasi
1052 3013 1172 3064 rorem
1196 2989 1253 3062 vel
1277 2989 1435 3089 pluviam
1457 2988 1565 3061 verba
1591 2989 1752 3087 ipsorum
1774 2986 1899 3059 fideles
1923 3011 2042 3060 susce·

445 3125 587 3207 perunt.
617 3114 688 3183 Ros
711 3113 868 3212 quippe,
898 3112 1018 3213 pluvia
1046 3094 1222 3202 subtilior,
1243 3127 1279 3183 et
1295 3111 1563 3184 ¹minutissimas
1586 3109 1723 3182 habens
1751 3123 1888 3207 guttas,
1918 3109 2043 3180 utrix

446 3234 604 3332 conspici
632 3251 763 3332 queat,
797 3235 907 3308 verba
937 3251 1021 3307 sunt
1054 3235 1243 3332 allegorica
1267 3234 1316 3307 ad
1339 3233 1611 3332 intelligendum
1639 3231 1807 3305 diflicilia.
1838 3236 1927 3319 Quae
1954 3255 2043 3303 voro

445 3365 567 3449 aperta
587 3367 690 3444 sunt,
710 3354 838 3452 pluviae
858 3369 1124 3452 comparantur.
1152 3359 1234 3427 Haec
1252 3355 1358 3451 igitur
1379 3353 1487 3426 verba
1504 3369 1635 3426 terram
1654 3367 1832 3442 sanctam,
1851 3349 1959 3422 idest
1977 3351 2045 3422 im·

446 3471 660 3544 maculatam
675 3473 866 3571 irrigarunt
882 3474 1079 3570 Virginem,
1094 3489 1133 3546 ut
1151 3473 1248 3546 huno
1263 3473 1369 3546 nobis
1388 3475 1542 3546 fructum
1555 3473 1698 3545 afferret
1713 3472 1818 3569 :quia
1835 3471 2046 3572 promissio-

447 3590 552 3664 nibus
577 3607 742 3691 temper
767 3594 913 3692 angelos
941 3619 1055 3692 quam
1079 3620 1145 3694 per
1171 3593 1366 3694 prophetas
1393 3593 1440 3667 de
1470 3593 1611 3666 Christo
1639 3593 1738 3665 lactis
1760 3590 1922 3682 erudita,
1953 3589 2045 3662 dum

448 3734 574 3784 eorum
599 3712 736 3786 auditui
761 3714 928 3802 credidit,
957 3715 1059 3812 quasi
1081 3739 1168 3788 aure
1189 3716 1377 3814 concepit,
1405 3730 1508 3787 etex
1532 3712 1604 3786 fide
1627 3711 1793 3786 audibilis
1820 3709 1920 3784 verbi
1952 3709 2046 3782 illud

447 3834 637 3933 concipere
655 3835 815 3908 Verbum
838 3837 904 3908 Dei
922 3838 1068 3924 meruit,
1088 3835 1227 3934 dequo
1246 3838 1419 3935 scriptum
1440 3839 1533 3908 est⁸2
1555 3856 1573 3904 o
1593 3839 1633 3905 ln
1658 3833 1835 3933 principio
1853 3845 1930 3904 erat
1951 3835 2045 3902 Ver-

447 3955 552 4046 bum,
577 3984 594 4024 a
615 3957 706 4028 sicut
725 3971 761 4029 et
783 3973 1043 4055 consequenter
1061 3957 1262 4031 ostenditur
1281 3982 1395 4054 quum
1416 3956 1545 4028 dicitur
1561 3984 1569 4026 ι
1588 3985 1605 4024 n
1628 3959 1671 4027 Et
1686 3953 1846 4026 Verbu'm
1869 3975 1954 4024 caro
1974 3952 2048 4024 fac-

448 4091 524 4146 tum
542 4091 606 4148 est.
627 4105 644 4144 a
669 4078 722 4148 Ad
741 4076 840 4150 hunc
860 4081 980 4176 itaque
1000 4103 1120 4151 rorem
1139 4104 1199 4151 seu
1224 4077 1384 4176 pluviam
1404 4076 1608 4149 divinarum
1632 4074 1913 4175 promissionum
1931 4073 2048 4143 susci-

446 4195 615 4293 piendam
631 4211 724 4270 terra
740 4223 777 4270 so
789 4199 946 4298 aperuit,
958 4224 1072 4296 quum
1085 4224 1151 4299 per
1168 4198 1437 4298 intelligentiam
1450 4213 1486 4269 et
1503 4196 1612 4269 fidem
1629 4219 1705 4268 non
1722 4193 1841 4266 solum
1858 4194 2046 4292 corporis,

447 4316 510 4389 sed
528 4317 634 4390 etiam
653 4318 773 4390 cordis
790 4343 894 4392 aures
911 4321 961 4391 eis
979 4334 1119 4419 apertas
1141 4319 1267 4392 hahuit
1284 4348 1292 4391 :
1310 4335 1350 4392 ut
1366 4343 1445 4416 quaa
1463 4317 1627 4390 videlicet
1646 4315 1851 4388 dicerentur
1869 4313 1977 4385 simul
1995 4315 2051 4386 in·

449 4437 616 4536 telligeret
631 4453 666 4510 et
679 4439 852 4512 erederet.
867 4441 970 4512 Unde
983 4439 1076 4512 bene
1088 4441 1126 4511 in
1140 4465 1220 4512 eam
1232 4439 1341 4512 verba
1351 4440 1430 4530 ista,
1444 4438 1594 4538 «pluere
1603 4438 1755 4535 justum,
1766 4463 1785 4502 a
1800 4435 2051 4534 potiusquam

446 4574 672 4656 peccatorem
696 4559 882 4651 dicuntur,
908 4561 992 4657 quia
1017 4559 1114 4632 solus
1132 4561 1196 4632 iste
1219 4561 1295 4631 sine
1314 4559 1602 4659 concupiscentia
1627 4556 1761 4632 carnali
1778 4567 1976 4653 conceptus
2000 4554 2052 4626 ab

447 4681 548 4752 omni
565 4680 708 4779 penitus
728 4694 875 4778 peccato
892 4679 958 4752 tuit
975 4679 1122 4753 alienus.
1144 4679 1234 4752 Tale·
1249 4695 1302 4753 est
1320 4704 1422 4777 ergo,
1447 4679 1609 4778 «pluant
1627 4682 1781 4767 lustum,
1802 4703 1820 4742 »
1840 4675 1930 4746 acsi
1947 4673 2052 4747 dioe-

449 4815 572 4871 retur:
594 4801 766 4872 doctrinae
788 4825 858 4872 suae
882 4799 990 4873 verba
1011 4815 1229 4900 conceptum
1248 4825 1269 4872 a
1285 4816 1433 4900 peooeto
1449 4824 1597 4900 prorsus
1620 4799 1836 4886 immunem,
1855 4793 2055 4867 conferant

448 4919 584 5015 Virgini
602 4947 609 4990 :
631 4935 667 4992 et
686 4918 732 4992 ad
750 4919 810 4992 illa
828 4920 1017 5018 perfidem
1035 4919 1262 5020 suscipienda
1280 4945 1356 4992 sese
1373 4921 1509 5019 aperiat
1522 4935 1634 5010 terra,
1652 4917 1814 5006 honest,
1833 4913 1880 4986 de
1908 4914 2053 5012 impos-

480 5231 489 5256 ¹
510 5229 598 5281 Psalm.
614 5245 703 5295 cxxxi,
718 5247 742 5282 v.
759 5235 797 5283 11.
808 5258 841 5269 -
852 5229 941 5283 'lsaia
954 5247 1012 5299 cap.
1026 5248 1059 5295 n,
1075 5248 1100 5284 v.
1114 5233 1138 5282 Ξ.
1152 5259 1182 5270 -
1193 5231 1203 5260 ⁸
1216 5231 1321 5295 Paua„
1333 5245 1390 5297 cap.
1405 5246 1437 5292 u,
1451 5245 1476 5280 r.
1491 5231 1516 5282 9.
1531 5255 1558 5265 -
1570 5227 1581 5254 ⁴
1593 5226 1663 5279 isaia
1676 5239 1732 5292 cap.
1746 5239 1808 5284 aar,
1831 5239 1851 5272 v.
1877 5222 1892 5270 6
1912 5229 1937 5270 et
1958 5237 2003 5288 sq.
2015 5245 2055 5262 ι-

449 5320 617 5387 'loan.‚cap.
629 5335 686 5385 ιη.
702 5325 724 5372 t.
