4522 6102
890 627 1127 700 urtsrouAE.
1465 601 1468 610 ⁴
1730 632 1799 704 455

215 769 342 840 dentes
360 764 481 838 oleum
502 777 749 853 recurrerent,
770 779 868 835 extra
877 764 1025 861 januam
1045 785 1303 842 remanserunt.
1325 769 1463 858 Quibus
1470 769 1545 865 jam
1562 767 1681 842 clausa
1694 768 1803 864 janua

215 886 342 960 frustra
359 883 582 985 pulsantibus
604 898 640 956 et
656 883 913 956 clamantibus:
939 889 1149 980 «Domine,
1171 891 1338 982 Domine,
1357 889 1455 988 aperi
1470 887 1574 961 nobis
1586 892 1608 980 ¹,
1627 918 1646 957 a
1667 889 1804 961 terribi-

216 1006 295 1080 liter
312 1031 464 1106 sponsus
486 1007 562 1104 ipse
581 1004 799 1103 respondet:
820 1035 838 1074 u
853 1009 964 1078 Amen
985 1007 1067 1080 dieo
1085 1009 1210 1101 vobis,
1232 1011 1352 1082 nescio
1370 1034 1450 1082 vos.
1471 1039 1489 1077 a
1507 1015 1607 1084 ‘lunc
1620 1024 1738 1082 autem
1753 1035 1804 1082 re·

215 1127 305 1200 lictis
324 1125 492 1199 omnibus
510 1124 649 1199 nudum
667 1124 846 1198 Christum
865 1126 953 1198 nudi
973 1130 1179 1226 sequimur,
1205 1131 1295 1202 sicut
1315 1134 1425 1203 sancti
1446 1131 1606 1202 fecerunt
1626 1128 1799 1228 apostoli,

216 1274 329 1347 quum
346 1264 493 1348 propter
513 1273 596 1320 eum
614 1271 688 1318 non
706 1247 824 1320 solum
842 1263 999 1320 terrenas
1023 1252 1265 1347 possessiones
1284 1266 1345 1324 aut
1363 1251 1513 1324 carnalis
1529 1251 1804 1350 propinquitatis

216 1368 420 1441 affectiones
430 1421 441 1456 ‚
476 1368 708 1440 verumetiam
735 1367 898 1466 proprias
915 1373 1166 1468 postponimus
1186 1372 1388 1444 voluntates
1411 1399 1419 1441 ε
1448 1386 1580 1458 utnon
1609 1385 1732 1443 nostro
1754 1361 1804 1441 vi·
1863 1353 1870 1364 ³

216 1515 342 1562 vamus
360 1489 533 1582 arbitrio,
553 1489 616 1562 sed
634 1489 767 1590 praelati
780 1492 893 1562 nostri
906 1517 1072 1588 regamur
1084 1495 1260 1593 imperio,
1282 1510 1317 1566 et
1331 1495 1365 1566 ei
1378 1495 1440 1592 qui
1454 1493 1559 1565 nobis
1577 1493 1658 1565 loco
1674 1492 1804 1565 Christi

217 1609 383 1709 praesidet
399 1625 572 1709 tanquam
590 1609 731 1683 Christo
745 1611 887 1710 penitus
900 1637 966 1711 pro
981 1613 1122 1686 Christo
1134 1615 1375 1712 subjiciamur.
1391 1613 1532 1686 Talibus
1547 1615 1644 1685 enim
1655 1614 1805 1710 ipsemet

198 1729 323 1802 ¹dicit¹
344 1757 352 1800 ε
376 1760 394 1798 u
409 1732 480 1819 Qui
497 1755 562 1803 vos
581 1729 703 1824 audit,
723 1755 782 1803 me
798 1730 920 1823 audit3
942 1734 1054 1831 etqui
1071 1757 1135 1806 vos
1156 1735 1311 1834 spernit,
1335 1735 1410 1833 ipse
1429 1759 1487 1806 me
1508 1733 1654 1831 spernit.
1684 1759 1702 1800 a
1734 1733 1804 1819 Qui

216 1853 246 1921 si
266 1851 394 1943 etiam,
413 1852 514 1950 quod
531 1851 643 1943 absit,
665 1851 757 1924 male
771 1852 888 1942 vivat,
904 1879 1017 1950 quum
1034 1853 1127 1928 bene
1140 1855 1341 1954 praecipiat3
1363 1878 1438 1926 non
1456 1868 1642 1927 esttamen
1661 1877 1705 1924 ex
1717 1841 1803 1924 vitio

216 1971 374 2045 hominis
383 1976 557 2047 sententia
568 1974 833 2048 contemnenda
845 1977 922 2048 Dei.
936 1981 990 2049 De
997 1976 1159 2074 quolibet
1172 1979 1322 2076 ipsemet
1334 1977 1493 2076 praecipit
1505 1975 1666 2058 dicens³:
1690 1979 1804 2061 «Quae

216 2090 370 2165 dixerint
386 2093 488 2166 vobis
508 2109 666 2185 servate,
689 2109 725 2166 et
745 2093 847 2167 facite
871 2121 879 2164 ι
905 2094 1104 2168 seeundum
1124 2120 1210 2168 vero
1227 2120 1336 2194 opera
1358 2120 1483 2168 eorum
1507 2093 1617 2166 nolite
1638 2088 1764 2165 lacere.
1784 2121 1801 2158 a

220 2217 318 2286 Hanc
327 2229 445 2287 autem
460 2215 508 2288 ad
520 2219 637 2288 Deum
651 2215 844 2314 spiritalem
857 2241 878 2288 a
890 2215 1011 2290 seculo
1025 2218 1298 2290 conversionem
1313 2217 1464 2316 ipsemet
1475 2215 1664 2313 diligenter
1675 2215 1805 2286 descri-

216 2332 292 2424 bit,
313 2333 482 2408 dicens⁸=
507 2364 526 2404 u
541 2337 613 2408 Nisi
633 2337 714 2434 quis
735 2338 990 2409 renuntiaverit
1009 2337 1177 2410 omnibus
1190 2363 1269 2436 quae
1280 2335 1459 2436 possidet,
1482 2361 1555 2407 non
1568 2349 1688 2434 potest
1703 2358 1804 2406 meus

216 2478 292 2526 esse
310 2453 517 2553 discipulus.
540 2483 559 2525 a
583 2461 628 2527 Et
645 2457 821 2528 iterum⁸z
843 2487 862 2525 «
880 2459 916 2527 Si
932 2457 1012 2555 quis
1026 2458 1125 2531 venit
1136 2457 1182 2530 ad
1200 2483 1278 2551 me,
1295 2473 1331 2530 et
1344 2481 1417 2529 non
1436 2455 1513 2528 odit
1527 2471 1665 2555 patrem
1684 2479 1801 2546 suum,

215 2590 278 2646 aut
295 2591 471 2667 matrem,
501 2591 537 2649 et
555 2602 729 2668 uxorem,
751 2592 787 2650 et
807 2576 920 2668 filios,
947 2593 983 2650 et
1002 2579 1147 2669 fratres,
1171 2594 1207 2650 et
1224 2602 1386 2667 sorores,
1407 2576 1526 2649 adhuc
1545 2591 1665 2648 autem
1680 2591 1715 2648 et
1731 2579 1806 2648 ani-

215 2719 314 2766 mam
332 2721 456 2787 suam,
478 2720 551 2768 non
573 2711 690 2795 potest
710 2721 811 2770 meus
829 2721 906 2770 esse
923 2697 1131 2796 discipulus.
1149 2725 1167 2766 a
1190 2703 1267 2769 Hoc
1285 2713 1404 2770 autem
1418 2711 1472 2768 est
1484 2696 1585 2767 odire
1597 2710 1735 2794 patrem
1750 2695 1805 2767 vel

216 2831 391 2903 matrem,
414 2815 617 2889 affectiones
635 2817 834 2890 camaliam
856 2818 1163 2916 propinquitatum
1181 2817 1278 2888 nolle
1299 2817 1421 2914 sequi,
1445 2817 1533 2886 sicut
1553 2831 1589 2886 et
1609 2814 1710 2887 odire
1733 2816 1806 2886 ani·

215 2959 315 3008 mam
333 2961 435 3008 suam
455 2952 509 3010 est
526 2937 747 3010 voluntatem
764 2938 949 3036 propriam
969 2937 1069 3034 sequi
1085 2936 1193 3008 nolle.
1217 2935 1326 3023 Quod
1344 2935 1427 3008 alibi
1451 2960 1596 3032 quoque
1622 2935 1802 3032 praecipit,
1859 2923 1861 2930 ’

215 3057 382 3152 dicens⁸2
408 3059 575 3156 «Siquis
598 3058 674 3130 vult
697 3070 778 3158 post
796 3082 854 3128 me
874 3058 1020 3146 venire,
1040 3056 1192 3155 abneget
1214 3057 1468 3154 semetipsum,
1489 3071 1524 3126 et
1540 3054 1640 3126 tollat
1662 3079 1804 3126 crucem

214 3203 342 3268 suam,
359 3195 396 3252 et
413 3193 583 3276 sequatur
601 3203 670 3250 me.
690 3205 707 3246 a
732 3179 789 3249 Sic
810 3175 907 3248 enim
928 3178 1210 3275 propinquantes
1227 3191 1311 3275 post
1331 3201 1414 3248 eum
1441 3176 1627 3259 venimus,
1655 3173 1726 3245 hoc
1752 3188 1805 3246 est

214 3327 299 3374 eum
318 3304 472 3374 maxime
485 3301 660 3373 imitando
673 3301 874 3398 sequimur,
896 3299 957 3397 qui
972 3301 1039 3371 ait⁷
1055 3326 1063 3369 :
1082 3327 1100 3367 u
1117 3304 1197 3370 Non
1211 3299 1293 3370 veni
1307 3297 1421 3370 lacere
1436 3297 1655 3369 voluntatem
1668 3320 1802 3386 meam,

214 3423 279 3494 sed
298 3423 453 3521 ejusqui
476 3423 572 3494 misit
588 3447 658 3494 me.
677 3449 695 3489 a
716 3425 764 3492 Ac
786 3422 814 3492 si
833 3419 967 3492 diceret
982 3423 1139 3491 :Cuncta
1159 3444 1224 3518 per
1239 3418 1481 3491 obedientiam
1502 3442 1617 3514 agere.
1640 3415 1736 3504 Quid
1754 3433 1807 3489 est

213 3545 334 3634 enim,
354 3573 371 3612 u
387 3543 563 3642 abnegare
576 3543 805 3640 semetipsum
817 3545 847 3633 ⁸,
863 3570 880 3610 a
898 3541 965 3613 nisi
979 3540 1137 3613 carnales
1150 3539 1355 3612 affectiones
1371 3541 1625 3639 propriamque
1637 3538 1806 3609 volunta-

211 3679 289 3736 tem
316 3680 552 3765 postponere,
581 3679 616 3736 et
642 3663 783 3752 alieno,
807 3687 880 3735 non
901 3689 966 3735 suo
986 3662 1185 3760 regendum
1204 3661 1349 3734 arbitrio
1367 3687 1405 3733 se
1423 3659 1674 3732 committere?
1695 3663 1738 3729 Et
1755 3661 1805 3730 sic

211 3785 377 3882 prolecto
398 3809 541 3857 crucem
560 3809 661 3856 suam
679 3809 755 3856 non
775 3783 820 3855 ab
839 3783 909 3856 alio
928 3783 1098 3880 suscipit,
1120 3782 1184 3854 sed
1203 3782 1353 3880 ipsemet
1372 3780 1484 3871 tollit;
1506 3805 1696 3878 perquam
1715 3779 1806 3851 seili-

209 3921 271 3978 cet
290 3907 323 3978 ei
342 3905 498 3979 mundus
518 3904 707 3978 crucifixus
725 3905 814 3994 sit⁹,
844 3889 886 3976 et¹
906 3905 982 4001 ipse
1000 3901 1139 3974 mundo
1160 3929 1167 3971 :
1193 3926 1307 3998 quum
1326 3917 1524 4000 spontaneo
1545 3901 1698 3999 propriae
1716 3924 1805 3998 pro-

210 4026 378 4098 fessionis
396 4042 482 4098 voto
500 4025 684 4098 mundana
701 4023 769 4096 sibi
782 4038 818 4095 et
835 4039 976 4095 terrena
989 4022 1165 4095 desideria
1184 4020 1383 4111 interdicit,
1405 4020 1505 4118 quod
1518 4035 1571 4092 est
1583 4020 1805 4094 voluntatem
1831 4072 1837 4092 ,

204 4147 399 4246 propriam
417 4171 491 4218 non
510 4147 623 4244 sequi.
646 4144 743 4233 Quid
755 4145 851 4216 enim
869 4142 1029 4215 carnales
1045 4141 1143 4215 aliud
1160 4157 1355 4242 appetunt,
1376 4142 1442 4212 nisi
1462 4140 1608 4238 implere
1627 4139 1727 4237 quod
1743 4165 1805 4210 vo-

204 4267 320 4338 lunt?
342 4271 385 4338 Et
404 4291 483 4364 quae
510 4281 562 4339 est
581 4281 720 4339 terrena
738 4264 985 4359 delectatae,
1007 4263 1074 4335 nisi
1100 4264 1254 4362 propriae
1273 4262 1465 4333 voluntatis
1489 4260 1672 4359 impletio,
1698 4261 1803 4330 etiam

202 4387 363 4486 quando
391 4387 428 4459 id
453 4386 554 4484 quod
574 4387 741 4488 volumus
760 4385 885 4458 labore
904 4386 1058 4457 maximo
1077 4386 1150 4457 sive
1175 4383 1334 4482 periculo
1355 4382 1517 4479 agimus?
1548 4387 1614 4452 Aut
1640 4381 1728 4478 quid
1753 4397 1806 4452 est

199 4507 313 4580 aliud
335 4531 479 4580 crucem
502 4508 615 4598 ferre,
641 4507 751 4580 idest
774 4507 971 4579 cruciatum
997 4505 1151 4603 aliquem
1177 4505 1371 4595 sustinere,
1395 4504 1464 4573 nisi
1489 4515 1613 4573 contra
1639 4499 1805 4572 voluuta-

200 4648 289 4702 tem
310 4645 470 4702 nostram
488 4629 623 4728 aliquid
641 4629 740 4720 lieri,
765 4645 1084 4726 quantumcunque
1108 4627 1197 4700 illud
1220 4625 1384 4699 videatur
1401 4623 1500 4696 facile
1521 4622 1625 4695 nobis
1648 4647 1723 4695 esse
1748 4625 1805 4696 vel
1867 4693 1872 4710 ,

197 4751 328 4823 utile?
347 4751 439 4823 Hinc
456 4751 545 4825 alius
558 4755 683 4825 lesus¹¹
702 4752 808 4848 longe
822 4751 968 4824 inferior
982 4751 1018 4822 in
1032 4750 1278 4822 Ecclesiastico
1291 4748 1483 4838 admonet,
1500 4745 1670 4818 dicens¹¹z
1692 4749 1807 4816 «Post

239 5017 249 5042 ⁴
277 5015 375 5076 llatth„
395 5031 451 5083 cap.
467 5033 525 5080 xxv,
542 5034 564 5068 v,
588 5021 614 5067 tt
635 5029 660 5069 et
675 5017 862 5080 tt.-'Luc.,
881 5033 935 5084 cap.
958 5037 992 5075 x,
1026 5013 1363 5076 v.aa.—⁸stcu.-Qua
1381 5019 1443 5064 enlm
1462 5015 1724 5079 abnepstaunettpsrm
1736 5006 1803 5059 Edd.

192 5119 223 5150 v.
243 5100 292 5150 16.
305 5124 337 5136 -
347 5099 358 5126 ⁸
369 5099 467 5160 ussit..
479 5117 535 5168 cap.
551 5119 626 5163 xxtrr,
638 5119 660 5154 v.
673 5105 697 5153 3.
711 5131 734 5139 -
753 5102 763 5128 ⁴
778 5103 848 5162 Luc..
869 5117 926 5168 cap.
941 5118 992 5158 xiv.
1025 5099 1073 5139 -⁰
1084 5102 1129 5151 Est
1139 5099 1167 5150 B,
1180 5098 1236 5137 -⁴⁰
1249 5099 1351 5150 Dilectto
1362 5097 1458 5148 B.—⁴'
1474 5097 1583 5147 loannes
1592 5094 1618 5144 B.
1630 5120 1663 5132 -
1676 5091 1696 5118 ¹²
1714 5093 1803 5150 Ecctt,

189 5205 220 5237 v.
253 5186 305 5234 33.
316 5184 456 5245 -⁵tutd.‚
479 5203 503 5237 r.
525 5189 566 5237 26.
578 5211 612 5226 ν·-
627 5186 636 5213 ⁸
651 5187 722 5248 Luc,
745 5202 801 5253 cap.
825 5203 864 5247 rx,
882 5203 905 5236 v.
921 5188 964 5236 23.
976 5213 993 5224 -
1026 5203 1081 5252 cap.
1095 5201 1168 5245 xviri,
1185 5200 1207 5236 ν.
1219 5185 1250 5234 30
1261 5193 1287 5234 et
1302 5185 1344 5233 ³1.

189 5269 312 5330 unuln,
323 5285 380 5336 cap.
390 5285 446 5334 xri,
459 5287 482 5322 r.
495 5273 589 5323 tt-ur
602 5275 655 5334 quis
665 5269 781 5322 ndu-¹
793 5270 875 5332 loen,
887 5285 942 5336 cap.
955 5287 992 5332 u,
1092 5335 1094 5338 Ι
