4536 6102
762 500 1036 614 'exrosmo
1061 535 1263 610 sunnon.
1761 533 1833 607 scr

246 681 348 778 quod
361 705 447 756 vera
460 686 550 775 sint,
565 684 655 758 vela
670 682 822 760 salsitate
840 683 982 780 penitus
998 681 1131 770 aliena,
1145 679 1362 751 consentire.
1379 674 1533 750 Credere
1545 699 1632 751 vero
1649 675 1687 746 in
1699 679 1829 765 Deum,

247 816 300 872 est
316 801 499 876 credendo
516 829 600 877 eum
617 803 783 900 diligere,
804 816 839 874 et
855 803 905 874 sic
918 803 993 898 ejus
1008 800 1213 873 membrum
1230 799 1307 869 lieri
1320 797 1377 868 vel
1394 821 1482 869 esse.
1497 799 1579 868 Haec
1600 820 1687 868 vero
1705 794 1765 868 illa
1780 813 1832 868 est

248 919 428 994 fructuosa
448 923 555 1014 fides,
574 948 666 1022 quae,
686 937 727 994 ut
741 921 829 994 dicit
847 919 1055 1019 Apostolus,
1074 945 1139 1020 per
1154 919 1384 991 dilectionem
1406 929 1593 1014 operatur3
1614 914 1716 986 etde
1740 941 1829 1013 qua,

194 1069 199 1080 ·
247 1054 294 1116 ut,
303 1039 474 1134 diximus,
493 1044 666 1141 scriptum
683 1045 749 1114 est²
770 1068 778 1112 :
801 1042 962 1112 «Omnis
983 1041 1046 1138 qui
1067 1039 1181 1114 credit
1198 1039 1237 1112 in
1257 1037 1358 1114 illum
1381 1061 1455 1108 uon
1477 1033 1731 1108 confundetur.
1754 1063 1772 1102 i>
1792 1040 1830 1107 ln

246 1158 345 1232 illurn
367 1161 502 1258 inquit,
528 1163 780 1260 potiusquam
800 1159 921 1249 illum,
942 1158 999 1232 vel
1019 1159 1082 1231 illi.
1106 1160 1158 1232 Illi
1182 1159 1315 1258 quippe
1334 1157 1409 1230 duo
1433 1157 1571 1255 priores
1599 1155 1683 1228 fidei
1710 1157 1828 1246 modi,
1858 1160 1860 1164 ’

245 1302 358 1374 quum
374 1279 539 1352 videlicet
552 1286 672 1358 Deum
687 1280 745 1352 vel
760 1283 838 1354 Deo
855 1280 1049 1369 credimus,
1065 1302 1276 1353 communes
1292 1276 1399 1348 nobis
1414 1290 1498 1347 sunt
1510 1301 1593 1347 cum
1604 1275 1780 1372 reprobis,
1795 1293 1829 1348 et

244 1420 328 1468 cum
345 1399 429 1496 ipsis
449 1400 558 1473 etiam
577 1397 815 1472 daemonibus.
833 1401 888 1470 De
909 1398 1039 1496 quibus
1055 1413 1092 1470 et
1105 1398 1232 1470 beatus
1247 1397 1410 1470 meminit
1426 1394 1607 1484 lacobus',
1627 1396 1712 1492 quia
1734 1395 1832 1468 «dae-

245 1539 370 1602 mones
385 1519 539 1598 credunt
554 1535 590 1592 et
608 1521 907 1609 contremiscunt,
923 1545 939 1588 u
958 1533 995 1590 et
1007 1515 1097 1590 fides
1121 1519 1197 1590 sine
1216 1515 1386 1615 operibus
1412 1527 1556 1586 mortua
1575 1530 1640 1586 est.
1661 1516 1726 1588 Hic
1742 1541 1830 1588 vero

205 1722 216 1739 .
239 1637 366 1709 tertius
391 1637 563 1710 credendi
584 1637 732 1728 modus,
760 1663 835 1736 quo
857 1637 1023 1712 videlicet
1043 1637 1081 1709 in
1097 1640 1214 1710 Deum
1235 1635 1405 1745 creditur,
1428 1633 1525 1712 solus
1547 1635 1639 1706 inter
1654 1634 1829 1732 reprobos

159 1804 167 1822 .
243 1753 414 1828 discernit
429 1772 466 1831 et
481 1757 626 1832 electos.
644 1751 693 1830 Ut
703 1759 810 1854 igitur
822 1782 909 1832 vera
922 1759 968 1830 sit
983 1772 1107 1830 nostra
1123 1755 1208 1829 fidei
1223 1755 1415 1845 confessio,
1434 1779 1507 1852 qua
1522 1756 1651 1854 singuli
1668 1757 1829 1853 quotidie

242 1873 393 1946 dicimus
409 1903 417 1948 :
437 1877 586 1950 «Credo
603 1879 640 1948 in
657 1881 793 1968 Deum,
804 1905 822 1944 u
838 1879 888 1958 sic
899 1880 1020 1952 vivere
1030 1876 1251 1965 studeamus
1267 1891 1307 1948 ut
1320 1876 1391 1948 hoc
1405 1899 1488 1948 vere
1501 1875 1619 1948 dicere
1632 1876 1826 1954 valeamus.

243 1992 351 2067 Aliter
367 1997 501 2095 quippe
524 1998 729 2072 membrum
745 1996 902 2070 veritatis
918 2022 993 2070 non
1010 1999 1155 2083 erimus,
1177 2012 1214 2070 et
1228 1997 1308 2095 plus
1331 1997 1437 2068 nobis
1460 1995 1571 2069 officit
1592 1997 1722 2070 salsitas
1738 2023 1827 2070 eon·

242 2111 420 2209 sessionis,
447 2141 557 2215 quam
582 2119 656 2215 ejus
684 2117 839 2216 prolatio
862 2118 1019 2214 adjuvet.
1046 2123 1168 2206 Quum
1191 2133 1311 2190 autem
1333 2117 1488 2213 singula,
1507 2141 1585 2214 quae
1601 2119 1638 2188 in
1654 2119 1723 2192 hac
1744 2113 1827 2191 fidei

240 2232 464 2306 confessione
492 2251 704 2333 sequuntur,
724 2238 774 2312 ita
792 2235 879 2310 huic
903 2237 1081 2336 principio
1100 2237 1320 2326 cohaereant,
1340 2251 1446 2336 atque
1462 2237 1547 2308 hinc
1568 2239 1769 2334 pendeant,
1788 2255 1828 2310 ut

241 2353 269 2421 si
295 2351 400 2448 hujus
418 2355 548 2428 veritas
572 2356 740 2445 violetur,
764 2381 839 2428 non
863 2357 976 2455 possit
998 2357 1035 2427 in
1062 2357 1195 2428 caeteris
1215 2357 1293 2453 ipsa
1315 2355 1505 2444 custodiri3
1531 2381 1643 2452 quum
1663 2357 1827 2431 videlicet

241 2473 391 2546 dicitur:
407 2503 425 2547 u
436 2476 556 2550 Credo
565 2478 603 2550 iu
615 2482 737 2552 Jesum
748 2475 942 2567 Christum,
957 2492 992 2550 et
1008 2478 1046 2548 in
1056 2477 1227 2576 Spiritum
1237 2491 1415 2566 sanctum,
1430 2491 1540 2567 etc.,»
1551 2477 1682 2588 trustra
1691 2479 1826 2576 reliqua

241 2592 467 2684 confitemur,
486 2597 516 2666 si
532 2595 769 2669 consessionis
788 2596 976 2669 exordium
993 2597 1153 2669 falsitatis
1169 2596 1301 2668 habeat
1317 2596 1604 2668 fundamentum.

291 2720 463 2788 «Patrem
488 2719 789 2816 omipotentem.
813 2746 831 2786 u
860 2723 982 2806 Quum
999 2718 1209 2816 praemiserit
1234 2721 1371 2805 Deum,
1397 2742 1511 2787 unum
1536 2717 1718 2811 videlicet,
1731 2795 1736 2802 ,
1750 2745 1823 2792 non

239 2829 376 2925 plures,
395 2831 536 2906 deitatis
549 2834 699 2905 astruxit
708 2833 895 2905 unitatem.
913 2837 942 2904 N
946 2857 1016 2904 unc
1028 2856 1114 2903 vero
1124 2853 1360 2928 personarum
1373 2833 1532 2902 annectit
1541 2829 1821 2924 distinctionem,

239 2973 351 3045 quum
376 2955 536 3056 Patrem,
555 2966 590 3023 et
608 2951 754 3041 Filium,
772 2967 809 3024 et
833 2953 1004 3049 Spiritum
1025 2964 1190 3023 sanctum
1211 2964 1485 3022 commemorat.
1505 2952 1743 3048 Omnipotens
1768 2955 1823 3036 di·

237 3069 342 3160 citur,
362 3086 401 3141 ut
416 3070 543 3146 beatus
559 3073 724 3150 meminit
740 3074 970 3169 Augustinus,
982 3097 1057 3145 non
1071 3072 1172 3169 quod
1187 3073 1311 3146 omnia
1326 3072 1456 3170 possit,
1476 3070 1547 3142 boc
1559 3087 1628 3162 est,
1646 3073 1824 3172 quaslibet

237 3189 273 3258 in
292 3215 330 3260 se
347 3192 527 3290 suscipere
543 3195 719 3282 actiones3
743 3192 806 3265 sed
829 3194 930 3291 quod
946 3195 1024 3290 ejus
1041 3194 1215 3269 voluntati
1230 3193 1288 3265 vel
1303 3193 1531 3291 dispositioni
1548 3192 1646 3266 nulla
1661 3197 1823 3267 resistere

237 3325 408 3406 potestas,
427 3310 485 3382 vel
499 3313 671 3410 cujusque
688 3329 823 3385 naturae
838 3315 892 3385 vis
909 3339 990 3387 eam
1005 3314 1180 3412 impedire
1205 3314 1329 3411 possit.
1356 3318 1451 3384 Bene
1476 3327 1596 3385 autem
1617 3339 1730 3410 quum
1756 3341 1822 3384 nos

236 3429 274 3498 in
290 3432 407 3500 Deum
424 3429 569 3504 credere
585 3431 814 3522 confitemur,
826 3434 1129 3531 omnipotentiam
1144 3433 1219 3528 ejus
1235 3455 1492 3520 memoramus,
1502 3447 1542 3502 ut
1558 3457 1668 3528 quam
1685 3447 1822 3505 rectum

236 3548 330 3621 sitin
347 3575 430 3622 eum
445 3551 605 3641 credere,
622 3551 679 3623 vel
704 3578 806 3650 spem
822 3568 985 3626 nostram
1001 3555 1037 3623 in
1060 3578 1142 3625 eum
1160 3577 1309 3650 ponere,
1329 3553 1430 3648 cujus
1449 3566 1547 3624 tauta
1570 3553 1615 3623 sit
1642 3555 1819 3648 potentia,

237 3667 470 3742 declaremus.
491 3670 595 3744 Unde
611 3686 648 3742 et
662 3670 872 3769 Apostolus⁸
891 3699 899 3741 :
923 3699 941 3740 n
960 3673 996 3742 Si
1013 3675 1109 3742 Deus
1126 3695 1194 3767 pro
1206 3670 1326 3760 nobis,
1340 3672 1419 3766 quis
1436 3685 1564 3742 contra
1579 3671 1667 3740 nos?
1681 3698 1698 3736 >s

288 3791 529 3860 «Creatorem
546 3788 626 3860 coeli
639 3803 675 3859 et
691 3803 805 3862 terrae.
828 3791 1030 3860 »Dicturus
1046 3812 1130 3859 eum
1147 3802 1346 3860 creatorem
1364 3788 1528 3858 omniurn
1545 3813 1633 3879 esse,
1654 3791 1821 3886 praemisit

234 3908 524 4004 omnipotentem
544 3938 552 3980 ε
572 3923 613 3980 ut
629 3909 837 3982 ostenderet
851 3935 935 3981 eum
948 3908 1020 3980 hoc
1036 3932 1142 4006 posse
1159 3907 1221 4005 qui
1238 3908 1361 3980 omnia
1377 3907 1510 4005 possit,
1529 3922 1566 3980 et
1576 3910 1678 4002 cujus
1694 3911 1821 3984 voluu-

236 4027 298 4098 tati
315 4025 407 4098 nihil
421 4027 583 4101 resistere
599 4041 720 4124 queat.
739 4032 947 4104 Creatorem
963 4043 1084 4100 autem
1100 4026 1181 4100 coeli
1192 4026 1295 4116 dicit,
1315 4027 1386 4099 boc
1404 4041 1457 4098 est
1473 4025 1518 4098 dc
1535 4025 1663 4115 nihilo,
1680 4053 1754 4099 non
1775 4030 1820 4100 de

235 4149 445 4245 praejacente
461 4149 609 4222 materia
621 4150 757 4241 omnia,
772 4149 955 4247 exquibus
968 4163 1109 4223 constat
1124 4148 1294 4237 mundus,
1307 4161 1507 4246 operatum.
1521 4146 1659 4242 Coelum
1670 4150 1816 4246 quippe,

234 4265 335 4364 quod
353 4282 428 4342 tam
444 4292 589 4344 aereum
610 4293 719 4366 quam
734 4269 929 4346 aethereum
946 4269 1089 4359 dicitur,
1108 4269 1308 4365 superiores
1324 4267 1451 4340 mundi
1468 4281 1587 4366 partes
1611 4266 1670 4339 bic
1695 4269 1818 4366 appel·

234 4385 283 4458 lat
303 4414 311 4456 :
332 4400 464 4459 terram
488 4413 595 4478 vero,
620 4380 818 4462 inferiores
832 4415 911 4487 quae
935 4389 1097 4488 pondere
1121 4413 1187 4460 suo
1204 4389 1241 4458 in
1258 4389 1352 4460 imo*
1374 4387 1594 4477 subsistunt,
1613 4401 1688 4461 tam
1705 4411 1817 4484 aqua·

235 4508 343 4578 ticam
363 4508 498 4580 scilicet
514 4533 623 4606 quam
644 4523 825 4582 terrenam
847 4510 1098 4584 substantiam.
1124 4514 1316 4582 Possumus
1339 4523 1375 4579 et
1398 4533 1462 4606 per
1478 4508 1609 4581 coelum
1626 4523 1662 4579 et
1683 4522 1817 4580 terram

234 4628 284 4698 ita
299 4629 503 4703 universam
518 4628 701 4703 includere
719 4645 933 4721 creaturam,
952 4645 992 4704 ut
1008 4630 1138 4705 coelum
1154 4629 1316 4702 dicamus
1341 4627 1551 4725 dignitatem
1573 4628 1814 4727 superiorem,

234 4747 345 4822 idest
369 4750 566 4850 spiritalem
593 4751 792 4849 quamlibet
816 4767 981 4828 naturam
1011 4781 1019 4824 :
1043 4769 1176 4829 terram
1200 4775 1290 4826 vero
1311 4775 1564 4850 quamcunque
1584 4773 1813 4847 corpoream.

267 5043 277 5073 ¹
295 5046 377 5106 llum„
389 5062 444 5113 cap.
456 5065 483 5110 x,
496 5064 520 5099 r.
535 5053 617 5100 11.-
631 5049 747 5114 'lacob.,
761 5064 816 5118 cap.
828 5067 893 5114 u,v.
907 5052 979 5103 19.-
990 5051 1001 5080 ⁸
1012 5052 1094 5112 Item„
1105 5067 1160 5119 cap.
1170 5068 1225 5114 riri,
1241 5068 1264 5103 r.
1280 5048 1321 5103 31.
1331 5077 1365 5091 ·-
1377 5051 1387 5082 ⁴
1401 5049 1442 5102 sic
1456 5049 1518 5102 Cod.
1534 5049 1596 5101 Vict.
1613 5049 1754 5101 Alit-Uno
1768 5063 1813 5116 pro

233 5135 280 5183 tmc
290 5131 379 5199 legitur
389 5133 413 5185 in
425 5135 486 5187 edit.
498 5136 568 5188 Amb.
1729 5147 1730 5152 ¹
