4522 6104
746 541 978 616 exaestuo
1005 541 1049 616 ιιι
1072 541 1366 614 ΗΕΧΑΜΕιιΟΝ.
1779 543 1872 616 677·

265 691 331 782 cit,
357 687 404 760 ad
419 687 576 787 speciem
591 683 749 756 hominis
766 682 803 754 in
821 681 883 754 illo
900 683 1139 756 communiter
1161 683 1335 781 loquitur,
1360 705 1436 753 non
1452 681 1651 781 specialiter
1667 681 1714 754 ad
1731 707 1856 783 perso·

267 831 352 880 nam
377 807 475 880 illam
491 799 926 890 sermonemintendens,
954 801 1018 874 sed
1035 802 1246 898 generaliter
1263 802 1309 874 ad
1326 816 1494 892 naturam
1514 800 1730 893 humanam,
1749 803 1787 874 id
1806 820 1859 876 est
1881 844 1883 850 ·

266 925 408 1022 penitus
424 923 641 997 interdicens
662 945 709 994 ne
727 919 807 1017 quis
830 917 998 993 humanae
1018 934 1154 992 naturae
1174 919 1213 993 id
1232 935 1435 1018 praesumat.
1456 919 1514 992 Sic
1535 935 1571 992 et
1591 919 1759 993 sacerdos
1775 946 1859 994 cum

266 1042 387 1140 aliqua
406 1069 499 1141 aqua
514 1055 726 1142 praesentem
750 1037 977 1112 sanctificans
1001 1027 1141 1132 dicens,
1163 1067 1181 1106 a
1201 1041 1265 1137 qui
1285 1064 1393 1137 super
1409 1054 1445 1111 te
1462 1039 1615 1138 pedibus
1640 1036 1885 1130 ambulavit,

266 1164 327 1261 qui
344 1178 379 1234 te
395 1164 432 1235 in
448 1163 576 1235 vinum
588 1159 781 1252 convertit,
797 1187 815 1226 ιι
829 1158 876 1230 ad
892 1157 1110 1244 elementum
1122 1184 1223 1260 aquae
1238 1185 1315 1232 non
1332 1160 1378 1232 ad
1394 1173 1607 1258 praesentem
1617 1159 1715 1232 illam
1727 1183 1858 1274 aquam

266 1302 385 1354 sermo
402 1282 579 1377 dirigitur
597 1281 666 1355 Sed
684 1278 872 1378 quomodo
888 1303 1015 1350 verum
1028 1292 1082 1350 est
1098 1279 1198 1376 quod
1214 1283 1310 1351 Deus
1326 1278 1514 1351 bominem
1530 1281 1691 1377 posuerit
1706 1281 1743 1350 in
1761 1303 1861 1378 para-

266 1400 346 1474 diso
362 1400 408 1472 ad
425 1400 496 1472 hoc
512 1413 553 1470 ut
568 1399 652 1472 eur'n
671 1397 860 1488 excoleret
870 1421 912 1493 ac
929 1397 998 1470 sibi
1014 1398 1212 1470 custodiret
1216 1423 1348 1533 ,quum
1363 1395 1436 1470 hoc
1453 1397 1656 1475 nullatenus
1672 1401 1717 1470 sit
1732 1424 1860 1472 conse·

266 1534 410 1608 cutum,
428 1534 469 1590 ut
484 1517 597 1617 ιιοιιιιι
614 1517 682 1593 sibi
698 1541 782 1590 eum
799 1515 1008 1621 custodiret
1020 1517 1172 1590 Duobus
1183 1518 1318 1615 quippe
1330 1515 1449 1589 modis
1465 1516 1618 1590 dicimus
1633 1517 1770 1617 aliquid
1783 1518 1860 1592 fieri

268 1644 307 1708 ut
323 1636 420 1708 aliud
436 1636 523 1709 tude
534 1636 719 1731 contingat
729 1634 787 1704 vel
800 1617 879 1724 fiat,
892 1649 973 1706 tum
982 1634 1147 1707 videbcet
1158 1635 1380 1708 secundum
1370 1637 1629 1727 intentionem
1648 1652 1726 1709 tum
1738 1663 1861 1710 secun·

266 1757 355 1830 dum
372 1755 540 1829 ellectum
556 1755 833 1865 consecutionis.
853 1754 1015 1826 Veluti
987 1780 1018 1826 ιι
1038 1754 1084 1830 de
1101 1753 1222 1852 aliquo
1240 1754 1358 1827 dicam
1367 1757 1491 1853 ,quia
1503 1757 1587 1828 exiit
1605 1755 1651 1830 ad
1667 1757 1802 1830 bellum
1820 1772 1861 1828 ut

267 1874 465 1964 occideret,
482 1873 540 1944 vel
561 1855 644 1944 exiit
659 1887 699 1946 ut
722 1871 960 1978 occideretur,
978 1872 1072 1944 sicut
1085 1871 1174 1943 illud
1192 1872 1400 1969 intelligitur
1422 1872 1517 1946 bac
1507 1868 1708 1946 intentione
1725 1875 1859 1946 sactum

267 1993 313 2066 ab
329 1993 391 2066 illo
408 2008 448 2066 ut
471 1991 581 2065 alium
597 1992 805 2066 occideret.
825 1993 876 2063 sic
892 1991 1017 2096 istud
1007 2006 1063 2073 tta
1073 1991 1208 2064 iactum
1226 2006 1266 2063 ut
1282 2015 1367 2064 eum
1383 1991 1501 2064 occidi
1518 1992 1604 2066 inde
1620 1995 1856 2090 contingeret.

267 2119 311 2186 Αι
321 2139 530 2211 veroquam
538 2113 703 2202 dicimus,
718 2113 803 2210 quia
818 2113 939 2211 posuit
953 2115 1054 2184 Deus
1065 2109 1253 2184 hominem
1269 2113 1306 2184 in
1325 2111 1497 2210 paradiso
1507 2127 1547 2184 ut
1560 2139 1645 2184 curn
1660 2113 1727 2186 sibi
1744 2130 1860 2187 custo·

267 2231 376 2322 diret,
395 2255 625 2330 nequaquam
636 2233 717 2330 ipse·
729 2230 800 2302 bac
814 2230 1016 2302 intentione
1032 2229 1069 2300 id
1087 2227 1169 2302 iecit
1185 2229 1285 2326 quod
1300 2229 1435 2302 sciebat
1450 2254 1680 2328 nequaquam
1698 2231 1858 2306 futurum

267 2374 360 2440 esse,
377 2374 495 2450 neque
510 2350 562 2423 ita
575 2365 616 2422 ut
630 2349 721 2421 illud
735 2348 821 2421 inde
837 2348 1073 2446 contingeret.
1093 2349 1146 2419 lta
1162 2372 1247 2444 ergo
1270 2348 1520 2447 accipiendum
1541 2364 1612 2440 est,
1631 2379 1649 2420 a
1668 2367 1710 2432 ut
1730 2376 1860 2452 opera·

268 2485 466 2564 retur,etc.
488 2499 510 2538 ιι
526 2493 567 2542 ac
584 2471 613 2542 si
630 2469 809 2542 diceretur
824 2469 909 2566 quia
929 2466 1102 2566 ponendo
1128 2491 1212 2539 eum
1228 2466 1299 2557 ibi,
1326 2469 1511 2540 constituit
1531 2493 1615 2542 eum
1633 2469 1808 2544 cultorem
1825 2488 1861 2545 et

268 2575 561 2664 conservatorem
586 2589 679 2661 illius
696 2589 786 2677 loci,
813 2587 1056 2687 praecipiendo
1074 2586 1207 2659 sedicet
1223 2588 1256 2658 ei
1273 2601 1313 2658 ut
1329 2611 1413 2660 eum
1434 2588 1611 2662 excoleret
1627 2615 1669 2662 ac
1686 2591 1754 2664 sibi
1770 2617 1858 2664 con-

267 2725 425 2787 servaret
439 2710 640 2782 :excoleret
662 2709 810 2807 quidem
832 2731 916 2780 eum
939 2705 1177 2780 delectatione
1198 2707 1312 2803 magis
1333 2706 1452 2806 aliqua
1474 2708 1524 2780 ibi
1546 2708 1749 2808 operando,
1769 2714 1860 2784 sicut

268 2831 415 2906 arbores
431 2833 525 2932 ipsas
541 2831 600 2904 vel
615 2830 746 2902 herbas
761 2827 970 2928 purgando,
988 2830 1109 2927 potius
1125 2853 1334 2926 quamcum
1344 2829 1559 2926 fatigationis
1571 2830 1708 2904 labore.

316 2953 435 3040 Quaeri
451 2952 559 3047 epam
574 2964 694 3049 potest
716 2949 750 3020 si
768 2949 840 3021 boc
862 2963 1081 3047 praeceptum
1101 2947 1259 3020 audibile
1275 2948 1341 3019 suit
1350 2973 1450 3046 ,qua
1473 2948 1594 3046 lingua
1617 2951 1798 3050 prolatum
1815 2955 1860 3024 sit

268 3093 380 3206 quarn
396 3027 509 3142 Adam
530 3069 726 3167 intelligere
739 3082 878 3167 posset,
903 3093 1016 3167 quum
1037 3067 1307 3166 postmodum
1297 3091 1373 3166 rpse
1394 3067 1568 3141 reseratur
1583 3069 1768 3168 linguam
1758 3097 1859 3146 inve·

268 3189 362 3262 nisse
367 3215 504 3288 ,quum
514 3188 678 3262 adductis
694 3187 740 3260 ad
756 3214 794 3260 se
812 3187 1026 3260 animalibus
1042 3189 1192 3260 nomina
1209 3187 1303 3260 illis
1293 3205 1510 3286 imponeret.
1525 3191 1736 3264 Sedscimus
1748 3194 1862 3266 multa

268 3308 505 3408 inscripturis
520 3333 586 3408 per
597 3309 898 3381 intermissionem
910 3307 969 3380 vel
982 3307 1277 3406 anticipationem
1289 3323 1386 3382 extra
1403 3310 1570 3382 ordinem
1583 3312 1635 3382 rei
1650 3327 1756 3409 gestae
1771 3337 1862 3386 non·
1955 3338 1964 3362 ι

268 3448 456 3526 nunquam
474 3429 629 3521 narrari·
644 3431 736 3498 Ecce
759 3427 857 3499 enim
874 3427 1038 3525 superius
1054 3441 1153 3498 sexto
1173 3425 1232 3498 die
1247 3441 1323 3500 tam
1338 3430 1417 3501 viro
1435 3453 1546 3526 quam
1564 3429 1698 3504 femina
1718 3434 1859 3526 creatis,

269 3547 333 3620 sed
348 3547 514 3634 nondum
532 3549 694 3646 exposito
711 3547 823 3618 modo
842 3544 936 3617 illius
956 3545 1170 3636 creationis,
1189 3545 1425 3645 postmodum
1441 3549 1615 3647 repetitur
1635 3549 1695 3623 illa
1712 3552 1859 3644 creati0,

270 3689 312 3738 ac
328 3667 378 3738 sic
393 3665 581 3763 diligenter
599 3680 635 3737 et
651 3666 788 3762 integre
804 3678 985 3754 narratur,
1006 3679 1180 3762 tanquam
1205 3679 1292 3737 tunc
1307 3679 1459 3740 tantum
1484 3683 1520 3740 et
1541 3693 1616 3741 non
1639 3685 1723 3760 carte
1745 3670 1859 3744 fieret.

270 3783 369 3856 Sicut
384 3808 469 3880 ergo
485 3784 677 3882 ipsaprius
693 3781 787 3859 facta
801 3781 1036 3881 postmodum
1055 3782 1204 3854 iteratur
1220 3797 1368 3881 propter
1380 3785 1623 3860 intermissum
1637 3789 1771 3864 scilicet
1787 3764 1862 3889 ejus

270 3904 468 3995 modum,
459 3919 509 3976 tta
531 3919 567 3976 et
581 3928 646 4002 per
667 3902 961 4001 anticipationem
983 3900 1160 3974 nonnulla
1176 3901 1236 3974 bic
1258 3903 1381 3975 referri
1405 3921 1503 3980 extra
1525 3907 1691 3980 ordinem
1708 3934 1785 3982 nou
1808 3929 1862 3986 est

270 4027 574 4126 improbandum,
593 4035 634 4098 ut
654 4026 753 4123 prius
773 4024 907 4096 sedicet
930 4023 1049 4096 Adam
1068 4047 1177 4096 voces
1201 4025 1393 4098 instituerit
1416 4026 1463 4098 ad
1484 4025 1724 4125 loquendum,
1749 4057 1860 4140 quam

270 4161 488 4246 preceptum
505 4145 652 4218 Domini
665 4143 855 4244 audiretin
867 4142 935 4214 rllrs
945 4139 1096 4216 vocibus
1107 4167 1197 4240 quas
1213 4167 1290 4243 ipse
1300 4145 1526 4236 rnstrtrusset
1546 4162 1585 4219 ut
1597 4149 1875 4248 easrntellrgere-1
1924 4191 1930 4208 ·
1964 4131 1979 4152 ⁸

269 4281 410 4366 posset,
428 4263 559 4366 quibus
580 4281 615 4338 et
635 4267 711 4363 ipse
735 4235 976 4364 postmodum
991 4262 1149 4361 loquens
1165 4263 1324 4337 diceret:
1316 4269 1462 4338 ·«lloc
1482 4293 1580 4340 nunc
1595 4295 1636 4341 os
1653 4295 1696 4342 ex
1720 4272 1861 4346 ossibus

272 4389 381 4480 areis,
396 4403 464 4460 etc.
481 4415 500 4456 ιι
514 4387 645 4484 quibus
663 4401 698 4458 et
711 4409 858 4484 serpens
866 4409 950 4457 cum
962 4384 1111 4458 muliere
1127 4383 1347 4484 loqueretur,
1360 4385 1418 4458 vel
1435 4388 1562 4460 mulier
1578 4415 1661 4463 cum
1674 4380 1858 4493 serpenlc;

273 4509 397 4608 etipse
412 4532 556 4580 rursum
571 4507 752 4579 Dominus
762 4507 800 4577 in
813 4506 1060 4605 increpatione
1075 4506 1214 4605 peccati
1235 4531 1319 4576 cum
1339 4506 1453 4580 Adam
1466 4523 1502 4580 et
1513 4511 1605 4602 Eva,
1621 4511 1679 4586 vel
1691 4515 1760 4612 ipsi
1778 4539 1862 4589 cum

272 4629 444 4700 Domino.
465 4631 516 4698 Ex
534 4652 608 4726 quo
625 4625 787 4724 profecto
806 4649 882 4698 non
898 4626 1089 4698 minimum
1102 4625 1250 4697 rationis
1265 4624 1400 4698 habere
1417 4629 1598 4724 videntur,
1617 4633 1680 4729 qui
1696 4633 1776 4706 illos
1789 4637 1862 4734 pri·

273 4771 356 4822 mos
381 4763 547 4849 parentes
581 4745 762 4844 aliquibus
784 4748 889 4820 annis
915 4747 953 4818 ιιι
983 4743 1150 4844 paradiso
1181 4759 1264 4821 ante
1291 4761 1479 4845 peccatum
1505 4749 1632 4823 vixisse
1663 4754 1858 4846 estimant,

273 4871 438 4967 quamvis
456 4868 595 4942 nullum
612 4867 664 4940 ibi
677 4865 790 4939 lilium
804 4866 1005 4980 genuerint.
1020 4870 1098 4940 Non
1117 4866 1213 4938 enim
1231 4865 1341 4940 breve
1358 4869 1530 4968 temporis
1548 4872 1722 4969 spatium,
1738 4889 1779 4946 ut
1797 4869 1861 4948 cte·

273 5004 349 5064 tera
368 4993 592 5081 omittamus,
611 4989 658 5062 ad
675 4989 782 5060 unius
798 4988 950 5087 linguae
940 4989 1189 5060 inventionem
1204 4985 1367 5062 sufficere
1381 5004 1538 5088 poterat,
1557 5016 1626 5066 nec
1643 4993 1743 5067 sola'
1733 5019 1859 5068 inven-

274 5112 326 5186 tio
337 5115 618 5214 nominumque
630 5111 839 5186 luctantum
855 5124 1161 5186 commemoratur
1172 5110 1210 5184 in
1223 5109 1281 5184 his
1293 5107 1535 5187 locutionibus
1547 5115 1767 5208 continetur,
1779 5141 1858 5215 quae
