4510 6108
475 627 548 702 486
832 626 835 634 '
1072 628 1199 700 PETRI
1230 630 1461 704 lssAEtlttttt

475 769 675 842 remittetur
694 769 740 840 ei.
764 769 836 855 Qui
856 781 977 840 autem
996 767 1125 868 dixerit
1144 784 1271 843 contra
1294 773 1465 871 Spiritum
1490 786 1671 860 sanctum,
1701 799 1777 844 non
1804 775 2056 847 remitteturei

476 912 594 986 neque
605 889 642 960 in
659 887 730 960 hoc
742 886 884 977 saeculo,
896 913 1015 985 neque
1030 890 1067 960 in
1083 889 1216 960 futuro.
1229 919 1246 956 u
1261 892 1297 961 Si
1311 906 1430 964 autem
1444 890 1581 962 offensa
1595 893 1631 962 in
1642 892 1812 989 Spiritum
1825 893 1911 963 dicti
1924 907 2058 965 tantam

475 1007 585 1080 habet
602 1033 767 1106 poenam,
794 1034 873 1106 quae
893 1008 1052 1081 vindicta
1077 1025 1199 1082 manet
1221 1010 1303 1082 facti
1322 1012 1661 1107 transgressionem?
1685 1016 1763 1083 Non
1787 1027 1907 1086 autem
1933 1013 2060 1085 sufficit

474 1127 579 1202 vobis
612 1155 633 1201 a
660 1129 940 1225 transgressione
965 1153 1108 1219 cavere,
1137 1131 1205 1202 nisi
1230 1133 1263 1202 ei
1291 1145 1367 1204 toto
1396 1132 1525 1203 allecto
1552 1131 1722 1204 studeatis
1755 1132 1916 1230 placere,
1943 1157 1966 1204 a
1987 1159 2059 1230 quo

475 1249 652 1350 speranda
661 1263 745 1320 sunt
757 1249 880 1320 omnia
889 1248 987 1322 dona
1002 1248 1132 1320 divinae
1146 1250 1276 1345 gratiae.
1292 1252 1362 1337 Qui
1372 1276 1485 1348 quum
1496 1275 1539 1323 ea
1547 1250 1694 1348 singulis
1705 1267 1814 1348 prout
1823 1251 1900 1323 vult
1913 1251 2056 1340 dividit,

463 1383 586 1467 ¹prout
607 1367 684 1440 vult
703 1367 901 1460 distribuit,
926 1367 1018 1440 adeo
1040 1383 1170 1440 utnon
1191 1369 1309 1440 solum
1326 1369 1432 1441 dator
1448 1395 1592 1459 eorum,
1611 1371 1846 1441 verumetiam
1862 1371 1982 1468 ip'sum
1999 1371 2059 1440 Dei

477 1487 617 1559 dicatur
630 1487 770 1558 donum
784 1514 791 1558 :
806 1501 983 1584 quantum
998 1503 1157 1584 satagere
1172 1488 1364 1578 debemus,
1380 1502 1420 1560 ut
1433 1488 1531 1561 hunc
1545 1489 1654 1560 talem
1665 1513 1707 1561 ac
1719 1503 1861 1560 tantum
1877 1489 2060 1587 dispensa·

476 1621 595 1678 torem
614 1606 811 1679 habeamus
829 1606 1046 1706 propitium?
1069 1607 1237 1704 Quisquis
1261 1609 1298 1678 in
1323 1597 1515 1704 cujuslibet⁴
1531 1610 1688 1706 potentis
1711 1607 1845 1680 familia
1860 1608 2061 1679 conversari

478 1724 674 1816 desiderat,
692 1725 783 1797 nihil
799 1741 860 1798 aut
882 1750 1011 1824 parum
1031 1726 1063 1797 ei
1086 1725 1234 1824 prodest
1250 1725 1384 1798 habere
1402 1728 1550 1822 gratiam
1572 1725 1736 1814 Domini,
1757 1726 1786 1796 si
1807 1739 1926 1797 careat
1953 1727 2061 1821 gratia

478 1847 757 1945 dispensatoris:
777 1848 972 1945 praesertim
984 1871 1097 1943 quum
1114 1849 1189 1946 ipse
1201 1846 1299 1918 idem
1309 1846 1414 1918 simul
1430 1863 1466 1919 et
1481 1848 1657 1920 Dominus
1671 1847 1801 1919 domus
1813 1847 1858 1917 sit
1871 1861 1907 1916 et
1923 1845 2062 1944 dispen-

478 1982 595 2055 sator,
627 1967 719 2039 sicut
749 1966 795 2038 de
826 1967 960 2065 Spiritu
984 1981 1110 2039 sancto
1137 1965 1323 2040 manifeste
1350 1966 1481 2039 clamat
1504 1965 1745 2066 Apostolus¹z
1776 1996 1793 2034 κ
1810 1965 2028 2053 Divisiones‚
2044 1995 2059 2030 n

479 2085 612 2181 inquit,
638 2086 864 2181 «gratiarum
887 2099 989 2174 sunt,
1012 2084 1108 2156 idem
1134 2100 1256 2156 autem
1276 2087 1439 2184 Spiritus.
1469 2065 1515 2156 Et
1539 2085 1732 2156 divisiones
1763 2084 2062 2156 ministrationum

480 2218 580 2292 sunt,
608 2204 706 2278 idem
737 2229 825 2276 vero
853 2209 950 2276 Deus
970 2207 1033 2301 qui
1056 2219 1226 2303 operatur
1251 2205 1375 2276 omnia
1400 2205 1438 2276 in
1465 2203 1646 2276 omnibus.
1665 2231 1683 2270 n
1712 2205 1781 2289 Qui
1806 2195 1913 2274 etiam
1939 2227 2062 2274 conse·

480 2339 632 2423 quenter
654 2349 870 2398 enumerans
886 2324 985 2398 dona
1000 2323 1130 2396 divinae
1151 2325 1287 2421 gratiae,
1315 2349 1394 2423 quae
1415 2325 1565 2422 Spiritus
1585 2325 1662 2422 ipse
1678 2322 1880 2412 distribuit,
1899 2322 2059 2394 dieens¹2

484 2477 501 2514 α
513 2447 580 2518 alii
599 2446 747 2544 quidem
768 2445 874 2518 datur
897 2471 961 2545 per
981 2445 1152 2544 Spiritum
1173 2471 1291 2518 sermo
1312 2446 1509 2545 sapientiae,
1529 2445 1589 2517 alii
1609 2469 1728 2516 sermo
1747 2446 1920 2534 scientiae,
1947 2459 2033 2534 etc,
2045 2475 2060 2512 a

408 2616 412 2624 ·
481 2569 531 2640 ita
544 2567 638 2639 hanc
652 2567 836 2640 donorum
854 2565 1144 2638 distributionem
1160 2566 1370 2638 conclusis:
1393 2594 1411 2634 u
1422 2571 1504 2637 Haec
1520 2580 1641 2638 autem
1656 2565 1779 2638 omnia
1791 2578 1961 2662 operatur
1976 2589 2062 2636 unus

482 2701 590 2786 atque
606 2686 704 2758 idem
719 2687 888 2786 Spiritus,
908 2684 1072 2758 dividens
1093 2685 1241 2783 singulis
1258 2700 1369 2784 prout
1382 2685 1471 2757 vult.
1487 2713 1505 2752 r
1528 2690 1579 2756 Ex
1596 2684 1726 2782 quibus
1742 2684 1891 2781 quidem
1906 2699 2063 2782 patenter

482 2808 640 2878 insinuat
669 2805 839 2878 eumdem
863 2804 1133 2877 distributorem
1161 2830 1202 2878 ac
1227 2803 1512 2903 dispensatorem
1538 2804 1745 2875 divinorum
1772 2803 1974 2892 donorum,
1996 2819 2063 2876 tam

484 2927 681 2998 Dominum
698 2895 773 2998 esse
789 2949 899 3023 quam
915 2928 1049 3013 Deum,
1064 2938 1099 2995 et
1115 2949 1183 3022 pro
1198 2923 1346 2996 arbitrio
1359 2948 1426 2996 suo
1442 2924 1560 3022 ipsum
1577 2938 1749 3019 tanquam
1764 2923 1980 3012 Dominum,
1995 2947 2063 2994 non

483 3045 551 3118 sub
574 3046 732 3118 Domino
755 3044 1040 3144 dispensatorem
1064 3045 1321 3134 constitutum,
1350 3069 1392 3116 ea
1412 3042 1542 3140 quibus
1566 3041 1721 3114 voluerit
1739 3041 1850 3114 libere
1872 3043 2061 3139 impertire.

484 3165 593 3261 Cujus
605 3164 715 3236 hodie
730 3162 873 3261 largitas
889 3163 1035 3236 uberior
1049 3162 1223 3262 ampliore
1237 3164 1349 3260 gratia
1364 3178 1575 3262 praesentem
1594 3161 1691 3235 diem
1702 3177 1875 3259 tanquam
1886 3163 2063 3260 propriam

483 3285 747 3357 solemnitatem
768 3284 914 3373 ditavit,
932 3285 970 3355 in
991 3308 1064 3382 qua
1081 3283 1289 3357 divinorum
1312 3281 1572 3356 beneficiorum
1591 3285 1847 3383 promissiones
1861 3283 2061 3381 complevit.

486 3408 571 3476 Post
584 3403 779 3476 adventum
793 3404 927 3502 quippe
945 3400 1007 3473 filii
1023 3403 1061 3472 in
1078 3402 1276 3494 mundum,
1292 3417 1374 3502 post
1391 3405 1466 3499 ejus
1483 3401 1530 3476 ad
1545 3407 1687 3476 Patrem
1703 3404 1741 3474 in
1758 3403 1966 3480 ascensione
1982 3400 2066 3473 redi·

485 3541 581 3613 tum,
613 3524 764 3622 Spiritus
794 3525 907 3599 sancti
934 3523 1131 3596 hodiernus
1159 3524 1317 3597 restabat
1349 3525 1545 3615 adventus,
1577 3551 1642 3624 per
1672 3549 1781 3623 quem
1805 3522 2066 3622 complerentur

487 3645 610 3716 omnia
635 3667 715 3740 quae
737 3667 802 3740 per
823 3642 951 3714 Filium
976 3643 1022 3716 ad
1047 3643 1198 3716 salutem
1222 3657 1385 3720 nostram
1412 3644 1556 3717 suerunt
1590 3644 1772 3716 inchoata.
1807 3643 1912 3715 Unde
1938 3644 2066 3740 etipse

486 3763 631 3836 Filius⁴z
653 3762 803 3854 «Mitto,
819 3789 837 3830 »
858 3763 991 3862 inquit,
1018 3792 1035 3831 u
1048 3765 1265 3863 promissum
1282 3765 1392 3862 patris
1409 3765 1481 3837 mei
1503 3765 1540 3836 in
1561 3789 1640 3836 vos.
1661 3768 1735 3836 Vos
1756 3777 1877 3835 autem
1896 3762 2015 3835 sedete
2028 3760 2065 3830 in

398 3881 401 3888 ’
487 3883 648 3971 civitate,
662 3880 899 3982 quoadusque
910 3883 1111 3956 induamini
1121 3885 1255 3957 virtute
1270 3909 1313 3956 ex
1327 3882 1413 3956 alto.
1432 3911 1450 3950 u
1464 3889 1509 3954 Et
1520 3886 1700 3954 rursum⁸z
1720 3911 1737 3950 n
1746 3881 1939 3954 Paraclitus
1949 3894 2067 3952 autem

487 4005 638 4104 Spiritus
660 4018 821 4094 sanctus,
837 4028 947 4101 quem
966 4005 1083 4075 mittet
1101 4005 1257 4077 Peterin
1274 4005 1423 4076 nomine
1439 4029 1541 4093 meo,
1561 4002 1620 4075 ille
1635 4027 1701 4074 vos
1717 3999 1863 4074 docebit
1877 4001 2015 4088 omnia,
2033 4012 2068 4069 et

485 4138 650 4219 suggeret
672 4121 777 4195 vobis
803 4123 926 4196 omnia
945 4147 1168 4220 quaecunque
1190 4123 1314 4196 dixero
1338 4122 1455 4194 vobis.
1472 4150 1490 4190 »
1521 4128 1566 4193 Et
1588 4123 1734 4193 iterum⁶
1750 4149 1758 4192 :
1775 4149 1794 4189 n
1810 4118 1936 4191 Adhuc
1960 4116 2068 4189 multa

485 4241 605 4316 habeo
627 4243 730 4315 vobis
752 4242 889 4332 dicere,
915 4242 978 4315 sed
999 4267 1075 4314 non
1092 4245 1240 4342 potestis
1262 4258 1407 4343 portare
1428 4242 1554 4314 modo.
1579 4245 1700 4342 Quum
1719 4255 1840 4312 autem
1856 4239 1992 4310 venerit
2011 4235 2069 4307 ille

487 4363 638 4464 Spiritus
655 4363 830 4452 veritatis,
847 4361 993 4434 docebit
1008 4387 1074 4434 vos
1089 4387 1239 4436 omnem
1254 4366 1452 4435 veritatem.
1469 4391 1487 4429 >r

536 4488 588 4554 Ex
601 4482 657 4554 his
676 4483 796 4579 itaque
812 4482 1024 4554 testimoniis
1040 4483 1205 4555 Veritatis
1220 4481 1333 4580 liquet
1350 4496 1487 4580 quanta
1504 4481 1615 4577 gratia
1632 4481 1679 4552 sit
1698 4479 1847 4578 praedita
1866 4475 2071 4551 solemnitas

488 4601 682 4691 hodierna,
709 4602 747 4672 in
771 4625 843 4698 qua
863 4600 1028 4700 discipuli
1055 4601 1185 4674 Christi
1209 4616 1284 4674 tam
1312 4602 1444 4673 virtute
1470 4601 1697 4689 constantias,
1721 4623 1830 4698 quam
1855 4596 2072 4697 perfectione

488 4723 643 4795 scientiae
660 4735 745 4794 sunt
759 4724 1013 4794 consummati.
1033 4723 1129 4810 Quid
1150 4737 1204 4795 est
1224 4724 1321 4794 enim
1340 4723 1471 4794 virtute
1493 4721 1595 4793 indui
1609 4745 1650 4792 ex
1669 4721 1760 4809 alte,
1780 4720 1848 4792 nisi
1865 4715 2073 4789 fortitudine

400 4821 405 4828 ⁵
489 4843 600 4914 animi
616 4856 743 4914 contra
754 4856 908 4915 terrores
919 4843 1046 4933 seculi,
1060 4858 1095 4914 et
1105 4841 1282 4941 quaslibet
1294 4843 1522 4915 adversitates
1534 4841 1687 4914 armari?
1701 4839 1796 4926 Quid
1809 4839 1907 4910 enim
1921 4834 2075 4936 apostoli

524 5145 532 5172 ⁴
553 5145 661 5199 Corinth.
674 5149 700 5208 1,
712 5163 767 5214 cap.
781 5164 830 5209 ru,
849 5164 874 5200 r.
890 5152 916 5200 4.
928 5176 958 5188 -
969 5149 980 5178 ¹
991 5150 1066 5214 thid„
1084 5168 1109 5204 r.
1126 5152 1213 5204 80⁶⁸
1224 5151 1297 5214 ibid,
1308 5169 1332 5204 v.
1349 5157 1387 5206 11.
1398 5151 1450 5191 -⁴
1460 5153 1532 5213 Luc„
1546 5167 1602 5219 cap.
1615 5168 1685 5214 mv,
1697 5167 1721 5201 r.
1740 5153 1781 5200 49.
1795 5177 1824 5187 -
1837 5150 1847 5177 ⁸
1861 5148 1944 5229 leam,
1956 5162 2011 5212 rap.
2024 5161 2078 5204 xlv,

490 5250 512 5283 v.
525 5234 567 5285 26.
576 5237 624 5274 -0
637 5234 721 5298 loen„
733 5251 789 5302 cap.
804 5251 860 5300 xu,
872 5252 895 5288 r.
911 5239 951 5291 12.
