4510 6108
710 543 987 654 nrxsstonu
1012 578 1170 650 nonna
1195 577 1358 650 suano.
1757 572 1828 644 aaa

245 723 406 796 humano
424 720 612 794 destitutus
629 721 776 810 auxilio,
800 722 858 792 cui
879 719 1088 818 angelorum
1109 719 1292 792 assistebat
1313 715 1519 789 multitudo.
1539 717 1697 787 Primum
1717 714 1831 787 addu-

245 844 338 914 citur
354 841 400 914 ad
412 847 553 914 Annam
565 841 786 941 pontificem,
800 864 965 913 socerum
977 840 1136 938 Caiphae,
1152 841 1215 937 qui
1231 839 1396 911 videlicet
1408 835 1560 934 Caiphas
1577 851 1653 908 erat
1669 835 1829 935 pontifex

245 969 331 1036 anni
348 964 453 1035 illius.
472 966 575 1037 Vices
597 966 730 1064 quippe
750 988 832 1036 suas
853 962 982 1034 diversi
1003 960 1191 1060 pontifices
1208 962 1284 1058 jam
1307 961 1390 1032 facti
1410 957 1563 1055 agebant
1583 982 1648 1057 per
1670 957 1829 1028 diversos

245 1107 372 1156 annos.
392 1085 550 1157 Primum
567 1086 613 1158 ad
634 1089 775 1157 Annam
798 1083 1000 1155 illudendas
1026 1083 1074 1154 ibi
1101 1081 1305 1172 adducitur,
1324 1080 1455 1153 deinde
1482 1079 1528 1152 ad
1545 1078 1735 1177 Caipbam‚
1755 1095 1830 1150 tan·

244 1201 328 1274 dem
345 1201 391 1275 ad
412 1202 580 1293 Pilatum,
599 1219 639 1275 ut
660 1205 787 1302 saepius
808 1201 930 1274 illusus
952 1200 1196 1271 erubescentia
1217 1200 1510 1288 confunderetur,
1530 1200 1656 1297 saepius
1677 1196 1829 1268 afflictus

244 1320 396 1394 delicere
412 1339 612 1419 cogeretur.
632 1321 862 1394 Pontificibus
878 1337 1051 1418 tanquam
1072 1320 1281 1418 legisperitis
1297 1321 1416 1418 primo
1438 1334 1670 1418 presentatur
1694 1347 1702 1388 :
1722 1332 1763 1388 ut
1783 1317 1828 1389 ab

244 1439 318 1528 bis,
337 1442 400 1538 qui
420 1440 534 1537 legem
557 1467 595 1513 se
616 1465 833 1537 cognoscere
853 1439 1088 1526 testabantur,
1111 1436 1311 1508 secundum
1331 1437 1445 1533 legem
1462 1436 1699 1532 judicaretur,
1723 1452 1758 1506 et
1783 1439 1828 1508 ab

244 1561 294 1630 eis
310 1562 484 1660 inciperet
499 1562 651 1652 malitia,
671 1587 736 1662 per
752 1587 843 1660 quos
861 1561 980 1659 potius
1001 1573 1093 1632 esset
1113 1557 1340 1630 refrenanda.
1361 1559 1533 1644 Quamvis
1548 1556 1702 1655 Caiphas
1718 1557 1829 1629 admi·
1914 1561 1919 1570 '

244 1680 410 1752 nistraret
434 1705 478 1752 eo
504 1706 601 1754 anno
621 1680 888 1780 pontificatum,
909 1705 983 1751 non
1004 1678 1212 1774 indignatur
1228 1693 1348 1750 tamen
1367 1678 1467 1776 prius
1485 1676 1615 1749 adduci
1635 1683 1755 1748 lesum
1781 1678 1826 1750 ad

242 1798 450 1896 pontificem
471 1801 598 1889 alium,
618 1816 658 1872 ut
679 1816 780 1874 tanto
802 1800 946 1872 liberius
973 1815 1008 1870 et
1033 1800 1191 1872 securius
1217 1799 1405 1872 damnaret
1431 1822 1550 1885 reum,
1579 1811 1715 1894 quanto
1743 1823 1826 1869 eum

241 1922 463 2019 conspiceret
475 1923 550 2019 jam
567 1922 614 1993 ab
630 1922 701 1994 alio
719 1922 947 2011 damnatum,
964 1937 1003 1993 ut
1019 1922 1068 1993 sic
1086 1923 1122 1992 in
1137 1947 1200 1994 ore
1213 1920 1370 1992 duorum
1386 1921 1529 1990 testium
1541 1933 1649 1990 staret
1660 1919 1823 1990 verbum.

292 2039 548 2138 «Sequebatur
565 2046 821 2114 autem-lesum
837 2044 961 2114 Simon
984 2047 1124 2132 Petrus,
1144 2058 1180 2113 et
1201 2041 1290 2113 alius
1314 2038 1522 2138 discipulus
1543 2037 1744 2135 Discipulus
1770 2064 1828 2110 au·

239 2174 312 2230 tem
329 2159 387 2231 ille
404 2175 511 2233 notus
528 2176 605 2233 erat
619 2160 795 2260 pontifici.
819 2168 863 2234 Et
884 2163 1046 2233 introivit
1062 2187 1145 2233 cum
1166 2166 1248 2234 lesu
1271 2163 1308 2232 in
1335 2161 1466 2231 atrium
1487 2157 1679 2258 pontificis.
1704 2164 1826 2232 Petrus

239 2295 359 2354 autem
376 2279 493 2354 stabat
508 2282 555 2354 ad
572 2284 704 2355 ostium
722 2283 821 2354 foris.
842 2285 958 2355 Exivit
974 2309 1060 2381 ergo
1077 2281 1273 2381 discipulus
1290 2281 1396 2372 alius,
1416 2281 1478 2378 qui
1495 2295 1570 2352 erat
1586 2296 1694 2352 notus
1710 2283 1827 2379 ponti·

239 2398 314 2487 lici,
334 2415 370 2470 et
386 2399 474 2472 dixit
491 2402 659 2492 ostiariae,
678 2417 714 2474 et
729 2402 926 2475 introduxit
942 2407 1086 2474 Petrum
1097 2408 1118 2473 ¹.
1146 2431 1162 2470 a
1183 2403 1308 2474 Caeteri
1324 2399 1546 2497 evangelistae
1562 2399 1609 2471 de
1625 2400 1704 2470 solo
1720 2404 1824 2472 Petro

239 2521 415 2610 referunt,
435 2522 535 2619 quod
552 2547 572 2594 a
589 2523 695 2618 longe
712 2538 920 2620 sequeretur
937 2529 1069 2596 lesum.
1090 2524 1160 2610 Qui
1177 2523 1275 2594 enim
1295 2523 1535 2622 propinquior
1556 2523 1589 2594 ei
1610 2523 1767 2594 astiterat
1788 2525 1824 2594 in

240 2643 422 2739 captione,
444 2643 534 2714 etin
551 2641 709 2715 vindicta
735 2643 942 2734 ferventior,
967 2669 1091 2716 aurem
1116 2645 1210 2716 servi
1235 2641 1414 2742 pontificis
1442 2643 1683 2741 amputando,
1713 2669 1825 2740 quum

236 2763 311 2856 jam
329 2764 447 2836 caeteri
459 2763 496 2833 in
514 2763 635 2858 fugam
652 2764 802 2862 dispersi
818 2780 948 2854 esseut,
961 2780 1009 2853 et,
1025 2780 1066 2836 ut
1078 2768 1218 2836 Marcus
1231 2764 1355 2851 refert,
1371 2762 1578 2836 adolescens
1591 2764 1826 2862 comprehen-

240 2905 312 2970 sus,
327 2881 449 2954 relicta
462 2882 627 2972 sindone,
640 2884 759 2955 nudus
771 2884 997 2981 profugisset,
1010 2885 1085 2980 jam
1100 2883 1326 2955 tremefactus
1338 2888 1460 2954 Petrus
1473 2883 1612 2978 alonge
1625 2885 1823 2954 Dominum

238 3001 466 3100 sequebatur,
486 3028 596 3101 aquo
613 3030 696 3076 eum
713 2995 854 3103 penit'us
871 3006 1028 3104 separari
1044 3030 1120 3076 uon
1137 3004 1339 3103 patiebatur
1355 3005 1408 3075 vis
1426 3005 1559 3075 amoris
1579 3032 1588 3074 :
1608 3005 1694 3102 quia
1713 3029 1824 3101 quan·

239 3135 458 3220 tumcunque
479 3123 517 3192 in
536 3122 692 3194 adversis
714 3123 868 3219 trepidet
885 3123 1041 3194 Ecclesia
1057 3149 1121 3219 per
1138 3129 1281 3196 Petrum
1301 3121 1514 3218 significata,
1534 3117 1673 3194 etiauni
1694 3124 1822 3194 timore

238 3241 274 3310 in
291 3240 468 3337 aliquibus
485 3240 654 3312 membris
671 3256 819 3336 cogatur
836 3265 919 3312 eum
941 3239 988 3311 ad
1009 3241 1139 3312 horam
1160 3264 1308 3336 negare,
1329 3241 1606 3313 fundamentum
1627 3258 1747 3315 tamen
1769 3269 1824 3316 ca·

236 3361 349 3432 ritatis
366 3386 441 3432 non
458 3362 542 3433 sinit
558 3386 638 3433 eam
655 3360 863 3459 periclitari,
880 3385 981 3432 neca
994 3361 1137 3432 Christo
1155 3385 1301 3459 prorsus
1314 3363 1484 3459 separari.
1497 3361 1606 3449 Quod
1619 3388 1706 3434 vero
1719 3367 1823 3434 loan-

236 3504 300 3550 nes
316 3480 425 3552 refert
440 3480 549 3552 alium
565 3480 781 3579 discipulum
797 3485 901 3552 Petro
918 3481 1081 3577 sequenti
1098 3481 1278 3552 Christum
1296 3481 1401 3554 fuisse
1418 3482 1645 3578 adjunctum,
1660 3485 1823 3580 quamvis

237 3624 312 3669 non
324 3601 499 3699 exprimat
510 3602 589 3696 quis
606 3601 664 3672 ille
682 3601 804 3689 fuerit,
820 3601 1002 3672 humiliter
1018 3616 1138 3673 tamen
1156 3626 1194 3672 se
1212 3601 1353 3674 videtur
1366 3603 1528 3673 innuere.
1545 3603 1629 3691 Qui,
1645 3617 1686 3673 ut
1698 3602 1822 3675 beatus

236 3721 401 3791 meminit
416 3723 652 3817 Augustinus,
673 3720 801 3793 talibus
818 3747 856 3792 se
872 3721 990 3792 verbis
1003 3720 1094 3793 solet
1106 3720 1322 3816 significare,
1337 3737 1377 3793 ut
1387 3721 1553 3794 videlicet
1563 3721 1678 3810 dicat,
1700 3752 1717 3790 κ
1733 3722 1821 3794 alius

235 3839 477 3939 discipulus.»
497 3845 587 3913 Nam
604 3855 641 3912 et
659 3843 735 3940 ipse
751 3841 865 3930 solus,
885 3842 1019 3912 caeteris
1032 3841 1108 3936 jam
1130 3840 1316 3939 dispersis,
1341 3865 1414 3912 una
1434 3867 1518 3925 cum
1539 3844 1686 3914 Domini
1708 3858 1821 3914 matre

236 3962 270 4032 ei
292 3961 461 4032 crucifixo
487 3961 612 4049 astitit,
640 3961 731 4033 sicut
756 3986 797 4033 ac
823 3963 972 4059 ipsemet
995 3965 1150 4031 loannes
1176 3959 1311 4030 scribit.
1337 3961 1447 4046 Quod
1475 3963 1572 4032 enirn
1593 3966 1716 4034 Petrus
1741 3963 1822 4060 plus

236 4079 418 4151 Christum
433 4080 579 4176 diligere
595 4095 631 4152 et
647 4085 802 4153 loannes
818 4079 898 4178 plus
911 4079 1084 4152 aCbristo
1097 4077 1195 4174 diligi
1207 4102 1320 4174 quum
1334 4077 1476 4168 dicitur,
1494 4096 1530 4151 et
1545 4078 1696 4150 dicitur:
1712 4083 1821 4174 majo·

235 4223 313 4270 rem
329 4225 374 4270 eo
391 4215 553 4299 tempore
569 4199 798 4272 dilectionem
814 4215 1006 4297 utrumque
1022 4198 1074 4270 illi
1089 4198 1239 4271 decebat
1255 4198 1434 4270 exhibere.

285 4319 446 4392 Pontifex
462 4345 547 4417 ergo
564 4321 795 4416 interrogavit
811 4325 931 4391 lesum
948 4319 993 4391 de
1014 4319 1197 4418 discipulis
1217 4334 1252 4390 et
1274 4318 1440 4391 doctrina
1461 4321 1548 4416 ejus.
1569 4317 1766 4417 Respondit
1788 4321 1820 4390 ei

231 4441 335 4508 Jesus
351 4467 360 4507 ε
378 4443 486 4535 «Ego
508 4439 627 4536 palam
646 4439 788 4510 locutus
809 4465 889 4511 sum
905 4439 1058 4510 mundo.
1078 4444 1152 4535 Ego
1174 4463 1315 4538 semper
1335 4438 1444 4511 docui
1465 4439 1502 4508 in
1525 4461 1706 4535 synagoga
1726 4452 1761 4507 ct
1782 4438 1818 4507 in

231 4557 390 4656 templo,
409 4583 482 4656 quo
500 4584 625 4631 omues
641 4559 753 4631 ludaei
769 4561 1007 4649 conveniunt,
1027 4561 1114 4632 etin
1133 4559 1275 4632 occulto
1288 4559 1428 4632 locutus
1440 4585 1520 4631 sum
1533 4557 1635 4630 nibil.
1651 4556 1748 4644 Quid
1761 4582 1819 4628 me

228 4681 456 4776 interrogas?
473 4685 657 4778 Interroga
672 4706 734 4752 eos
750 4683 812 4778 qui
834 4681 1024 4754 audierunt
1040 4681 1129 4780 quid
1149 4681 1289 4754 locutus
1310 4706 1390 4753 sum
1411 4682 1508 4780 ipsis.
1528 4686 1619 4751 Ecce
1639 4678 1678 4750 hi
1702 4679 1820 4751 sciunt

226 4823 315 4895 quae
335 4798 486 4871 dixerim
507 4826 587 4897 ego.
606 4829 624 4868 a
643 4806 720 4872 Hoc
741 4817 860 4874 autem
881 4827 994 4901 quum
1014 4802 1175 4892 dixisset,
1199 4828 1291 4874 unus
1312 4803 1550 4876 assistentium
1572 4800 1818 4872 ministrorum

226 4917 337 4990 dedit
354 4919 494 5016 alapam
510 4925 591 4993 lesu
606 4977 613 5011 ‚
634 4921 757 4994 dicens
773 4950 782 4992 ε
801 4923 888 4994 «Sic
905 4924 1102 5022 respondes
1118 4923 1300 5022 pontifici?
1313 4953 1331 4992 a
1351 4921 1548 5022 Respondit
1564 4923 1596 4994 ei
1610 4926 1709 4993 Jesus
1727 4949 1734 4992 :
1750 4924 1817 4994 «Si

269 5187 279 5212 ¹
301 5187 383 5247 loen„
395 5205 450 5255 cap.
464 5206 537 5254 xrnr,
549 5206 573 5241 r.
589 5194 619 5240 tt
633 5202 703 5258 etaq.
