4590 6106
581 1357 890 1470 LECTORI
929 1354 1195 1470 VICTOR
1233 1353 1509 1470 GOUSlN.

302 1871 542 1978 Quindecim
555 1869 637 1950 fere
649 1867 796 1948 abhinc
809 1867 938 1965 annis,
958 1869 1001 1947 in
1017 1867 1184 1976 prologo
1196 1869 1268 1976 qui
1282 1869 1533 1977 premittitur
1546 1869 1736 1978 operibus
1752 1871 1832 1951 dia.

250 2028 399 2110 lecticis
415 2023 518 2103 Petri
536 2017 734 2101 Abaelardi
749 2037 846 2098 tunc
861 2019 1035 2128 primum
1049 2017 1198 2118 editis¹,
1215 2018 1457 2129 professores
1469 2019 1558 2101 illos
1572 2021 1833 2132 philosophia.²
1925 2047 1941 2064 “

249 2203 333 2257 non
349 2177 400 2253 ita
414 2199 576 2280 paucos,
590 2151 662 2278 qui
675 2195 785 2248 nune
798 2165 907 2278 apud
920 2195 994 2248 nos
1007 2169 1156 2275 vigent,
1168 2183 1207 2247 et
1220 2167 1369 2276 quibus
1383 2168 1624 2250 curriculum
1635 2175 1834 2280 aperuisse

247 2329 357 2406 laetor
370 2341 409 2404 et
421 2324 585 2430 glorior,
595 2321 848 2401 vehementer
858 2316 1046 2398 hortabar
1057 2335 1102 2397 ut
1116 2345 1247 2427 sparsa
1256 2316 1454 2399 Abaelardi
1468 2321 1612 2430 scripta
1626 2321 1721 2400 hinc
1739 2323 1833 2402 inde

246 2481 289 2556 in
310 2504 434 2556 unum
452 2475 702 2584 colligerent,
722 2490 762 2552 et
783 2474 839 2553 sic
863 2471 915 2553 de
942 2470 1195 2581 philosophia
1216 2470 1333 2552 simul
1351 2471 1457 2554 etde
1475 2475 1601 2582 patria
1624 2473 1727 2554 bene
1752 2505 1832 2554 rue-

244 2644 439 2706 rerentur.
470 2623 548 2705 Sed
573 2651 699 2733 quum
729 2621 1098 2733 praeterlabentibus
1134 2623 1249 2703 ennis
1286 2621 1420 2703 nullus
1455 2643 1641 2733 appareat
1676 2628 1746 2734 qui
1793 2656 1832 2706 se

242 2796 352 2882 gerat
372 2773 581 2856 Abaelardo
607 2772 805 2853 vindicem
828 2790 867 2852 et
886 2769 1127 2881 respondere
1140 2773 1242 2852 votis
1260 2774 1356 2854 meis
1374 2791 1577 2884 paratum,
1602 2777 1687 2885 ipse
1714 2804 1833 2883 cogor

241 2928 441 3033 suscipere
468 2927 691 3033 neglectum
711 2951 837 3023 onus,
857 2940 897 3004 et
912 2940 1002 3032 post
1016 2938 1075 3003 tot
1092 2922 1268 3020 labores,
1289 2921 1466 3030 dumque
1487 2925 1553 3002 alii
1571 2952 1616 3004 ac
1637 2927 1750 3008 multi
1765 2927 1833 3006 de-

239 3077 346 3158 fesso
374 3076 472 3153 mihi
498 3103 572 3155 uec
593 3076 673 3182 jam
696 3077 849 3184 integro
874 3076 991 3155 etiam
1015 3074 1274 3174 incumbunt,
1292 3072 1471 3154 laborem
1490 3076 1654 3185 insuper
1669 3079 1829 3186 aggredi

238 3251 404 3320 novum,
416 3251 535 3329 quem
550 3249 729 3304 recusare
746 3221 933 3302 videntur
941 3223 1133 3330 juniores.
1150 3221 1349 3302 Incertum
1366 3249 1417 3303 an
1435 3223 1653 3332 perficiam,
1667 3227 1729 3307 his
1740 3257 1832 3338 prae·

237 3376 727 3485 sertimtemporibusquee
735 3377 855 3456 vitem
863 3376 1264 3482 mentemquemisere
1272 3372 1574 3456 distrahuntur
1583 3380 1686 3461 vires
1697 3379 1829 3460 forsan

235 3525 409 3608 sufficiet
430 3555 540 3609 amor
571 3526 638 3607 ille
666 3525 928 3638 philosophice
951 3527 1044 3636 qui,
1067 3553 1193 3636 quum
1216 3553 1279 3607 me
1298 3527 1484 3636 juvenem
1507 3528 1826 3634 inflammaverit,

232 3675 407 3775 fovebit,
428 3695 473 3757 ut
490 3704 606 3786 spero
622 3673 824 3786 equidem,
844 3692 1110 3760 senescentem
1126 3674 1425 3786 invalidumque
1447 3679 1668 3760 sustinebit.

291 3827 328 3906 N
330 3855 384 3907 on
398 3828 464 3908 hio
479 3829 590 3909 locus
608 3844 667 3909 est
679 3827 901 3910 disserendi
916 3825 967 3909 de
985 3827 1100 3910 Petro
1112 3826 1338 3928 Abaelardo,
1355 3856 1480 3938 quum
1494 3831 1579 3938 ipse
1594 3829 1637 3910 in
1653 3829 1825 3942 Prologo

230 3983 476 4062 ineditorum
500 4009 662 4090 operum
684 3979 905 4064 doctrinam
929 3982 1051 4083 illius,
1077 4000 1164 4062 tum
1185 3981 1501 4093 philosophicum
1527 4001 1611 4066 tum
1634 3985 1826 4096 theologi-

225 4161 344 4230 cam,
371 4135 621 4242 exposuerim
643 4149 683 4216 et
704 4133 1004 4244 perpenderim,
1029 4135 1148 4214 vitam
1177 4151 1310 4214 autem·
1337 4136 1400 4215 vir
1423 4137 1679 4220 amicissimus
1704 4140 1826 4221 Caro-

221 4282 294 4360 lus
337 4282 519 4364 Remusot
552 4284 605 4364 ita
638 4281 865 4392 depinxerit
902 4301 948 4364 ut
980 4285 1186 4392 ingenioso
1212 4300 1252 4364 et
1277 4280 1505 4365 doctissimo
1547 4286 1676 4368 libro²
1709 4288 1826 4396 quid·

218 4457 358 4540 quam
375 4429 522 4512 addere
545 4434 596 4512 sit
614 4430 907 4514 difficillimum.
925 4431 1111 4514 Ceterum
1130 4433 1174 4513 in
1192 4449 1382 4542 promptu
1398 4449 1491 4514 suut
1509 4433 1824 4516 luculentissimae

215 4599 259 4661 et
306 4583 422 4662 omni
459 4609 603 4690 genere
641 4581 878 4665 eruditionis
918 4581 1072 4664 refertae
1104 4582 1274 4665 Andreae
1305 4584 1544 4686 Quercetani
1575 4583 1822 4668 Turonensis

210 4733 268 4812 ad
293 4733 529 4812 Histonium
548 4735 830 4816 calamitatum
855 4752 983 4834 notae,
1004 4763 1104 4842 quas
1121 4735 1231 4834 hic',
1255 4762 1329 4818 nec
1347 4737 1431 4816 sine
1452 4731 1690 4844 quibusdam
1713 4733 1823 4818 addi·

208 4885 439 4981 tamentis,
460 4885 573 4994 prelo
590 4887 733 4967 iterum
751 4911 952 4994 expressas
981 4887 1171 4968 invenies.
1192 4884 1238 4965 Id
1262 4913 1387 4966 unum
1404 4884 1494 4967 volo
1513 4885 1556 4965 in
1582 4886 1655 4966 hac
1683 4886 1822 4994 precla-

244 5131 252 5158 '
277 5129 442 5180 onmem
460 5129 561 5182 trione
578 5131 745 5196 o’Anr‘rusuu,
762 5130 849 5194 in·l⁰,
870 5130 951 5196 1836,
970 5129 1154 5192 Introduction,
1177 5147 1206 5200 p.
1227 5127 1466 5190 v1.-¹Abe·tard,
1489 5129 1505 5180 2
1525 5129 1579 5181 vol.
1596 5129 1673 5196 in-80,
1693 5132 1811 5184 1815.-

198 5232 328 5296 Ἱππίῃ,
349 5248 383 5300 p.
402 5229 488 5286 38-71.
