4522 6102
1017 973 1338 1079 nrtsrom
1374 975 1473 1102 vr,

789 1255 863 1313 QUAE
888 1257 946 1304 ttst
971 1255 1119 1306 trusum
1146 1255 1314 1304 HELOISSAE
1338 1255 1382 1303 ΔΙ)
1405 1253 1548 1303 eunoun
1574 1251 1721 1301 ttttttutt.

1116 1507 1381 1560 ARGUMENTUM.

457 1672 516 1722 Duo
527 1671 691 1742 potissimum
704 1674 731 1725 in
743 1675 794 1727 hac
807 1676 916 1746 epistola
927 1675 977 1729 sibi
990 1688 1016 1729 et
1028 1676 1080 1729 suis
1092 1678 1271 1732 monachabus
1283 1679 1401 1732 Heloiasa
1413 1678 1520 1732 rescribi
1532 1679 1565 1730 ab
1578 1673 1717 1730 malado
1727 1685 1819 1726 exorat
1830 1691 1958 1744 :quorum
1971 1676 2036 1726 alto-

491 1768 550 1802 rum
567 1763 619 1818 est,
633 1765 663 1804 ut
674 1771 716 1806 eas
728 1752 822 1807 doceat
834 1755 906 1808 uude
919 1755 1107 1808 monacharum
1122 1755 1189 1810 ordo
1203 1758 1331 1830 originem
1345 1758 1430 1810 duxit.
1444 1759 1561 1809 Alterum
1573 1767 1625 1821 est,
1639 1769 1668 1808 ut
1682 1755 1717 1806 eis
1730 1755 1842 1824 aliquam
1855 1754 1950 1806 scriba
1960 1773 2035 1824 tegu-

491 1831 558 1894 lam,
584 1843 610 1882 et
639 1844 735 1884 certam
753 1832 859 1886 vivendi
879 1835 1019 1886 formulam
1039 1837 1206 1906 praescribat,
1223 1855 1281 1906 qum
1300 1837 1361 1890 solis
1380 1837 1518 1889 conveniat
1539 1833 1655 1898 leminis,
1674 1831 1747 1902 quod
1765 1851 1780 1883 a
1795 1833 1869 1884 nullo
1886 1845 2034 1884 sanctorum

365 1943 377 1950 -
489 1920 595 1979 patrum
607 1922 684 1963 antea
696 1923 824 1964 tentatum
835 1913 928 1966 fuerat.
942 1913 1000 1966 Hoc
1012 1925 1041 1966 ut
1052 1926 1166 1985 peteret,
1178 1915 1293 1969 adducta
1303 1915 1409 1970 videtur
1418 1913 1575 1985 quibusdam
1587 1911 1760 1966 benedictina
1774 1911 1869 1980 regulo
1889 1911 2033 1982 capitibus,

489 2005 546 2056 quar
558 2005 574 2038 a
586 1989 689 2042 leminis
701 1991 744 2042 vix
757 2004 801 2043 aut
813 1992 887 2044 nullo
900 1991 1010 2044 omnino
1022 1991 1103 2046 modo
1118 1994 1174 2046 sine
1187 1995 1303 2048 maximo
1319 1995 1438 2066 periculo
1456 1991 1560 2064 impleti
1578 2003 1687 2062 possunt
1703 2009 1709 2044 :
1724 1989 1757 2042 de
1771 1989 1866 2058 quibus
1886 2002 1939 2044 tarn
1958 1989 2035 2043 docte

490 2064 605 2132 disserit,
623 2081 652 2120 ut
668 2069 752 2138 ipsam
765 2070 881 2140 tegulam
894 2071 956 2123 solis
969 2071 1044 2136 viris,
1059 2090 1114 2125 uon
1127 2086 1214 2125 autem
1227 2073 1329 2125 leminis
1341 2090 1356 2124 a
1368 2083 1458 2124 sancto
1477 2069 1624 2121 institutore
1642 2069 1764 2139 scriptam
1779 2068 1935 2120 convincere
1949 2068 2035 2122 videa·

489 2156 541 2198 tur.
555 2144 634 2198 Unde
646 2146 784 2218 indignum
794 2147 896 2219 judicat
909 2161 961 2203 tam
973 2151 1061 2220 grania
1075 2152 1188 2204 femineo
1201 2154 1274 2205 sexui
1285 2151 1425 2204 infirmiori
1438 2167 1519 2204 onera
1531 2149 1648 2219 imponi,
1661 2164 1741 2218 quam
1751 2147 1819 2200 virili
1830 2147 1942 2202 fortiori.
1956 2147 2034 2202 &am

380 2246 384 2254 ¹
488 2235 575 2276 autem
588 2237 615 2277 et
625 2225 682 2296 ipsa
695 2226 848 2297 opinionem
863 2229 989 2300 apponit,
1003 2247 1083 2299 quare
1100 2231 1183 2282 sancti
1194 2231 1282 2283 Patres
1295 2230 1473 2283 monachabus
1491 2227 1591 2298 regulas
1606 2245 1660 2279 non
1679 2225 1900 2296 praescripserint,
1921 2245 2035 2280 asserens

490 2301 592 2354 leminis
604 2303 737 2369 sufficere,
752 2305 774 2356 si
786 2305 886 2359 clericis
897 2319 923 2359 et
935 2306 996 2360 viris
1007 2307 1185 2361 ecclesiasticis
1196 2310 1372 2376 secularibus,
1383 2309 1425 2361 vel
1438 2305 1589 2372 monachis,
1602 2305 1648 2376 qui
1661 2303 1782 2356 mnonici
1798 2306 1927 2375 regulmea
1941 2305 2033 2359 dieun-

489 2391 546 2448 tur,
560 2382 591 2433 in
601 2383 763 2436 continentia
775 2397 801 2436 et
812 2385 967 2438 abennemia
981 2403 1036 2438 non
1049 2388 1101 2439 sint
1115 2387 1261 2442 inferiores.
1280 2387 1384 2440 Pmlixe
1399 2387 1477 2440 etiam
1490 2384 1524 2438 de
1539 2383 1674 2436 moderna
1684 2381 1877 2453 dhpenmtione
1888 2395 1914 2436 et
1925 2383 2034 2438 discreta

487 2459 696 2513 consideratione
707 2462 776 2514 beati
787 2461 940 2530 Benedicti,
953 2481 1006 2533 qua
1016 2481 1090 2516 suam
1101 2467 1255 2536 temperavit
1268 2467 1398 2536 regulam,
1412 2478 1488 2534 atque
1503 2462 1536 2516 de
1549 2463 1606 2534 ipsa
1618 2463 1713 2532 regulae
1725 2461 1889 2514 obseruantia
1901 2462 2014 2534 disputat
2026 2485 2032 2518 :

487 2538 612 2590 nimirum
622 2539 655 2592 de
662 2539 802 2594 interdicto
815 2561 860 2594 esu
871 2542 1006 2607 carnium,
1018 2554 1044 2594 et
1055 2561 1178 2595 concesso
1191 2544 1244 2596 rini
1255 2563 1314 2596 usu.
1328 2543 1419 2596 Fusius
1432 2561 1537 2614 quoque
1550 2541 1583 2594 de
1594 2541 1718 2612 operibus
1727 2541 1898 2592 exterioribus
1909 2543 1962 2612 agit
1973 2561 2033 2595 cum

486 2617 603 2687 ipsorum
616 2620 817 2686 extenuatione,
831 2621 926 2692 quihus
937 2621 1062 2675 interiora
1075 2622 1189 2694 prefert.
1206 2624 1340 2676 Postremo
1354 2634 1444 2675 monet
1455 2619 1637 2685 Aboeludum,
1650 2633 1679 2672 ut
1689 2631 1761 2672 tanta
1773 2616 1929 2674 discretione
1940 2633 2033 2674 cuncta

486 2698 539 2750 sive
552 2697 586 2751 de
597 2699 760 2770 jejuniorum
772 2703 815 2754 vcl
825 2701 977 2756 divinorum
987 2704 1090 2756 ratione
1101 2715 1240 2774 temperet,
1259 2717 1289 2756 ut
1305 2703 1410 2755 feminei
1429 2721 1504 2754 sexus
1523 2701 1672 2762 consultum
1688 2700 1750 2752 velit
1768 2697 1923 2752 infirmitati.
1938 2700 1969 2752 Et
1989 2700 2033 2752 hic

485 2777 588 2830 lemine
602 2778 790 2847 eruditionem,
805 2794 831 2835 et
844 2794 934 2853 pectus
947 2781 1021 2834 omni
1033 2781 1155 2836 doctrina
1166 2783 1290 2835 refertum
1302 2781 1509 2835 animadvertere
1520 2781 1628 2851 poteria.
1641 2778 1714 2845 Quid
1727 2780 1797 2832 enim
1810 2779 1928 2851 pretiose
1940 2780 2033 2832 mercis

485 2854 513 2906 in
525 2869 578 2909 tam
592 2856 673 2911 divite
684 2860 812 2931 apotheca
823 2879 878 2914 nou
890 2861 1022 2927 invenias,
1035 2861 1088 2914 sive
1096 2861 1306 2934 philosophiam,
1317 2862 1370 2914 sive
1382 2860 1557 2931 theologiam,
1570 2861 1612 2912 rel
1625 2859 1702 2912 etiem
1715 2860 1888 2930 eloquentiane
1900 2858 2033 2928 requiras?

483 2935 638 2989 Osnculum
652 2937 718 2990 illud
727 2939 804 3006 felix,
817 2941 893 2992 talem
906 2939 1003 2993 intueri
1016 2941 1158 3007 sentinam,
1169 2940 1197 2992 in
1206 2957 1258 3012 qua
1265 2939 1330 3012 quid
1341 2941 1456 3011 primum
1469 2979 1476 3006 ,
1487 2937 1552 3009 quid
1564 2952 1724 3010 postremum
1736 2937 1872 2992 admireris
1881 2936 2030 2990 addubites!

933 3133 1064 3194 Domino
1076 3135 1259 3213 specialiter,
1274 3153 1332 3196 auc
1344 3135 1553 3214 singulariter.

499 3296 548 3363 Ne
562 3319 624 3365 mc
634 3296 726 3368 forte
743 3297 779 3367 in
794 3297 913 3394 aliquo
925 3297 971 3371 de
983 3299 1229 3373 inobedientia
1239 3305 1393 3374 causari¹
1406 3329 1532 3400 queas,
1550 3304 1666 3376 verbis
1680 3305 1787 3376 etiam
1805 3304 2032 3379 immoderati

449 3408 583 3482 doloris
599 3427 666 3483 tuae
684 3413 825 3486 frenum
846 3417 1055 3515 impositum
1068 3433 1120 3490 est
1133 3419 1320 3515 jussionis,
1344 3437 1383 3493 ut
1400 3421 1446 3494 ab
1462 3422 1518 3506 his
1538 3421 1625 3498 mihi
1642 3421 1766 3494 saltem
1786 3422 1822 3492 in
1842 3421 2033 3496 scribendo

450 3543 664 3627 temperem,
686 3533 854 3631 aquibus
874 3537 911 3606 in
930 3561 1096 3610 sermone
1118 3563 1192 3611 non
1212 3554 1284 3612 tans
1303 3540 1445 3614 difficile
1461 3567 1576 3640 quam
1597 3541 1815 3640 impossibile
1838 3556 1891 3614 est
1908 3543 2034 3640 provi—

451 3646 567 3720 dere'.
586 3649 676 3722 Nihil
696 3653 793 3724 enirn
810 3655 929 3726 miuus
942 3657 979 3728 in
998 3672 1120 3730 nostra
1133 3675 1372 3758 estpotestate
1386 3686 1494 3760 quam
1508 3663 1667 3752 animus,
1689 3663 1792 3758 eique
1810 3661 1921 3758 magis
1939 3661 2035 3733 obe-

445 3764 522 3836 dire
549 3768 710 3864 cogimur
735 3795 845 3868 quant
871 3774 1047 3872 imperare
1073 3779 1262 3875 possimus.
1298 3781 1401 3852 Unle
1434 3796 1468 3853 et
1494 3805 1607 3878 quum
1629 3805 1695 3852 nos
1724 3782 1800 3876 ejus
1825 3779 2035 3852 affectiones

447 3885 645 3977 stimulant,
671 3914 784 3962 nemo
799 3917 921 3964 earum
941 3894 1077 3968 subitos
1098 3897 1272 3996 impulsus
1290 3901 1339 3972 ita
1361 3901 1549 3999 repulerit,
1575 3916 1615 3972 ut
1635 3926 1709 3972 nou
1732 3901 1769 3972 iu
1788 3900 1912 3972 effecta
1930 3900 2036 3972 facile

447 4023 700 4104 prorumpant,
717 4025 753 4080 et
766 4035 803 4080 se
817 4036 881 4108 per
898 4012 1006 4084 verba
1019 4014 1153 4087 facilius
1171 4017 1318 4089 effluant
1336 4044 1415 4116 quae
1437 4021 1677 4118 promptiores
1695 4021 1803 4091 animi
1822 4021 2036 4116 passionum

447 4137 528 4192 sunt
543 4140 654 4214 notae,
671 4129 871 4200 secundum
886 4131 986 4228 quod
999 4136 1170 4232 scriptum
1181 4152 1233 4209 est
1243 4138 1271 4206 ⁸:
1290 4167 1307 4204 u
1324 4141 1377 4207 lix
1391 4137 1609 4210 abundantia
1619 4141 1630 4175 ⁸
1641 4139 1758 4210 cordis
1773 4164 1814 4212 os
1827 4139 1995 4234 loquitur.
2012 4169 2034 4206 s>

447 4243 634 4314 Revocabo
657 4245 775 4342 itaque
799 4271 946 4322 manum
964 4275 985 4323 a
1003 4255 1157 4351 scripto,
1184 4255 1220 4325 iu
1242 4255 1371 4352 quibus
1389 4257 1546 4353 linguam
1570 4283 1590 4330 a
1608 4257 1725 4330 verbis
1742 4272 1940 4353 temperare
1955 4283 2036 4329 non

443 4360 554 4432 valeo.
575 4365 716 4436 Utinam
735 4367 784 4436 sic
802 4368 941 4440 animus
960 4369 1114 4442 dolentis
1134 4397 1258 4470 parere
1276 4391 1464 4474 promptus
1477 4377 1541 4468 sit,
1557 4375 1863 4474 quemadmodum
1884 4375 2039 4450 dextera

441 4478 635 4554 scribentis.
655 4483 807 4581 Aliquod
822 4501 939 4558 tumen
959 4486 1096 4559 dolori¹
1113 4492 1313 4564 remedium
1327 4494 1421 4566 vales
1436 4495 1616 4586 conferre,
1633 4497 1662 4566 si
1677 4520 1751 4567 non
1764 4495 1861 4566 bunc
1875 4497 2037 4568 omnino

442 4599 556 4694 possis
575 4601 725 4675 auferre.
750 4609 795 4675 Ut
812 4606 908 4676 enim
928 4606 1099 4680 insertum
1114 4610 1253 4683 clavum
1273 4611 1360 4686 alius
1381 4613 1542 4712 expellit,
1564 4616 1615 4686 sic
1633 4615 1800 4712 cogitatio
1819 4641 1911 4686 nora
1931 4617 2041 4714 prio·
2099 4675 2107 4690 .

444 4742 520 4789 rem
534 4721 708 4811 excludit,
728 4749 840 4820 quum
856 4725 942 4799 alias
959 4729 1115 4801 intentus
1135 4734 1279 4804 animus
1290 4735 1451 4830 priorum
1469 4737 1682 4808 memoriam
1700 4736 1877 4808 dimittere
1890 4737 2043 4832 cogitur

444 4851 504 4908 aut
518 4838 759 4914 intermittere.
781 4846 893 4916 Tanto
911 4871 997 4917 vero
1015 4848 1167 4946 amplius
1185 4852 1350 4948 cogitatio
1364 4852 1529 4950 quaelibet
1546 4853 1706 4926 animum
1726 4845 1896 4951 occupat,
1926 4868 1962 4926 et
1981 4855 2042 4928 ab

445 4955 519 5028 aliis
544 4959 706 5050 deducit,
732 4980 866 5059 quanto
889 4965 990 5063 quod
1013 4969 1186 5066 cogitatur
1208 4968 1392 5043 honestius
1412 4973 1623 5063 estimatur,
1650 4987 1685 5044 et
1709 4998 1783 5070 quo
1807 4973 2043 5048 intendimus

476 5175 486 5201 ¹·
500 5178 615 5228 Accu-scri
628 5179 696 5230 llllS.
709 5209 733 5217 -
746 5181 756 5208 ¹
772 5184 860 5233 Coum
872 5184 942 5237 ttttS.
953 5213 983 5224 -
994 5186 1003 5213 ¹
1016 5187 1101 5240 ttstth.
1115 5205 1170 5256 cop.
1186 5205 1234 5252 att,
1246 5208 1268 5240 r.
1283 5191 1324 5240 bl.
1337 5219 1362 5229 κ-
1377 5190 1554 5244 ‘lutomeritur
1563 5199 1624 5244 enisu
1638 5194 1666 5246 ll.
1683 5223 1702 5228 ·-
1722 5193 1732 5220 ⁸
1743 5193 1825 5243 Dolori
1839 5193 1908 5243 derat
1921 5193 1950 5244 ll.
