4520 6104
878 777 1114 856 uPtst'ttLAE.
1266 783 1291 800 ''
1715 771 1783 852 aas

213 915 340 988 mentis
361 941 369 984 ε
396 920 683 1014 «Nequaquam,
704 947 722 986 n
752 919 890 1017 iuquit,
912 923 995 994 «ais
1014 921 1106 992 bene
1127 921 1254 1009 utitur,
1275 919 1420 1016 nisiqui
1437 919 1541 990 st'utl
1559 940 1636 988 non
1651 904 1780 1016 potes't.

211 1035 312 1110 llulti
334 1036 481 1134 quidem
505 1038 639 1110 facilius
660 1064 700 1112 se
723 1041 901 1114 abstinent
921 1057 960 1114 nt
980 1064 1054 1114 non
1073 1051 1240 1129 utantur,
1267 1063 1375 1138 quam
1405 1053 1678 1138 temperantut·
1695 1038 1786 1110 bene

213 1170 368 1232 uantur.
386 1160 498 1230 Nemo
512 1173 631 1232 tamen
641 1173 760 1258 potest
771 1162 823 1234 eis
834 1163 1012 1261 sapienter
1022 1161 1086 1248 uti,
1104 1160 1171 1232 uisi
1186 1174 1351 1258 potestat
1363 1161 1587 1231 continenter
1599 1181 1673 1230 non
1688 1161 1750 1229 uti.
1766 1185 1782 1224 n

215 1281 265 1350 Ex
276 1276 347 1352 luc
361 1275 538 1351 habsuet
555 1278 683 1350 Paulus
697 1279 836 1353 dicebat
855 1309 864 1350 a
889 1311 905 1350 a
925 1281 1006 1352 Scio
1023 1296 1060 1352 et
1074 1279 1257 1352 abundare
1276 1295 1312 1358 et
1330 1271 1616 1378 penuriampati.
1638 1300 1654 1344 a
1673 1283 1789 1350 Penu-⁸

213 1398 452 1496 riamquippe
465 1400 550 1496 pati,
566 1401 1064 1497 quorumcunquehorniuum
1075 1415 1149 1474 est:
1169 1398 1232 1472 sed
1243 1400 1334 1470 scire
1343 1399 1528 1496 peccatam
1541 1397 1628 1496 pati,
1645 1417 1789 1494 magno·-

214 1541 294 1589 rum
310 1533 375 1592 ost.
394 1517 454 1592 Sic
468 1517 701 1591 etabundare
714 1521 902 1617 quisquam
916 1521 1105 1592 homiuum
1122 1520 1278 1618 incipere
1292 1532 1425 1617 potest:
1437 1519 1532 1590 Scire
1546 1531 1663 1590 autem
1678 1518 1788 1590 abuti·

214 1634 300 1710 dare
318 1659 392 1708 nou
408 1636 612 1710 uisi'eomm
624 1654 697 1728 est,
713 1663 804 1736 quos
822 1639 1040 1712 abundantia
1051 1663 1126 1712 uon
1145 1638 1353 1737 corrumpit.
1376 1642 1430 1710 De
1447 1639 1532 1708 rino
1545 1639 1676 1734 itaque,
1689 1639 1786 1734 quia,

214 1757 305 1828 siout
321 1754 542 1846 dictumest,
558 1757 739 1830 luxuriosa
756 1783 812 1831 res
826 1775 925 1832 estet
939 1759 1178 1850 tumultuosa,
1194 1757 1347 1856 ideoque
1360 1773 1433 1830 tam
1443 1759 1670 1831 continentia
1683 1782 1790 1856 quam

214 1873 356 1948 silentio
368 1877 522 1948 maxime
539 1879 758 1950 mutrarium
772 1931 781 1969 ,
797 1893 858 1952 aut
873 1880 1023 1952 omnmo
1036 1880 1174 1952 leminae
1187 1869 1386 1950 abstineant
1397 1892 1545 1976 propter
1557 1879 1687 1968 Deum,
1703 1880 1793 1950 sicut

215 2017 344 2067 uxores
359 1994 543 2091 gentilium
559 1995 605 2069 ab
620 1997 692 2070 hoc
706 1998 913 2072 inhibentur
930 2015 1028 2072 metu
1044 1998 1300 2074 adulteriorum
1312 2021 1321 2089 3
1338 2011 1399 2070 stit
1412 1999 1461 2070 ita
1472 2000 1590 2096 ipsum
1604 2018 1696 2095 aqua
1707 2008 1793 2069 tem:

215 2128 363 2210 petent,
384 2129 424 2187 ut
440 2131 475 2188 et
491 2117 548 2188 siti
565 2119 697 2214 puriter
717 2134 754 2192 et
772 2120 910 2192 sauitmi
927 2119 1112 2208 consulut,
1134 2133 1170 2190 et
1188 2119 1278 2192 vires
1295 2118 1451 2192 nocendi
1463 2135 1540 2192 oon
1553 2117 1694 2190 habeat.
1717 2121 1793 2188 Hoc

217 2250 338 2310 autem
354 2236 433 2310 lieri
454 2237 655 2328 (aodimus,
678 2241 708 2310 si
725 2239 831 2336 hujus
851 2243 1012 2314 mixtrttae
1027 2254 1155 2338 quartu
1172 2261 1255 2339 pars
1273 2241 1319 2312 ad
1339 2241 1457 2312 miuus
1477 2253 1577 2336 cquae
1589 2238 1705 2311 buerit.
1722 2239 1795 2312 uit

217 2353 414 2430 ficilliumm
432 2372 590 2429 verc‘est
609 2373 650 2428 ut
669 2357 872 2455 adpositum
893 2360 997 2432 nobis
1015 2375 1149 2457 potum·
1166 2359 1216 2432 sic
1240 2359 1494 2448 observemus,
1524 2364 1574 2428 ut*
1586 2372 1661 2430 non
1685 2375 1801 2455 usque¹

216 2475 264 2546 ad
284 2476 479 2550 satietatem
494 2475 578 2548 iude
597 2475 778 2566 bibamus,
797 2479 887 2550 sicut
903 2479 952 2550 de
968 2479 1053 2550 vino
1066 2478 1192 2550 besuus
1209 2479 1366 2575 precipit
1379 2476 1622 2548 Benedictus&
1638 2477 1795 2575 ideoque

218 2595 328 2668 tutius
339 2593 571 2684 armamur,
589 2610 630 2666 ut
647 2619 716 2668 nec
733 2597 928 2670 satietatem
944 2596 1220 2686 interdicamus,
1241 2602 1288 2669 rie
1308 2597 1413 2671 tude*
1429 2597 1627 2695 periculum
1642 2599 1796 2668 incurra-

219 2739 321 2803 mus3
341 2737 417 2786 nou
436 2715 530 2786 enim
548 2716 711 2805 satietas,
733 2731 771 2788 ut
789 2739 880 2815 saepe
894 2715 969 2812 jam
986 2717 1159 2808 diximus,
1180 2717 1244 2788 sed
1264 2718 1488 2814 superfluitas
1504 2719 1543 2788 iu
1560 2719 1709 2790 cumina
1730 2734 1793 2792 est.

221 2837 265 2904 Ut
286 2858 372 2906 vero
391 2857 460 2931 pro
479 2833 740 2908 medicamento
760 2834 906 2906 herbata
932 2837 1014 2908 vina
1029 2833 1374 2922 conficiantur‚·aut
1397 2837 1506 2908 etism
1525 2838 1648 2910 sinum
1668 2854 1798 2936 purum

219 2967 399 3042 sumatur,
421 2972 496 3026 uon
511 2951 777 3050 prohibemlum
796 2969 868 3044 est3
889 2955 1018 3054 quibus
1036 2970 1156 3028 tamen
1176 2970 1375 3028 conventus
1388 2974 1572 3053 nunquam
1590 2972 1720 3047 utatur,
1736 2958 1801 3030 sed

219 3059 476 3171 separatimab
501 3071 651 3154 iulitm's
669 3074 746 3148 haec
769 3074 1013 3171 degustentur.
1045 3074 1200 3146 Triticeae
1224 3091 1369 3172 quoque
1388 3074 1552 3150 medullae
1569 3076 1802 3172 similaginem

220 3195 372 3268 omnino
399 3191 653 3292 probibemus,
686 3194 749 3266 sed
777 3217 920 3293 semper
949 3216 1062 3292 quum
1096 3195 1297 3268 habuerint·
1317 3191 1495 3285 triticum,
1528 3196 1631 3270 tertla
1656 3216 1736 3294 pars
1758 3196 1803 3266 ad

221 3316 353 3390 miuus
369 3315 550 3410 grossioris
568 3337 732 3386 annonae
748 3317 949 3388 misceatur.
973 3319 1045 3388 Nec
1063 3315 1187 3388 calidis
1207 3337 1365 3412 unquam
1388 3314 1611 3387 oblectentur
1629 3315 1802 3413 panibus,

221 3437 284 3510 sed
300 3435 365 3532 qui
376 3433 421 3506 ud
439 3434 559 3506 miuus
576 3459 650 3507 uno
666 3433 731 3506 die·
747 3451 829 3506 ante
848 3435 941 3506 coeti
954 3435 1098 3506 fuerint.
1123 3438 1339 3512 Ceterorum
1354 3454 1443 3506 vcro
1458 3434 1711 3506 alimentorum
1721 3459 1804 3533 pro·

224 3556 416 3629 videntium
434 3555 487 3627 sio
503 3553 634 3628 habeat
653 3551 874 3645 diaconissa,
895 3569 935 3626 ut
947 3556 1039 3626 sicut
1051 3555 1126 3650 jam
1139 3555 1271 3652 praelati
1283 3572 1427 3645 sumus,
1448 3555 1548 3652 quod
1561 3554 1663 3626 vilius
1676 3555 1807 3654 potcr'u

219 3674 447 3772 comparari,
467 3673 521 3746 rel
539 3673 673 3763 lucilius
694 3673 838 3762 haberi,
858 3673 991 3745 inlirmi
1007 3693 1112 3748 sexus
1132 3687 1266 3746 uaturae
1285 3672 1482 3745 subveniat.
1501 3673 1596 3760 Quid
1608 3675 1704 3745 enim
1722 3674 1807 3745 stul-

220 3795 294 3866 tius
310 3815 441 3890 qaum,
457 3816 572 3890 quum
591 3791 767 3864 sullioiant
787 3807 930 3880 nostra,
953 3815 1115 3864 emamus
1134 3791 1276 3864 alieba?
1297 3807 1332 3864 ct
1346 3814 1459 3889 quum
1478 3791 1665 3864 simdomi
1682 3815 1807 3864 neces·

217 3913 336 4001 uria,
367 3932 567 4008 quaeramus
594 3925 698 3984 extra·
715 3911 919 4008 superflua?
944 3926 980 3982 et
1008 3933 1121 4006 quum
1149 3911 1219 3982 sint
1244 3910 1290 3982 ad
1307 3931 1468 3982 'manum
1501 3930 1583 4006 quae
1607 3911 1802 4002 sufficiant,

215 4033 429 4106 laboremus
456 4031 504 4102 ad
532 4029 594 4102 illu
623 4055 702 4128 quae
728 4031 973 4128 superfluunt?
1001 4034 1054 4104 De
1084 4051 1155 4126 qua
1182 4029 1328 4126 quidem
1360 4032 1557 4102 necessaria
1584 4031 1806 4104 discretionis

215 4152 474 4226 moderatione
490 4173 564 4222 noo
590 4165 664 4222 tarn
694 4150 853 4222 humum
881 4172 990 4247 quam
1016 4149 1196 4246 angelico,
1226 4173 1288 4220 seu
1316 4150 1422 4221 etiarn
1447 4151 1629 4222 dominico
1647 4153 1809 4224 instructi

212 4275 470 4360 documento,
499 4272 706 4344 noverimus
732 4270 778 4342 ad
799 4269 906 4365 liujus
932 4271 1012 4342 vite
1033 4267 1328 4341 necessitudinem
1347 4269 1611 4367 transigendam
1630 4295 1704 4342 non
1732 4287 1804 4344 tam
1877 4343 1878 4346 ,

209 4393 433 4490 qualitatem
452 4390 614 4462 ciborum
633 4391 838 4488 exquirere,
858 4409 967 4486 quam
986 4389 1041 4461 his
1061 4412 1140 4485 quac
1153 4381 1282 4487 presto
1300 4401 1384 4459 sunt
1397 4404 1585 4461 contentos
1602 4413 1688 4461 esse.
1706 4391 1808 4462 Unde

208 4529 258 4586 et
282 4511 461 4584 Mam
478 4509 644 4582 carnibus
657 4507 843 4607 apparatis·
853 4508 968 4605 augeli
989 4510 1221 4597 vescentum,
1237 4521 1275 4579 et
1285 4507 1437 4582 maeotis
1450 4509 1486 4580 in
1502 4508 1692 4580 solitudine
1705 4511 1809 4606 pisci-

203 4633 296 4704 bus
313 4630 473 4726 jejunam
491 4627 753 4701 tuultitudinern
781 4629 957 4698 Dominus
981 4631 1081 4698 lesus
1103 4626 1254 4698 reledt⁴.
1281 4629 1331 4696 Ex
1351 4648 1425 4722 quo
1446 4627 1606 4699 videlicet
1625 4627 1808 4698 manifeste

200 4751 404 4824 docemur
417 4747 661 4820 indifferenter
678 4761 751 4818 taur
770 4748 929 4818 carnium
950 4768 1057 4844 quam
1076 4746 1227 4844 piscium
1246 4769 1346 4818 esum
1365 4767 1439 4823 non
1455 4745 1806 4843 esserespuendnm,

199 4886 249 4946 et
282 4893 373 4940 eum
390 4867 567 4966 praecipue
584 4865 820 4956 sumendum,
845 4866 908 4963 qui
925 4879 959 4937 et
976 4865 1111 4938 offensa
1130 4866 1266 4962 peccati
1292 4879 1430 4955 careat,
1453 4879 1491 4936 et
1512 4881 1640 4962 sponte
1660 4889 1699 4936 sc
1716 4866 1809 4937 olle-

196 5011 313 5064 rene
330 4985 524 5059 faciliorem
540 4983 670 5064 habeat
688 4999 920 5084 apparatum,
945 4999 980 5056 et
999 4985 1176 5056 minorem
1197 4983 1316 5080 exigat
1335 4989 1540 5082 expensam.
1565 4983 1668 5056 Unde
1690 4999 1726 5055 ct
1747 4985 1808 5055 Sc-

195 5127 319 5180 neca
337 5103 511 5174 maximus
524 5102 582 5174 ille
598 5104 813 5201 paupertatis
826 5117 861 5174 et
879 5103 1104 5173 coutinentia
1115 5116 1287 5186 sectator,
1303 5115 1338 5172 et
1349 5127 1509 5173 summus
1520 5103 1612 5174 inter
1625 5103 1809 5174 universos

238 5389 246 5412 ¹
275 5377 654 5446 Regul.‚cap.xr..-'Vitoe
667 5379 715 5432 llS.
732 5376 1492 5445 arob.-³Gcaes.,cap.xrrrt‚r.9.-⁴llarc.,eap.vm.
1565 5399 1569 5408 ·
