4588 6106
501 661 571 734 tat
935 666 1063 736 PE'l'lll
1090 663 1324 738 ABAEtlxut
1350 667 1406 737 ΕΤ
1430 668 1655 740 uutotssAE

499 803 588 874 batae
605 805 800 875 reverentia
812 803 1002 877 deleratur.
1030 805 1133 877 Unde
1151 821 1188 878 et
1204 808 1380 878 Dominus
1401 807 1483 879 licet
1501 813 1675 879 loannem
1690 807 1884 905 plurimum
1902 809 2077 907 diligeret,

499 928 643 996 Petrum
668 940 785 996 tamen
809 925 985 997 seniorem
1005 941 1079 998 tam
1102 927 1169 1025 ipsi
1194 951 1302 1024 quam
1321 930 1453 1000 caeteris
1472 928 1636 1027 praefecit.
1662 929 1778 1000 ltliuus
1804 929 1937 1027 quippe
1956 955 2079 1003 omnes

499 1041 726 1138 indignantur
739 1047 916 1116 seniorem
930 1044 996 1116 sibi
1015 1071 1123 1144 quam
1137 1048 1318 1142 juniorem
1331 1049 1509 1146 praeponi3
1524 1062 1559 1118 et
1569 1047 1736 1118 libentius
1750 1048 1880 1118 seniori
1893 1071 2075 1146 paremus,

498 1185 605 1256 quem
623 1186 697 1232 non
715 1162 834 1234 solum
852 1165 922 1235 vita
946 1167 1122 1262 priorem,
1144 1190 1270 1257 verum
1292 1167 1398 1236 etiam
1416 1181 1451 1238 et
1471 1181 1597 1237 natura
1620 1179 1656 1236 et
1683 1165 1775 1236 ordo
1792 1167 1964 1263 temporis
1985 1167 2075 1239 lecit.
2129 1149 2136 1162 ’

499 1282 589 1353 Hinc
608 1297 643 1353 et
660 1285 899 1380 Hieronymus
913 1285 950 1355 in
964 1285 1081 1382 primo
1098 1289 1230 1355 Contra
1241 1288 1486 1374 Jovr'nianum,
1502 1309 1615 1382 quum
1628 1284 1675 1356 de
1685 1285 1890 1384 prelatione
1905 1287 1997 1356 Petri
2010 1311 2079 1358 me

497 1402 659 1473 minerit:
679 1431 697 1470 n
711 1407 829 1493 Unus,
843 1431 862 1472 u
878 1405 1012 1501 inquit,
1031 1404 1213 1501 «eligitur,
1230 1418 1270 1475 ut
1282 1405 1397 1500 capite
1410 1405 1604 1476 constituto
1618 1403 1815 1475 schismatis
1825 1403 1969 1475 tollatur
1980 1381 2079 1475 onda-

497 1523 562 1593 sio.
578 1523 648 1594 Sed
663 1547 728 1595 cur
741 1549 815 1595 non
829 1529 984 1596 loannes
1002 1525 1133 1597 electus
1145 1525 1219 1596 est?
1235 1526 1341 1596 AEtati
1354 1524 1512 1598 delatum
1526 1539 1599 1605 est,
1616 1525 1699 1621 quia
1713 1527 1836 1596 Petrus
1854 1525 1972 1594 senior
1985 1539 2075 1614 erat,

499 1667 544 1714 ne
564 1643 683 1714 adhuc
698 1621 905 1717 adolescens
924 1660 959 1717 et
976 1670 1069 1743 pene
1090 1670 1179 1744 puer
1197 1668 1392 1744 progressae
1411 1646 1521 1718 aetatis
1547 1643 1755 1716 hominibus
1782 1644 2022 1742 praelerretur,
2045 1659 2080 1716 et

499 1761 664 1857 magister
677 1762 814 1852 bonus,
835 1765 896 1861 qni
915 1765 1138 1836 occasionem
1154 1765 1261 1861 jurgii
1280 1764 1451 1836 debuerat
1465 1763 1602 1836 auferre
1617 1763 1816 1862 discipulis,
1828 1764 1866 1833 in
1880 1761 2082 1836 adolescen-

498 1896 590 1972 tem,
611 1908 719 1980 quem
736 1884 923 1975 dilexerat,
950 1908 1093 1956 causam
1105 1884 1262 1982 praebere
1285 1883 1466 1956 videretur
1482 1883 1634 1956 invidiae.
1650 1914 1668 1952 n
1697 1889 1775 1956 Hoc
1797 1881 1907 1953 abbas
1928 1881 1986 1954 ille
2003 1881 2080 1954 dili·

498 2018 620 2098 genter
634 2005 899 2092 considerabat,
915 2008 977 2103 qui
992 2007 1082 2077 sicut
1094 2006 1132 2076 in
1146 2009 1237 2076 Vitis
1251 2011 1403 2076 Parrum
1411 2005 1581 2103 scriptum
1591 2020 1655 2095 est,
1669 2004 1803 2100 juniori
1816 2002 1926 2091 fratri,
1942 2003 2003 2100 qui
2012 2004 2081 2100 pri-

499 2147 578 2193 mus
596 2123 642 2194 ad
660 2125 934 2197 conversionem
953 2140 1116 2214 venerat,
1137 2127 1330 2222 primatum
1348 2123 1512 2214 abstulit,
1529 2141 1564 2196 et
1581 2125 1708 2220 majori
1727 2149 1810 2195 eum
1829 2121 1993 2212 tradidit,
2013 2122 2081 2194 boc

499 2267 572 2313 uno
591 2258 750 2333 tantum,
772 2247 855 2342 quia
876 2245 935 2315 hic
954 2245 1054 2317 illum
1072 2258 1173 2316 atate
1194 2244 1428 2343 precedebat.
1450 2245 1648 2317 Verebatur
1660 2246 1794 2342 quippe
1814 2268 1860 2315 ne
1881 2245 1956 2341 ipse
1978 2243 2081 2314 etiam

497 2365 603 2438 frater
627 2367 778 2438 camalis
803 2366 949 2464 indigne
973 2366 1079 2439 ferret
1099 2367 1281 2462 juniorem
1307 2367 1373 2439 sibi
1393 2368 1565 2465 praeponi.
1595 2367 1805 2438 Meminerat
1824 2365 1921 2463 ipsos
1940 2389 2082 2462 quoque

498 2485 680 2582 apostolos
704 2485 749 2558 de
764 2485 906 2557 duobus
919 2489 1082 2584 ipsonrm
1093 2484 1294 2584 indignatos
1308 2511 1401 2576 esse,
1419 2510 1533 2583 quum
1546 2484 1644 2584 apud
1657 2485 1836 2556 Christum
1855 2498 1966 2556 matre
1978 2486 2082 2554 inter-

499 2605 662 2676 veniente
681 2607 947 2704 praerogativam
974 2607 1169 2705 quamdam
1199 2607 1380 2678 affectasse
1415 2607 1648 2678 viderentur:
1676 2605 1827 2676 maxime
1850 2628 1962 2700 quum
1993 2629 2083 2674 unus

498 2722 629 2794 horum
641 2739 733 2796 esset
745 2725 920 2814 duorum,
935 2727 997 2822 qui
1014 2727 1147 2797 ceteris
1157 2727 1281 2822 junior
1294 2741 1369 2798 erat
1380 2725 1568 2825 apostolis,
1586 2727 1662 2824 ipse
1675 2723 1838 2795 videlicet
1851 2729 2023 2812 loannes,
2039 2723 2084 2794 de

499 2869 573 2939 quo
592 2844 703 2915 modo
725 2845 890 2917 diximus.
914 2850 984 2918 Nec
1005 2845 1123 2917 solum
1146 2847 1182 2916 in
1201 2847 1409 2918 diaconissis
1431 2847 1658 2918 instituendis
1679 2844 1871 2943 apostolica
1891 2842 2083 2942 plurimum

499 2962 692 3058 invigilavit
709 2989 814 3053 cura,
830 2989 954 3036 verum
972 2966 1181 3062 generaliter
1199 2988 1282 3063 erga
1299 2981 1427 3037 sanctae
1446 2967 1675 3064 professionis
1687 2964 1811 3036 viduas
1829 2987 1938 3061 quam
1951 2961 2083 3034 studio-

500 3107 559 3154 sus
572 3085 725 3155 extiterit
738 3085 869 3181 liquet,
885 3101 926 3157 ut
937 3077 1084 3158 omnem
1097 3100 1257 3185 amputet
1270 3087 1475 3157 tentationis
1489 3087 1725 3158 occasionem.
1747 3088 1869 3172 Quum
1881 3084 1976 3156 enirn
1994 3107 2083 3180 pne-

501 3207 692 3277 misisset¹:
718 3207 883 3278 «Viduas
906 3207 1067 3296 honora,
1091 3232 1170 3304 quae
1193 3231 1284 3278 verae
1302 3206 1417 3278 viduae
1440 3223 1540 3296 sunt,
1561 3237 1578 3274 x
1600 3208 1718 3278 statim
1741 3204 1906 3301 adjecit¹z
1928 3205 2085 3300 «Siqua

502 3337 621 3394 autem
637 3324 745 3395 vidua
772 3323 864 3396 lilios
885 3339 946 3396 aut
966 3341 1113 3423 nepotes
1135 3324 1260 3412 habet,
1286 3324 1398 3396 discat
1422 3326 1577 3421 primum
1599 3325 1748 3396 domum
1771 3347 1871 3396 suam
1892 3345 2030 3418 regere,
2051 3335 2087 3392 et

502 3457 663 3514 mutuam
672 3445 787 3515 vicem
797 3444 946 3515 reddere
957 3444 1199 3542 parentibus.»
1212 3448 1255 3515 Et
1266 3459 1348 3543 post
1358 3443 1507 3541 aliqua':
1526 3446 1695 3541 «Siquis,
1711 3473 1728 3511 »
1742 3443 1873 3540 inquit,
1891 3471 1908 3512 a
1921 3466 2081 3528 suorum,

502 3575 537 3632 et
551 3564 703 3634 maxime
721 3563 1001 3635 domesticorum
1015 3589 1137 3636 curam
1158 3588 1231 3635 non
1254 3562 1381 3653 habet,
1404 3563 1512 3636 fidem
1531 3566 1688 3660 negavit,
1711 3579 1748 3636 et
1770 3578 1823 3634 est
1840 3561 1975 3634 infideli
1988 3561 2083 3632 dete-

502 3683 588 3752 rior.
605 3711 623 3748 »
639 3682 822 3780 inquibus
836 3684 983 3780 quidem
995 3682 1113 3755 verbis
1128 3683 1233 3756 simul
1247 3699 1282 3756 et
1292 3681 1419 3756 debitae
1433 3685 1596 3782 providet
1607 3683 1836 3772 humanitati,
1851 3698 1886 3754 et
1899 3681 2086 3780 propositae

505 3800 676 3897 religioni.
698 3807 749 3874 Ne
768 3803 930 3874 videlicet
950 3803 1017 3874 sub
1036 3802 1187 3874 obtentu
1210 3803 1389 3899 religionis
1407 3804 1546 3900 parvuli
1564 3803 1772 3875 deserantur
1791 3803 1937 3900 inopes,
1961 3814 1996 3871 et
2014 3823 2087 3871 can

503 3919 593 3990 nalis
608 3923 807 4019 compassio
823 3948 903 4019 erga
922 3921 1119 4020 indigentes
1142 3939 1305 3994 sanetum
1325 3921 1440 3994 viduae
1457 3923 1641 4021 perturbet
1661 3922 1906 4021 propositum,
1931 3932 1967 3990 et
1991 3933 2085 3988 retro

504 4042 678 4138 respicere
697 4058 818 4138 cogat,
833 4059 869 4114 et
888 4067 1146 4140 nonnunquam
1162 4044 1266 4113 etiam
1282 4067 1396 4139 usque
1413 4043 1459 4113 ad
1471 4043 1648 4139 sacrilegia
1662 4042 1799 4129 trahat,
1820 4057 1856 4114 et
1869 4039 2003 4137 aliquid
2017 4040 2087 4110 suis

504 4163 680 4259 porrigat,
702 4163 801 4260 quod
820 4165 865 4235 de
883 4167 1066 4236 communi
1087 4163 1285 4236 defraudet.
1313 4163 1416 4234 Unde
1435 4165 1673 4236 necessarium
1695 4165 1807 4260 patet·
1820 4160 2029 4250 consilium,
2051 4172 2089 4229 ut

505 4303 583 4376 quae
606 4280 885 4353 domesticorum
904 4307 990 4354 cura
1009 4298 1092 4354 sunt
1113 4283 1309 4381 implicitae,
1337 4298 1528 4378 antequam
1542 4283 1588 4352 ad
1606 4306 1727 4354 veram
1744 4280 1952 4352 viduitatem
1976 4293 2087 4350 trans·

504 4414 648 4489 euntes,
680 4401 809 4473 divinis
838 4427 875 4472 se
906 4405 1047 4500 penitus
1074 4401 1254 4497 obsequiis
1281 4403 1503 4498 mancipent,
1530 4402 1622 4473 hanc
1649 4403 1762 4473 vicem
1788 4402 1859 4470 suis
1882 4397 2087 4498 parentibus

505 4518 677 4590 reddant:
698 4535 737 4592 ut
754 4523 845 4592 sicut
862 4547 988 4592 eorum
1001 4545 1085 4591 cura
1104 4520 1247 4592 luerunt
1264 4519 1443 4608 educate,
1460 4523 1543 4619 ipsae
1556 4545 1700 4618 quoque
1713 4521 1864 4619 posteris
1881 4519 1954 4606 suis
1963 4518 2086 4588 eadem

506 4637 581 4733 lege
594 4639 818 4736 provideant.
843 4642 913 4727 Qui
929 4641 1036 4712 etiam
1050 4640 1238 4712 viduarum
1253 4640 1461 4734 religionem
1475 4665 1687 4738 exaggerans
1697 4646 1718 4730 ⁸,
1739 4665 1798 4712 eas
1822 4642 1951 4711 instare
1970 4639 2088 4736 praeci·

380 4795 385 4804 ·
505 4758 557 4853 pit
566 4759 871 4833 obsecrationibus
883 4775 918 4832 et
927 4759 1148 4834 orationibus
1160 4777 1265 4832 nocte
1280 4777 1315 4832 et
1328 4761 1397 4834 die.
1416 4767 1469 4834 De
1482 4787 1633 4860 quarum
1653 4764 1758 4835 etiam
1771 4759 2088 4834 necessitudinibus

506 4878 703 4951 admodum
732 4881 926 4954 sollicitus:
951 4882 1020 4952 «Si
1041 4882 1120 4979 quis
1149 4880 1278 4972 fidelis,
1297 4911 1314 4949 »ι
1346 4883 1485 4980 inquit',
1509 4914 1527 4952 n
1543 4883 1651 4956 habet
1674 4885 1816 4972 viduas,
1847 4883 2089 4955 subministret

541 5178 549 5204 ⁴
569 5179 668 5229 Timort.
683 5182 703 5239 l,
717 5197 772 5247 cap.
786 5197 808 5240 v.
820 5197 844 5233 v.
855 5182 925 5233 3.-¹
936 5183 990 5236 lbid
1003 5221 1009 5246 ‚
1022 5183 1094 5243 ibid,
1107 5201 1131 5234 r.
1143 5188 1165 5234 t.
1184 5213 1198 5220 —
1212 5183 1222 5210 ¹
1234 5182 1307 5244 thid..
1320 5201 1340 5235 v.
1356 5189 1410 5232 s-
1421 5185 1432 5212 ⁴
1445 5183 1630 5236 rroetec.·-⁸
1639 5186 1794 5247 Amptttcanr
1807 5181 1876 5233 utts.
1891 5180 1940 5218 -·‘
1954 5181 2056 5232 ltnoth.
2068 5181 2093 5237 l,

507 5281 564 5330 cap.
575 5282 600 5328 r,
609 5285 633 5318 v.
647 5271 683 5318 m.
