4510 6108
444 593 516 667 tro
903 679 906 685 ¹
1044 594 1171 665 rmm
1198 593 1432 665 armerum

444 733 684 806 sanctificatur
700 749 807 831 atque
823 731 1064 822 benedicitur,
1084 759 1146 805 seu
1163 732 1329 805 laudatur
1345 748 1380 803 et
1396 731 1632 829 glorificatur,
1655 759 1768 832 quum
1784 736 1859 830 ejus
1875 731 2028 833 populus

444 869 565 925 sancte
582 879 623 925 ac
639 854 801 951 religiose
818 855 960 942 vixerit,
974 870 1009 925 ct
1025 853 1113 924 illud
1129 853 1287 925 vivendo
1304 853 1553 951 compleverit,
1570 853 1669 950 quod
1686 855 1836 952 ipsemet
1851 856 2026 953 praecipit,

387 957 398 978 ’
444 973 580 1044 dieens¹
601 1000 608 1042 :
631 1002 649 1040 a
665 978 796 1044 Luceat
813 973 873 1043 lux
889 988 1006 1044 vestra
1029 995 1152 1072 coram
1172 972 1399 1062 hominibus,
1423 987 1463 1043 ut
1477 971 1624 1044 videant
1645 997 1754 1071 opera
1776 989 1892 1046 vestra
1913 973 2026 1060 bona,

444 1108 479 1164 et
495 1093 695 1190 glorificent
710 1109 849 1192 patrem
866 1108 1023 1165 vestrum
1040 1094 1102 1190 qui
1118 1094 1155 1163 in
1170 1093 1270 1166 coelis
1287 1107 1352 1164 est.
1372 1121 1391 1160 n
1410 1097 1463 1164 De
1479 1117 1551 1190 qua
1567 1093 1676 1164 etiam
1693 1091 1950 1188 glorificatione
1965 1094 2029 1164 Dei

443 1214 500 1285 vel
511 1213 793 1286 sanctificatione
803 1213 916 1284 divini
928 1214 1085 1284 nominis
1097 1237 1161 1311 per
1173 1200 1342 1284 eirmdein
1356 1212 1572 1310 prophetam
1584 1227 1845 1310 consequenter
1855 1211 2029 1283 Dominus

444 1334 620 1431 adjungit*
645 1363 652 1404 :
679 1339 754 1404 «Et
780 1332 1014 1412 sanctificabo
1039 1357 1174 1404 nomen
1195 1357 1335 1422 meum,
1362 1330 1462 1429 quod
1487 1331 1665 1430 pollutum
1686 1347 1739 1403 est
1768 1333 1861 1402 inter
1885 1346 2027 1428 gentes,

443 1454 544 1552 quod
560 1454 734 1551 polluistis
750 1455 787 1523 in
805 1452 926 1523 medio
943 1477 1079 1538 earum.
1095 1481 1113 1519 u
1132 1451 1240 1538 Quod
1257 1451 1365 1522 etiam
1382 1451 1534 1550 qualiter
1550 1450 1628 1539 fiat,
1648 1451 1905 1548 subsequenter
1921 1475 2029 1548 expo-

444 1576 514 1664 nit,
534 1574 672 1645 dicens³
690 1601 697 1644 :
714 1579 784 1644 «Et
801 1572 928 1644 faciam
945 1587 984 1643 ut
1000 1572 1037 1642 in
1054 1571 1238 1670 praeceptis
1255 1572 1343 1642 meis
1360 1570 1562 1659 ambuletis,
1575 1586 1643 1642 etc.
1659 1600 1675 1637 u
1694 1571 1792 1642 Sicut
1807 1573 1905 1643 enirn
1920 1595 2033 1669 quan-

443 1711 522 1768 tum
537 1697 574 1766 in
593 1695 698 1766 nobis
715 1708 787 1782 est,
811 1679 1072 1764 inhonoramus
1093 1697 1227 1780 Deum,
1251 1717 1364 1790 quum
1386 1692 1461 1788 ejus
1481 1706 1658 1791 praecepta
1674 1693 1961 1780 contemnimus3
1982 1693 2030 1762 ita

444 1833 480 1890 et
502 1817 722 1906 econtrario
744 1830 866 1886 nostra
887 1840 970 1885 eum
990 1814 1148 1885 honorat
1169 1813 1387 1885 obedientia.
1412 1817 1551 1884 Nomen
1573 1814 1693 1911 itaque
1714 1813 1807 1909 ejus,
1826 1812 1925 1911 quod
1941 1814 1977 1884 in
1995 1839 2031 1885 se

444 1950 609 2008 sanctum
625 1949 695 2024 est,
721 1935 759 2004 in
786 1934 891 2006 nobis
914 1935 1022 2005 etiam
1038 1931 1297 2021 sanctificatur,
1316 1959 1430 2032 quum
1445 1935 1496 2006 sic
1516 1933 1583 2005 sub
1600 1935 1748 2004 nomine
1764 1935 1840 2029 ejus
1859 1935 2028 2024 vivimus,

443 2072 484 2128 ut
499 2058 593 2155 ipse,
612 2057 711 2152 cujus
729 2054 792 2126 filii
808 2081 883 2127 esse
899 2055 1070 2145 dicimur,
1095 2081 1136 2126 ex
1152 2056 1226 2128 vita
1242 2071 1366 2128 nostra
1383 2055 1612 2152 glorificetur.
1634 2062 1681 2126 Ut
1696 2070 1817 2128 autem
1832 2056 1882 2128 ita
1898 2081 2029 2128 nomen

445 2177 520 2272 ejus
536 2173 776 2247 sanctificetur
792 2174 829 2244 in
847 2174 966 2263 nobis,
986 2173 1166 2245 orandum
1182 2174 1288 2245 nobis
1304 2189 1358 2246 est
1374 2189 1427 2264 ut,
1446 2173 1593 2272 expulso
1610 2200 1632 2247 a
1648 2175 1754 2246 nobis
1770 2200 1882 2272 regno
1899 2174 2030 2248 diaboli

444 2299 518 2369 sive
538 2282 694 2394 peccati,
714 2293 760 2364 de
776 2319 850 2391 quo
866 2294 954 2365 dicit
969 2293 1180 2391 Apostolus‘
1199 2322 1207 2364 ε
1230 2324 1249 2362 u
1261 2297 1340 2365 Non
1358 2311 1483 2391 regnet
1499 2310 1687 2393 peccatum
1702 2295 1740 2366 in
1756 2310 1876 2368 vestro
1893 2295 2032 2367 mortali

444 2431 592 2515 pectore
608 2415 655 2486 ad
671 2412 917 2484 obediendum
938 2414 1236 2513 concupiscentiis
1257 2414 1350 2510 ejus,
1366 2441 1384 2480 u
1403 2439 1554 2511 regnum
1575 2415 1641 2486 Dei
1661 2413 1828 2486 adveniat
1854 2416 1892 2485 in
1912 2415 2029 2486 nobis.

445 2542 490 2607 Et
508 2535 581 2605 hoc
596 2549 649 2606 est
665 2532 765 2630 quod
781 2532 941 2604 seeundo
957 2534 1112 2631 petimus
1129 2533 1287 2605 dicentes
1303 2561 1310 2604 :
1333 2561 1351 2600 α
1362 2534 1537 2606 Adveniet
1553 2557 1704 2630 regnum
1721 2549 1842 2623 tuum,
1858 2561 1876 2601 u
1894 2533 1967 2605 hoc
1982 2551 2032 2605 est

446 2672 548 2730 tuum
564 2657 601 2726 in
623 2655 729 2728 nobis
750 2655 799 2726 ita
820 2655 865 2725 sit
886 2653 1107 2743 dominium,
1135 2669 1175 2724 ut
1195 2653 1261 2725 tibi
1286 2669 1525 2753 spontaneam
1550 2655 1587 2725 in
1610 2654 1779 2725 omnibus
1804 2653 2033 2726 exhibeamus

445 2776 701 2848 obedientiam.
721 2773 829 2862 Quod
846 2788 885 2845 ut
901 2773 963 2845 fiat
980 2798 999 2845 a
1016 2773 1144 2845 nobis:
1161 2775 1264 2845 «Fiat
1279 2773 1445 2846 voluntas
1461 2789 1524 2846 tua
1539 2775 1576 2844 in
1593 2774 1717 2864 nobis,
1730 2801 1747 2840 u
1767 2800 1846 2871 quae
1862 2789 1916 2846 est
1931 2775 2033 2846 tertia

445 2895 582 2994 petitio.
601 2899 691 2983 Tua,
711 2894 877 2990 inquam,
894 2917 972 2990 quae
986 2915 1105 2964 errare
1121 2916 1196 2962 non
1213 2907 1350 2989 potest,
1369 2892 1426 2964 vel
1442 2892 1537 2964 mala
1553 2917 1640 2964 esse.
1660 2897 1759 2963 Tunc
1776 2907 1896 2964 autem
1912 2893 2035 2964 volun-

445 3029 555 3088 tatem
564 3015 630 3086 Dei
640 3014 802 3103 facimus,
814 3038 926 3111 quum
938 3013 1038 3110 quod
1048 3013 1122 3112 ipse
1134 3010 1316 3110 approbat
1325 3026 1361 3083 et
1372 3010 1478 3084 nobis
1488 3013 1655 3100 consulit,
1669 3013 1872 3113 implemus.
1891 3014 2002 3102 «Fiat,
2014 3042 2032 3080 n

446 3136 611 3233 inquam,
628 3135 745 3208 «sicut
760 3135 797 3204 in
815 3133 974 3228 coelo,et
990 3133 1027 3203 in
1044 3147 1159 3204 terra:
1176 3160 1194 3200 u
1212 3147 1253 3203 ut
1269 3133 1345 3230 ipsa
1362 3133 1470 3204 etiam
1487 3134 1524 3204 in
1540 3133 1671 3204 coelum
1685 3149 1915 3205 convertatur
1927 3148 2031 3204 terra.

445 3259 523 3326 Hoc
544 3269 597 3326 est
617 3255 673 3341 sic¹
688 3252 932 3356 acarnalibus
954 3268 989 3323 et
1008 3267 1150 3324 terrena
1171 3251 1412 3349 quaerentibus
1433 3253 1493 3326 illa
1514 3252 1726 3352 impleatur,
1750 3254 1841 3325 sicut
1862 3253 2037 3354 aspirita-

446 3371 539 3444 libus
555 3389 591 3445 et
607 3373 762 3444 coelestia
778 3370 1076 3443 desiderantibus.

498 3522 515 3560 α
531 3498 663 3565 Panem
679 3506 843 3563 nostrum
859 3489 1236 3588 supersubstantialem
1253 3491 1299 3562 da
1315 3492 1421 3563 nobis
1433 3492 1555 3565 hodie.
1577 3521 1596 3561 »
1618 3492 1825 3582 Praemissis,
1844 3507 1884 3564 ut
1900 3493 2037 3566 dictum

448 3628 518 3702 est,
547 3613 661 3684 tribus
689 3610 924 3711 petitionibus
947 3611 993 3682 ad
1016 3609 1196 3682 honorem
1221 3613 1287 3683 Dei
1317 3613 1598 3710 pertinentibus,
1628 3613 1676 3685 ad
1698 3628 1854 3710 quatuor
1883 3614 2037 3710 reliquas
2109 3659 2113 3663 -

447 3733 568 3806 stilum
584 3733 781 3821 convertit,
800 3731 931 3829 quibus
947 3746 1102 3829 quatuor
1117 3719 1345 3831 postulantur
1364 3734 1536 3825 virtutes,
1565 3736 1602 3805 in
1623 3734 1756 3832 quibus
1776 3731 1891 3806 fidelis
1912 3735 2038 3805 animae

448 3854 619 3952 perfectio
633 3853 807 3941 consistit,
823 3852 1015 3951 prudentia
1027 3852 1172 3942 scilicet,
1182 3854 1332 3950 justitia,
1345 3855 1594 3952 temperantia,
1609 3853 1795 3926 fortitudo.
1809 3855 1907 3925 Sicut
1917 3868 2038 3926 autem

448 3971 639 4072 prudentia
654 3987 728 4043 tam
745 3986 907 4070 tempore
922 3972 1022 4071 prior
1034 3987 1087 4042 est
1101 3997 1212 4069 quam
1229 3987 1374 4061 natura,
1390 3975 1440 4046 ita
1455 3990 1509 4046 est
1524 3975 1599 4070 ejus
1614 3974 1740 4072 petitio
1757 3974 1857 4072 prior
1871 3973 2034 4071 ponitur,
2054 4031 2059 4040 .

448 4119 560 4191 quum
577 4093 707 4164 dicitur
728 4120 735 4164 :
765 4095 928 4163 «Panem
946 4106 1127 4184 nostrum,
1146 4109 1236 4183 etc,
1255 4120 1272 4159 u
1291 4117 1370 4192 quae
1391 4111 1443 4166 cst
1464 4095 1590 4194 petitio
1608 4110 1748 4194 quarta.
1773 4096 1830 4166 Sic
1847 4094 1976 4190 junge,
1997 4108 2039 4163 ut

448 4211 494 4284 ab
511 4211 680 4285 omnibus
700 4226 763 4283 tua
782 4209 949 4283 voluntas
970 4209 1172 4310 impleatur.
1202 4218 1274 4285 Has
1299 4214 1405 4285 nobis
1425 4215 1575 4286 virtutes
1600 4215 1802 4314 impertire,
1830 4239 1909 4312 quae
1929 4211 2042 4312 perse·

448 4333 606 4406 ctionem
619 4329 838 4403 confirmant
849 4331 988 4403 animas.
1003 4331 1112 4402 Cibus
1124 4332 1251 4404 animae
1263 4347 1332 4424 est,
1348 4349 1384 4405 et
1399 4334 1566 4432 spiritalis
1582 4337 1657 4430 ejus
1674 4336 1793 4432 panis,
1809 4331 2045 4430 intelligentia

448 4451 561 4524 divini
576 4450 695 4540 verbi,
714 4451 760 4524 de
776 4475 850 4549 quo
866 4475 931 4548 per
952 4453 1098 4548 Moysen
1116 4437 1287 4524 dicitur⁸2
1309 4457 1423 4524 «Non
1445 4454 1482 4524 in
1504 4454 1583 4525 solo
1603 4479 1698 4552 pane
1719 4453 1807 4524 vivit
1818 4445 1959 4543 homo,
1977 4450 2045 4524 sed

448 4573 485 4642 in
502 4571 603 4644 omni
617 4568 731 4643 verbo
747 4570 847 4669 quod
864 4570 1029 4668 procedit
1048 4570 1094 4642 de
1116 4595 1179 4643 ore
1199 4573 1312 4643 Dei.»
1340 4577 1444 4644 Hunc
1464 4599 1614 4672 panem,
1639 4575 1676 4646 id
1698 4590 1752 4646 est
1771 4573 2045 4670 intelligentiam

350 4769 354 4776 ,
448 4715 555 4764 sacrae
581 4693 764 4791 scripturae
788 4691 850 4789 qui
874 4715 949 4763 non
978 4691 1156 4781 ruminat,
1189 4693 1288 4763 etin
1318 4717 1362 4764 eo
1394 4693 1609 4767 divisionem
1638 4694 1778 4792 ungulae
1805 4677 2045 4782 nonhabet,

449 4810 679 4884 immundum
695 4811 828 4884 animal
844 4810 900 4882 lex
912 4809 1068 4907 judicat,
1092 4811 1176 4908 quia
1192 4811 1289 4884 nulla
1306 4826 1359 4884 est
1375 4813 1505 4885 mentis
1516 4803 1721 4904 munditia,
1740 4814 1803 4886 ubi
1815 4838 1948 4886 eorum
1962 4837 2050 4909 quae

487 5115 494 5142 ¹
513 5112 611 5175 llatth„
621 5130 677 5180 cap.
687 5129 711 5176 r,
722 5130 745 5165 v.
756 5115 832 5164 22-
842 5112 852 5139 ¹
862 5113 963 5174 Erech..
976 5129 1032 5180 cap.
1045 5129 1135 5175 xxxu,
1148 5131 1171 5164 r.
1183 5117 1224 5166 23.
1266 5115 1361 5168 mortali
1383 5131 1487 5183 corpore
1501 5153 1508 5176 ,
1531 5127 1559 5168 ut
1583 5117 1702 5169 obediatis
1721 5117 1927 5184 concupiscentiis
1947 5113 2012 5180 eiua.
2036 5133 2053 5159 ι

453 5198 580 5260 ·-¹lbid.‚
590 5215 613 5250 v.
622 5197 731 5249 tte-⁴·
740 5198 794 5250 Non
803 5214 863 5272 ergo
872 5209 958 5265 regnet
968 5208 1096 5264 peccatum
1108 5199 1132 5248 in
1145 5209 1225 5250 veruo
1266 5199 1362 5265 (Rom,
1375 5217 1431 5267 cap.
1443 5217 1508 5264 n,r
1530 5201 1612 5268 12.)-
1625 5199 1739 5262 Ἰαὼ,
1750 5216 1805 5268 cap.
1818 5216 1853 5262 rr,
1865 5216 1888 5250 v.
1904 5201 1926 5250 l.

1065 5305 1082 5338 ο
