4590 6106
482 624 529 693 48
1024 612 1219 687 ANDREAE
1244 605 1520 699 Quutcssrnnl

480 759 614 816 describit
631 756 730 825 Fulcc,
744 753 859 829 Diogilli
873 753 959 828 prior,
974 753 1004 808 in
1015 752 1131 826 epistola
1145 769 1229 828 qstam
1243 750 1279 808 ad
1298 766 1364 806 eum
1383 758 1450 804 tunc
1469 762 1521 818 pro
1534 741 1721 800 consolatione
1734 739 1846 798 direxit.
1861 761 1875 790 e
1886 737 2031 806 Membra,
2047 760 2060 788 s

480 849 590 923 inquit,
607 849 720 923 «quieti
739 845 855 902 dederas
874 855 903 900 et
921 844 1029 917 sopori,
1045 841 1171 918 nullique
1184 841 1288 898 malum
1300 840 1405 896 inferre
1417 837 1545 912 parabam
1560 853 1648 912 quum
1664 853 1728 892 ecce
1744 850 1843 889 manm
1862 831 2015 906 impietatis
2033 842 2062 886 ct

480 943 681 998 ferramentum
702 937 813 994 exitiale
832 938 997 1011 sanguinem
1012 946 1094 992 tuum
1112 935 1258 991 innoxium
1271 934 1357 1008 gratis
1370 931 1488 988 fundere
1500 947 1557 986 non
1569 928 1779 985 dubitaverunt.
1794 925 1907 998 Plaugit
1920 941 1989 998 ergo
2007 925 2062 980 hoc

480 1045 561 1088 turim
574 1031 673 1086 vulnus
686 1040 714 1085 et
726 1029 862 1086 damnum
874 1027 1040 1084 venerabilis
1051 1029 1176 1103 episcopi
1192 1026 1365 1100 benignitas,
1379 1041 1439 1100 que
1450 1032 1587 1098 qnantum
1597 1021 1679 1078 licuit
1695 1037 1792 1076 vacare
1807 1018 1923 1092 justitia
1942 1017 2061 1074 studuit.

481 1125 593 1197 Plaugit
601 1122 759 1178 liberalium
772 1122 971 1177 canonicorum
982 1138 1014 1175 ac
1027 1119 1165 1176 nobilium
1175 1118 1342 1174 clericorum
1350 1114 1513 1174 multitudo.
1526 1114 1667 1188 Plangnnt
1677 1113 1750 1168 cives
1761 1111 1895 1182 civitatis,
1908 1111 1964 1168 hoc
1976 1111 2063 1168 dede·

480 1234 528 1272 cus
541 1224 720 1289 reputantes,
732 1223 763 1269 et
773 1212 901 1268 dolentes
913 1230 991 1268 suam
1005 1210 1104 1268 urbem
1117 1212 1160 1266 tui
1172 1208 1316 1286 mngdnis
1332 1207 1465 1265 effusione
1483 1206 1591 1262 violari.
1604 1205 1682 1277 Quid
1702 1205 1875 1279 singularum
1895 1205 2063 1263 seminarum

481 1308 598 1364 reseram
609 1307 765 1380 planctum,
779 1323 841 1380 quae
853 1304 893 1361 sic
906 1303 961 1360 hoc
974 1302 1070 1358 audito
1081 1302 1219 1374 lacrymis,
1232 1319 1310 1357 more
1322 1300 1452 1367 femineo,
1466 1318 1514 1355 ora
1525 1299 1653 1372 rigarunt
1666 1307 1822 1371 propterte
1837 1297 1955 1354 militem
1969 1316 2061 1368 suum,

480 1419 562 1470 quem
573 1401 741 1468 amiserant,
754 1416 785 1453 ac
797 1399 820 1452 si
835 1396 950 1471 singulas
959 1397 1050 1451 virum
1062 1413 1143 1450 suum
1156 1404 1204 1451 aut
1217 1395 1337 1450 anticum
1349 1403 1424 1449 sorte
1435 1391 1501 1450 belli
1513 1393 1679 1465 reperissent
1691 1390 1863 1446 extinctum?
1876 1391 1982 1446 Tantus
1995 1409 2063 1465 ergo

481 1494 608 1550 omnium
621 1492 713 1546 luctus
725 1491 834 1558 extitit,
848 1500 881 1546 ut
894 1489 994 1545 melius
1005 1487 1124 1544 videaris
1135 1500 1164 1546 te
1177 1486 1279 1544 debere
1293 1485 1362 1542 velle
1379 1485 1506 1560 periisse,
1519 1502 1604 1560 quam
1616 1477 1735 1540 servasse
1745 1483 1822 1560 quod
1838 1484 1930 1558 periit.
1943 1483 2019 1540 Felix
2035 1503 2063 1541 se

481 1585 569 1640 nescit
582 1583 681 1639 amari.
694 1583 770 1640 Pene
786 1591 844 1638 tcta
857 1583 952 1638 civitas
964 1582 995 1635 in
1007 1591 1057 1636 tuo
1071 1578 1168 1636 dolore
1181 1578 1337 1635 contabuit.
1350 1577 1442 1634 llabes
1455 1577 1567 1634 arrham
1583 1593 1653 1632 verre
1665 1575 1823 1632 dilectionis
1835 1578 1866 1632 in
1880 1585 1923 1646 te,
1937 1595 2022 1653 qnam
2040 1581 2062 1634 si

479 1679 558 1750 prius
575 1676 746 1750 agnovisses,
765 1674 854 1730 nullas
872 1693 934 1730 meo
949 1673 1058 1747 judicio
1070 1672 1179 1728 divitias
1194 1671 1235 1728 illi
1249 1670 1449 1746 comparabiles
1465 1671 1645 1726 estimares.»
1660 1669 1717 1726 Nec
1729 1671 1965 1744 pretermittenda
1979 1673 2062 1729 etiam

481 1771 591 1826 sceleris
604 1779 660 1824 tam
672 1765 786 1823 nefandi
803 1766 924 1822 vindicta
936 1766 993 1822 sive
1003 1765 1129 1838 justitia,
1141 1783 1225 1840 quam
1238 1767 1268 1820 in
1280 1764 1335 1822 fine
1347 1763 1507 1840 subjungit,
1522 1763 1568 1818 bis
1582 1761 1673 1818 verbis
1684 1785 1689 1816 :
1704 1762 1800 1818 «Nam
1819 1762 1933 1838 qnidam
1951 1763 2062 1820 illorum

480 1863 529 1937 qni
546 1861 598 1918 tibi
613 1868 784 1929 nocuerunt,
799 1858 945 1915 oculorum
962 1859 1133 1931 privatione,
1147 1867 1176 1912 et
1190 1856 1354 1930 genitalium
1363 1855 1516 1912 abscisione
1529 1853 1649 1910 mutilati
1660 1864 1733 1911 sunt.
1746 1853 1797 1910 Ille
1807 1865 1900 1910 autem
1913 1856 1960 1930 qui
1973 1875 2023 1930 per
2035 1875 2064 1912 sc

480 1956 584 2010 iactum
605 1952 739 2025 abnegat,
758 1951 817 2023 jam
838 1950 874 2006 ab
896 1951 973 2006 omni
996 1950 1167 2024 possessione
1186 1967 1250 2018 sua,
1270 1949 1410 2004 bonorum
1431 1965 1545 2004 snorum
1565 1947 1785 2022 comportatione
1805 1947 1967 2004 exturbatus
1985 1959 2035 2004 est.
2050 1975 2063 2001 s

484 2045 576 2120 [Vide
587 2045 747 2115 Epistolam
759 2043 892 2100 Falconis
903 2041 939 2098 ad
949 2041 1053 2098 calcem
1066 2042 1183 2113 hujusce
1196 2037 1376 2113 voluminis]

1099 2199 1173 2256 Nota
1190 2199 1300 2268 XXIV,
1320 2217 1385 2274 pag.
1408 2199 1452 2256 ts.

518 2338 610 2393 Ambo
623 2341 717 2410 itaque
729 2337 813 2392 simul
820 2353 932 2392 sacrum
941 2335 1065 2390 habitam
1074 2337 1256 2408 suscepimus,
1270 2353 1322 2408 ego
1332 2331 1446 2408 quidem
1458 2335 1486 2388 in
1499 2333 1615 2389 abbatia
1626 2334 1726 2390 Sancti
1737 2333 1888 2406 Dionysii..
1895 2375 1910 2388 ..
1919 2365 1955 2378 -
1964 2335 1989 2390 N
1990 2337 2063 2392 otior

483 2427 528 2484 ills
538 2427 632 2484 &arcti
642 2427 768 2500 Dionysii
779 2427 949 2482 Parisiorum
961 2426 1095 2482 antistitis
1107 2426 1228 2497 abbatia,
1239 2444 1323 2500 quam
1336 2436 1369 2481 ut
1381 2426 1454 2480 notis
1466 2424 1606 2500 aliquibus
1618 2423 1751 2499 indigeat.
1763 2427 1878 2482 Petrum
1887 2438 1981 2484 autem
1987 2428 2067 2486 Aba·

484 2519 593 2575 lardum
602 2520 631 2574 in
644 2537 676 2575 ea
687 2519 857 2575 monachum
869 2516 993 2575 induisse
1003 2527 1122 2574 testatur
1131 2518 1173 2574 vel
1181 2517 1352 2575 Guillelmus
1364 2518 1488 2592 Nangius
1500 2517 1530 2572 in
1542 2517 1677 2573 chronico
1688 2518 1741 2572 suh
1750 2535 1855 2574 annum
1864 2518 1970 2576 Christi
1984 2523 2064 2587 titt,

484 2623 589 2668 stante
606 2631 672 2668 eum
691 2611 771 2670 Otho
779 2612 966 2685 Frisingensis
978 2612 1140 2685 episcopus,
1162 2609 1212 2666 lib.
1227 2611 1238 2665 1
1255 2608 1291 2666 de
1308 2610 1405 2665 Rebus
1418 2613 1504 2683 gestis
1517 2608 1662 2666 Frcdcrrci
1671 2609 1705 2672 Ι,
1722 2627 1781 2686 cap.
1798 2627 1884 2679 sarrs,
1898 2611 1943 2665 bis
1955 2611 2044 2667 verbis
2059 2633 2063 2661 :

486 2727 498 2753 s
514 2703 570 2760 Ubi
583 2706 657 2776 (sive
669 2703 812 2776 Parisios),
826 2705 970 2759 occasione
978 2700 1098 2775 quadam
1112 2702 1178 2757 satis
1194 2712 1259 2757 nota
1273 2719 1330 2757 non
1343 2701 1414 2757 hene
1426 2711 1572 2770 tractatus,
1584 2701 1737 2758 monachus
1750 2702 1780 2757 in
1793 2703 1961 2761 monasterio
1972 2703 2065 2758 Sancti

485 2797 611 2870 Dionysii
623 2796 736 2854 effectus
748 2807 800 2852 est.
812 2797 856 2852 lbi
871 2795 918 2852 die
930 2806 1071 2869 noctuque
1085 2794 1200 2851 lectioni
1213 2812 1245 2849 ac
1256 2793 1432 2850 meditationi
1445 2794 1594 2864 incubans,
1611 2794 1646 2850 de
1658 2805 1740 2851 acuto
1756 2796 1874 2863 acutior,
1888 2793 1923 2849 de
1942 2793 2068 2850 litterato

484 2889 602 2946 efficitur
614 2891 773 2948 litteratior.
785 2915 799 2944 s
815 2890 870 2964 [Ci.
884 2891 990 2963 Script.
1004 2908 1057 2945 rer.
1070 2889 1176 2963 gallic,
1190 2898 1211 2944 t.
1228 2887 1315 2958 Xlll,
1333 2905 1362 2963 p.
1377 2887 1454 2962 ibi]

1107 3047 1181 3104 Nota
1199 3047 1296 3118 XXV,
1315 3067 1379 3123 pag.
1399 3050 1445 3105 l'l.

521 3181 596 3234 Erat
606 3185 699 3234 autem
709 3178 827 3233 abbatia
838 3178 889 3233 illa
897 3188 1003 3234 nostra.
1009 3220 1015 3233 .
1021 3217 1040 3232 ..
1048 3181 1183 3234 secularis
1192 3179 1344 3234 admodm
1353 3183 1421 3235 vitoe
1429 3188 1513 3252 atquc
1523 3182 1738 3252 turpissimoe.-
1747 3181 1877 3234 Attamen
1890 3189 1919 3234 et
1931 3194 1993 3237 uon
1999 3179 2067 3232 adeo

487 3271 568 3342 longe
579 3280 670 3336 antea,
676 3287 756 3342 reges
764 3269 849 3342 Hugc
855 3280 884 3324 et
896 3269 1036 3325 liebertus
1044 3270 1271 3326 reformationem
1278 3269 1354 3326 illius
1365 3281 1581 3344 procuraverant
1591 3289 1641 3343 per
1648 3267 2067 3326 manumvenerabilisOdiloniv

487 3361 594 3416 abbatis
605 3361 795 3429 cluniacensis,
807 3379 891 3434 quem
901 3361 1051 3417 Fulbertus
1064 3363 1235 3418 carnotensis
1244 3364 1390 3436 episcopus
1399 3361 1599 3437 archangelum
1610 3367 1799 3437 cognominat.
1808 3363 1915 3419 Asserit
1927 3363 2002 3419 enim
2013 3362 2068 3417 hoc

486 3454 624 3526 imprimis
632 3453 787 3509 Ademarus
796 3453 986 3509 lemovicensis
997 3454 1150 3508 monachus
1158 3455 1187 3508 in
1195 3454 1338 3525 chronico,
1346 3474 1434 3531 quum
1443 3457 1483 3510 ait
1493 3479 1521 3510 :a
1532 3457 1606 3512 ilenti
1613 3455 1738 3529 Dionysii
1748 3454 1996 3529 coencbium,quod
2004 3455 2062 3527 jam

486 3545 631 3618 pristinam
638 3546 817 3600 monasticam
829 3546 1135 3620 corruperatregulam,
1143 3565 1190 3601 rer
1198 3547 1283 3622 Hugo
1292 3548 1414 3622 regulari
1424 3548 1571 3605 honestate
1581 3549 1653 3604 sicut
1661 3549 1690 3604 in
1702 3548 1945 3606 ecclesiisllomini
1955 3557 2062 3602 rectum

486 3649 558 3707 erat,
577 3638 722 3695 honestius
733 3639 896 3694 restauravit
908 3657 958 3712 per
970 3657 1082 3694 manum
1095 3639 1259 3696 venerahilis
1271 3639 1402 3698 Odilonis
1412 3641 1534 3710 abbatis,
1548 3652 1576 3697 et
1586 3643 1638 3696 alia
1650 3653 1808 3697 sanctorum
1820 3641 1954 3697 nonnulla
1968 3658 2063 3696 mona·

487 3733 569 3786 steria
581 3732 611 3786 in
625 3729 754 3785 decorem
769 3731 892 3804 pristinas
903 3729 1055 3804 disciplinas
1070 3733 1242 3788 revocavit.»
1258 3734 1366 3789 Asserit
1382 3745 1411 3790 et
1429 3733 1568 3790 Iotsaldns
1586 3733 1768 3790 cluniacensis
1787 3733 1940 3790 monachus
1954 3736 1982 3790 in
1996 3734 2063 3789 Vita

487 3823 574 3877 sancti
590 3821 735 3891 Odilonis,
753 3821 803 3877 lib.
818 3821 863 3890 11,
886 3840 947 3896 cap.
970 3840 1012 3890 nr,
1034 3822 1064 3878 in
1082 3823 1141 3878 haec
1158 3824 1242 3879 verba
1255 3849 1261 3878 :
1276 3846 1289 3875 r
1304 3825 1417 3882 Lutetia
1435 3825 1607 3882 Parisiorum
1627 3825 1784 3899 proximum
1801 3835 1843 3880 est
1865 3825 2062 3880 monasterium

487 3915 580 3970 Sancti
593 3914 718 3988 Dionysii
732 3917 863 3990 Martyris
876 3916 989 3990 gloriosi
1002 3918 1126 3990 corporis
1138 3918 1246 3974 honore
1259 3919 1430 3994 preclarum.
1446 3921 1504 3992 Qui
1516 3919 1593 3976 locus
1607 3939 1621 3974 a
1635 3921 1805 3976 Francorum
1820 3919 1932 3994 regibus
1944 3919 2064 3990 liugane

368 4033 375 4041 ·
488 4017 516 4062 et
528 4003 654 4064 Roherto
667 4007 727 4062 viro
739 4007 791 4062 Dei
804 4007 920 4064 Odiloni
934 4009 1025 4064 luerat
1035 4010 1212 4085 commissus,
1228 4021 1260 4065 ut
1274 4012 1425 4068 monachili
1436 4011 1548 4082 ordine,
1561 4021 1592 4067 et
1603 4011 1730 4068 doctrina
1746 4011 1881 4086 regularis
1894 4013 1954 4066 vitae
1967 4028 2064 4085 prove-

488 4099 604 4156 heretur
613 4101 642 4156 in
657 4099 764 4156 melius.
776 4102 809 4155 ln
823 4119 880 4176 quo
891 4101 1018 4158 coenolio
1030 4083 1179 4177 aliquando
1190 4103 1241 4158 Dei
1254 4104 1373 4158 famulus
1384 4123 1562 4161 commanens
1571 4107 1630 4161 vita
1643 4105 1776 4179 pabulum
1788 4116 1816 4160 et
1829 4104 1924 4160 salutis
1933 4105 2066 4159 haustum

488 4195 608 4250 facundo
627 4213 676 4250 ore
695 4196 752 4250 suis
768 4194 942 4250 auditoribus
958 4195 1144 4253 ministrabat.
1163 4194 1289 4253 Gerebat
1308 4207 1376 4256 tunc
1396 4196 1516 4253 officium
1537 4201 1723 4273 prepositura
1738 4199 1829 4256 senior
1848 4197 1895 4252 lvo
1914 4194 2068 4252 amicabilis

489 4289 590 4356 homo,
606 4289 655 4361 qui
669 4287 739 4344 bene
754 4289 884 4343 meritum
896 4299 1002 4362 patrem
1017 4289 1163 4344 observare
1175 4299 1203 4344 et
1215 4288 1307 4345 colere
1319 4290 1463 4360 studebat,
1477 4301 1531 4349 etc.
1545 4315 1559 4344 s

1099 4444 1171 4500 Nota
1189 4443 1303 4514 XXVI,
1323 4465 1389 4520 pag.
1409 4449 1453 4504 tt.

527 4578 788 4653 Cay'usabbasr'psc,
798 4597 853 4651 quo
864 4582 974 4636 casuris
981 4579 1146 4651 praelatione
1154 4579 1259 4654 may'or,
1272 4588 1350 4636 moto
1357 4581 1418 4636 vita
1431 4579 1747 4638 deterior....-Abbati
1758 4581 1825 4636 huic
1836 4581 1931 4637 Sancti
1943 4581 2067 4652 Dionysii

487 4689 589 4727 nomen
603 4670 709 4742 Adam,
722 4671 772 4745 qui
786 4672 870 4746 eoepit
885 4688 982 4746 regere
1001 4672 1200 4728 monasterium
1219 4689 1294 4728 anna
1308 4675 1394 4742 rost,
1408 4671 1457 4730 sed
1468 4683 1565 4728 utrum
1578 4683 1635 4728 tam
1653 4673 1764 4729 insumis
1777 4675 1837 4730 vite
1850 4675 1936 4730 luerit
1949 4675 1989 4728 uti
2003 4675 2070 4728 scri·

487 4763 529 4818 bit
540 4763 588 4817 hic
603 4761 777 4830 rihelardus,
789 4763 867 4819 haud
878 4763 1022 4819 immerito
1033 4762 1158 4820 dubitari
1170 4776 1270 4838 potest.
1285 4765 1356 4822 Nam
1367 4776 1397 4822 et
1409 4784 1561 4840 pauperum
1573 4766 1680 4822 Christi
1692 4783 1787 4822 curam
1800 4783 1928 4840 maguam
1940 4767 2068 4839 gessisse,

489 4866 564 4928 patet
576 4854 617 4910 rel
631 4873 665 4911 ex
676 4854 722 4911 his
734 4857 794 4929 ejus
807 4855 922 4924 litteris,
937 4874 1006 4930 quas
1017 4856 1116 4912 tabulae
1126 4857 1342 4932 sandionysianae
1354 4870 1564 4934 suggesserunt:

783 4991 826 5044 De
840 4994 962 5064 quinque
977 4989 1077 5048 modiis
1089 5011 1211 5048 annona
1224 4991 1300 5048 datis
1311 4993 1348 5048 ab
1363 4994 1580 5067 eleemosynario
1594 4994 1776 5066 pauperibus.

525 5125 537 5150 r
552 5104 584 5158 ln
598 5104 648 5159 Dei
661 5104 775 5161 nornine
786 5122 838 5178 ego
850 5106 951 5179 Adam,
963 5107 1015 5164 Dei
1026 5109 1113 5181 gratia
1124 5108 1283 5164 monasterii
1295 5109 1424 5182 martyris
1435 5108 1542 5166 Christi
1557 5108 1680 5182 Dionysii
1691 5108 1790 5179 abbas,
1801 5108 1926 5183 patelieri
1938 5107 2000 5164 volo
2008 5111 2070 5162 uni-

398 5239 403 5251 .
488 5197 610 5253 versitati
623 5195 767 5266 fidelium,
782 5197 858 5273 quod
871 5217 920 5256 xm
938 5211 1037 5256 nostras
1049 5201 1215 5276 prelationis
1228 5218 1316 5270 anno,
1332 5203 1359 5256 in
1371 5211 1446 5258 terra
1456 5212 1550 5258 nostra
1566 5203 1654 5258 fames
1668 5201 1737 5285 adeo
1748 5202 1905 5277 prevaluit,
1918 5212 1951 5258 ut
1960 5219 2070 5261 munna
