4644 6112
1169 635 1350 683 ...η-

475 777 620 856 versari
640 775 752 863 solita
769 778 870 872 sint,
891 792 935 854 ut.
948 772 1043 856 inde
1063 775 1192 856 lucem
1215 776 1387 884 aliquam
1405 775 1563 856 eliciant
1581 775 1760 860 obscuris
1778 777 1856 858 illis
1873 783 2061 889 tempori·
2176 853 2183 863 .
2303 779 2304 792 '

477 929 553 1010 bus
570 926 849 1010 adhibendam.

528 1082 677 1162 Forsan
688 1097 727 1162 et
739 1077 885 1161 addere
895 1079 1028 1160 licebit
1045 1081 1145 1160 nihil
1155 1109 1217 1161 me
1229 1097 1269 1162 ct
1278 1081 1443 1190 juvenes
1454 1083 1627 1190 optimos
1642 1085 1714 1191 qui
1734 1111 1888 1164 mecum
1908 1085 2061 1170 labora-

476 1246 615 1310 verunt
632 1229 869 1312 intentatum
890 1229 1096 1338 reliquisse
1109 1247 1154 1310 ut
1172 1257 1364 1339 perquam
1383 1229 1591 1312 commoda
1607 1248 1646 1312 et
1666 1250 1846 1314 accurata
1860 1251 1960 1316 essct
1978 1236 2060 1320 hoeo

475 1383 609 1462 editio.
632 1385 803 1464 Textum
829 1383 1136 1464 Amboesianum
1159 1384 1399 1505 contulimus
1418 1412 1512 1464 curn
1534 1383 1741 1466 codicibus
1762 1390 2057 1500 manuscriptis,

473 1539 800 1644 quotiescumque
809 1537 885 1616 tale
900 1537 1090 1616 auxilium
1100 1563 1149 1616 cr
1159 1535 1405 1616 Bibliotheca
1415 1537 1640 1634 parisiensi,
1656 1553 1724 1616 aut
1734 1537 1961 1622 Turonensi
1971 1541 2059 1622 Tre

473 1691 628 1770 sensive
648 1687 765 1770 nobis
782 1715 921 1796 parare
940 1689 1157 1796 potuimus.
1174 1689 1303 1770 Loom
1323 1705 1528 1770 auctorum
1543 1717 1645 1797 quos
1662 1689 1796 1772 laudat
1811 1691 2055 1793 Abaelardus,

472 1865 610 1917 omnes
630 1854 698 1918 aut
721 1836 804 1918 fere
821 1863 960 1916 omnes
978 1835 1116 1918 scdulo
1134 1837 1428 1946 indagavimus,
1451 1854 1491 1922 et
1514 1841 1740 1948 paucissimi
1766 1859 1860 1922 sunt
1884 1871 2057 1950 quorum

479 1958 601 2068 'orites
619 2013 703 2066 non
720 1985 788 2066 hic
804 1985 1038 2084 afferantur,
1053 2015 1123 2068 seu
1138 1989 1253 2070 inscii
1267 2005 1308 2070 et
1321 1987 1431 2070 aliud
1445 2005 1605 2096 agentes
1620 2017 1689 2071 eos
1704 1992 1951 2072 omiserimus
1965 2020 2056 2090 ,seu

479 2143 616 2217 nvitos
627 2155 667 2218 et
678 2139 823 2220 frustra
837 2139 1084 2247 inquirentes
1093 2137 1320 2222 fefellerint.
1332 2139 1417 2220 Imo
1428 2141 1689 2248 praemisimus
1698 2141 1803 2223 libro
1812 2144 1956 2250 cuique
1964 2171 2058 2251 prae

475 2290 727 2370 iatiunculam
744 2289 916 2370 breviter
937 2306 1200 2397 exponentem
1219 2317 1299 2398 qua
1320 2291 1524 2370 occasione
1553 2309 1668 2372 natus
1686 2291 1757 2388 sit,
1782 2319 1865 2399 quo
1886 2293 2055 2400 scriptus

472 2439 658 2537 consilio,
683 2441 847 2546 quinam
874 2437 980 2520 docti
1003 2439 1079 2517 viri
1105 2437 1162 2518 illi
1183 2436 1341 2520 edendo
1359 2455 1426 2518 aut
1446 2438 1679 2520 illustrando
1703 2437 1994 2538 insudaverint,
2017 2461 2056 2522 et

436 2683 438 2687 .
472 2594 542 2698 qui
564 2589 780 2700 aliquando
799 2587 955 2670 codices
972 2619 995 2670 a
1010 2588 1129 2670 nobis
1147 2589 1253 2670 illius
1276 2588 1514 2672 emendandi
1534 2592 1656 2698 gratia
1679 2589 1828 2670 fuerint
1846 2593 2050 2700 explorati.

525 2743 709 2824 Pluribus
726 2742 912 2822 lectorem
931 2726 1075 2822 morari
1092 2769 1425 2849 supervacaneum
1445 2760 1515 2824 est.
1536 2740 1581 2823 ld
1598 2771 1724 2822 unum
1742 2761 1825 2822 erat
1842 2744 1885 2824 in
1900 2745 2001 2822 votis
2016 2763 2055 2824 ct
2174 2795 2181 2809 ·
2306 2773 2307 2802 ι

470 2925 578 2976 nunc
592 2911 755 3004 quoque
773 2911 951 3002 superest
969 2891 1253 3002 exoptandum,
1275 2894 1486 3002 soilioctpt
1502 2895 1585 2976 haec
1600 2893 1797 2976 Abaelardi
1821 2894 1944 2977 editio
1964 2923 2053 3003 quac

470 3063 621 3124 tantum
648 3043 838 3150 temporis
866 3043 1133 3159 impensaeque
1169 3041 1402 3152 absumpsit,
1429 3060 1469 3123 et
1496 3043 1616 3126 hodie
1642 3046 1686 3124 in
1715 3045 1844 3126 lucem
1874 3045 2054 3126 infaustis

470 3191 606 3300 prodit
625 3191 846 3286 ominibus,
871 3190 1003 3271 civiles
1029 3191 1134 3270 inter
1159 3189 1376 3272 discordias
1406 3221 1495 3301 quae
1520 3193 1688 3276 Galliam
1715 3211 1889 3274 nostram
1917 3212 1956 3274 et
1973 3195 2050 3272 Eu-

472 3371 611 3454 ropam
637 3341 720 3424 lere
745 3369 903 3422 omnem
928 3342 1125 3448 exagitant
1148 3341 1379 3452 faciuntque
1401 3339 1453 3426 ab
1477 3345 1539 3426 his
1557 3343 1696 3426 studiis
1718 3373 1893 3444 aversos,
1918 3346 2051 3426 saltem

472 3496 578 3578 haud
604 3493 768 3602 indigna
788 3491 968 3572 videatur
990 3521 1080 3601 quae
1098 3493 1219 3601 longo
1245 3494 1337 3576 licet
1363 3495 1568 3578 intervallo
1591 3523 1721 3578 comes
1743 3493 1912 3578 addatur
1929 3496 2051 3578 Bene·

390 3625 395 3630 ¹
471 3647 629 3726 dictinis
662 3645 739 3725 illis
769 3642 1101 3753 philosophorum
1135 3642 1457 3726 scholasticorum
1486 3643 1752 3744 editionibus,
1782 3673 1882 3754 quas
1908 3642 2049 3725 diurna

472 3815 745 3903 nocturnaque
776 3821 896 3874 manu
925 3795 1094 3891 versavi,
1127 3810 1166 3874 et
1190 3821 1360 3902 quarum
1387 3793 1484 3874 mihi
1511 3795 1685 3878 sobriam
1715 3792 1979 3878 eruditionem
2007 3811 2052 3872 ut

473 3949 650 4028 aemulari
676 3949 789 4058 pium
812 3945 991 4027 officium
1009 3947 1227 4045 visumst,
1246 3947 1301 4030 sic
1319 3947 1362 4026 in
1382 3948 1610 4030 memoriam
1630 3947 1914 4056 aliquantisper
1941 3971 2051 4026 revo-

422 4113 425 4121 '
471 4103 615 4184 cavisse
641 4127 792 4182 summa
811 4099 896 4180 laus
914 4098 1018 4179 foret
1039 4115 1078 4180 et
1101 4125 1250 4180 merces
1267 4099 1497 4204 gratissima.

522 4254 673 4335 Dabam
696 4254 873 4352 Parisiis,
904 4254 946 4332 in
972 4249 1124 4332 aedibus
1140 4249 1351 4349 Sorbonae,
1372 4279 1506 4334 mense
1523 4253 1702 4352 octobri,
1724 4251 2043 4336 MDCCCXLIX.
