4606 6106
483 641 556 712 2¹6
920 639 1048 709 PETlll
1077 639 1307 711 ABAELARDl
1333 644 1389 714 ΕΤ
1413 645 1640 720 HELOlSSAE

477 787 692 874 lectionem,
713 784 832 855 statim
849 805 958 852 nona.
980 786 1063 854 Post
1078 806 1232 873 nonam,
1251 781 1385 881 aliquid
1401 790 1592 887 exponitur
1608 788 1654 861 ad
1669 787 1958 882 aedificationem,
1980 795 2068 868 sicut

480 910 642 1008 superius
659 905 795 977 dictum
813 918 878 975 est.
899 908 983 976 Post
999 927 1181 1002 vesperas,
1203 902 1242 977 tu
1253 929 1379 995 coena;
1395 923 1431 980 et
1442 933 1486 982 eo
1501 909 1612 982 modo
1629 935 1697 982 nos
1713 909 1888 984 habemus
1900 912 2068 1015 deinceps

480 1055 552 1128 quo
571 1029 733 1127 superius
752 1025 973 1098 dictumest.
997 1027 1142 1100 Privatis
1158 1025 1306 1118 diebus,
1327 1055 1470 1102 summo
1490 1055 1595 1105 mane
1614 1047 1776 1104 cantatur
1786 1034 1923 1132 prima,
1947 1052 2067 1134 postea

478 1152 643 1223 sedemus
669 1149 706 1219 in
729 1146 883 1218 claustro
910 1146 1094 1244 usquead
1120 1149 1285 1239 tertiam,
1316 1149 1494 1247 legentes,
1522 1165 1559 1224 et
1575 1167 1778 1243 cantantes,
1803 1168 1839 1225 et
1863 1171 2062 1253 operantes.

480 1272 648 1344 Praecedit
668 1269 783 1342 oratio
799 1269 892 1339 inter
907 1267 1058 1359 formas,
1076 1283 1112 1340 et
1124 1270 1284 1366 sequitur
1302 1271 1414 1342 tertia.
1437 1276 1519 1344 Post
1533 1275 1693 1362 tertiam,
1718 1275 1824 1346 missa
1836 1277 2061 1350 matutinalis.

478 1394 564 1465 lude
591 1393 662 1463 itur
689 1391 726 1461 in
750 1387 957 1487 capitulum.
985 1393 1139 1486 Egressae
1162 1389 1208 1462 dc
1234 1392 1408 1489 capitul0,
1429 1392 1595 1468 sedemus
1616 1395 1653 1464 in
1671 1394 1838 1469 claustro.
1869 1396 2065 1472 Debiliores

476 1529 622 1585 sumunt
637 1514 806 1602 mixtum,
827 1509 1025 1583 secundum
1045 1510 1347 1610 dispensationem
1367 1512 1562 1586 abbatissae.
1581 1513 1674 1585 Nulli
1691 1513 1772 1588 licet
1787 1516 1912 1592 sedare
1927 1519 1962 1590 in
1975 1518 2066 1592 clau·

476 1653 549 1708 stro
567 1636 642 1706 sine
659 1659 768 1734 opere
784 1632 840 1704 vel
861 1631 1025 1704 lectione.
1050 1637 1134 1704 Post
1149 1649 1303 1722 sextam,
1322 1637 1482 1732 sequitur
1498 1635 1614 1732 major
1630 1629 1756 1725 missa,
1772 1653 1808 1710 et
1821 1640 1938 1712 statim
1954 1665 2060 1714 nona.

477 1764 714 1846 Postnonam,
731 1753 952 1852 ingredimur
963 1752 1201 1827 refectorium.
1216 1758 1347 1829 caetera
1360 1757 1612 1855 prosequimur
1625 1772 1664 1831 ut
1675 1759 1837 1856 superius
1851 1759 1985 1831 dictum
1998 1777 2060 1836 est.

455 1900 463 1914 ·
526 1885 579 1948 De
598 1878 899 1974 temporeoestiro.
913 1879 1002 1944 *A
1021 1871 1155 1945 Pascha
1174 1898 1259 1946 vero
1279 1900 1392 1972 usque
1411 1875 1457 1948 ad
1473 1875 1693 1974 supradictas
1707 1877 1875 1950 kalendas
1891 1881 2060 1970 octobris,

475 2013 557 2098 post
572 1997 713 2086 laudes,
734 1996 947 2068 revertimur
965 1993 1011 2065 ad
1031 1991 1181 2064 lectulos
1203 2008 1361 2085 nostros,
1382 2011 1418 2068 et
1439 1996 1561 2094 aliquo
1584 1997 1789 2089 intervallo,
1816 1997 1856 2072 lit
1873 2003 2010 2074 sonitus
2026 2005 2061 2074 in

475 2119 705 2209 dormitorio,
730 2132 766 2189 et
783 2129 966 2213 surgentes
985 2115 1148 2186 venimus
1166 2115 1202 2192 in
1222 2114 1438 2206 claustrum,
1464 2133 1499 2190 et
1520 2117 1670 2215 legimus
1691 2134 1727 2192 et
1745 2135 1931 2194 cantamus
1951 2149 2062 2222 usque

473 2243 519 2314 ad
537 2243 702 2340 primam.
725 2243 813 2311 Ante
830 2238 1001 2336 primam,
1029 2251 1103 2307 tam
1121 2236 1251 2309 festivis
1272 2237 1398 2310 diebus
1411 2264 1520 2336 qnam
1532 2241 1697 2338 privatis,
1719 2257 1873 2338 aguntur
1884 2240 2062 2318 orationes

473 2365 564 2435 inter
582 2361 725 2432 formas.
750 2363 833 2430 Post
849 2357 1024 2456 primam,
1044 2356 1203 2453 sequitur
1220 2357 1326 2431 missa
1348 2358 1576 2431 matutinalis.
1604 2359 1692 2432 lnde
1710 2361 1781 2432 itur
1797 2360 1834 2431 in
1852 2364 2058 2460 capitulum.

476 2492 627 2582 Egressae
637 2480 852 2582 capitulum,
869 2479 1033 2552 sedemus
1047 2479 1084 2548 in
1098 2478 1273 2570 claustro,
1290 2477 1446 2576 legentes
1464 2495 1499 2552 et
1515 2496 1704 2579 operantes
1718 2485 1889 2581 usquead
1907 2487 2058 2560 tertiam.

474 2614 557 2679 Post
574 2605 735 2694 tertiam,
759 2603 872 2699 major
891 2603 997 2673 missa
1015 2603 1148 2699 agitur,
1165 2616 1281 2691 sexta,
1302 2619 1337 2673 et
1355 2603 1425 2674 itur
1444 2603 1479 2673 in
1500 2603 1738 2676 refectorium.
1763 2607 1847 2676 Post
1872 2608 2060 2702 gratiarum

471 2731 668 2816 actionem,
689 2726 783 2796 imus
796 2726 832 2794 in
851 2723 1122 2813 dormitorium,
1144 2739 1180 2794 et
1196 2721 1278 2794 licet
1291 2723 1468 2814 dormire,
1484 2723 1617 2822 legere,
1634 2725 1774 2823 operari
1789 2725 1825 2796 in
1839 2725 1974 2800 lectulis
1986 2731 2061 2802 sine

471 2850 617 2944 alicujus
640 2845 907 2944 inquietatione.
925 2843 1053 2915 Audito
1068 2844 1185 2942 primo
1200 2845 1300 2942 signo
1315 2869 1436 2934 nonae,
1453 2845 1648 2942 surgimus,
1664 2859 1699 2916 et
1713 2869 1952 2945 praeparamus
1973 2875 2056 2938 nos,

471 2987 508 3042 ut
525 2972 613 3042 dum
627 2965 824 3040 secundum
838 2966 978 3062 signum
992 2962 1201 3062 pulsaverit,
1218 2963 1265 3035 ad
1283 2965 1424 3060 signum
1441 2964 1625 3036 abbatissae
1638 2964 1694 3036 vel
1708 2965 1882 3062 priorissae
1897 2969 2060 3042 ordinate

469 3090 711 3190 ingrediamur
729 3085 925 3159 ecclesiam.
945 3088 1029 3154 Post
1046 3107 1200 3172 nonam,
1218 3085 1353 3180 agimus
1364 3109 1431 3182 pro
1446 3083 1633 3156 defunctis.
1652 3083 1740 3158 lnde
1762 3087 1980 3183 ingredimur
2001 3115 2059 3161 re-

469 3213 674 3299 fectorium,
702 3223 738 3280 et
764 3205 920 3278 bibimus
943 3228 1085 3300 aquam.
1104 3202 1281 3300 Deinceps
1301 3203 1338 3274 in
1362 3203 1516 3275 claustro
1542 3203 1727 3295 sedemus,
1747 3203 1903 3303 legentes
1920 3223 1955 3279 et
1973 3234 2057 3307 ope.

469 3348 597 3404 rantes.
628 3328 838 3426 Egredimur
863 3325 969 3396 etiam
996 3323 1043 3394 ad
1070 3321 1250 3414 laborem,
1272 3323 1429 3420 qualibet
1452 3323 1542 3396 hora
1565 3324 1635 3396 diei
1662 3328 1860 3398 necessario
1879 3329 2057 3405 advocata

467 3455 649 3526 fuerimus.
673 3455 757 3520 Post
781 3471 966 3544 vesperas,
993 3444 1108 3541 agitur
1132 3468 1245 3516 coena.
1274 3445 1452 3544 Deinceps
1482 3469 1548 3518 nos
1578 3443 1752 3518 habemus
1780 3447 1871 3519 sicut
1897 3454 2057 3549 superius

468 3574 687 3645 dictumest.
709 3573 748 3639 ln
775 3567 903 3639 letania
930 3565 1084 3662 majore,
1111 3563 1224 3636 tribus
1248 3564 1374 3637 diebus
1400 3567 1655 3663 Rogationum,
1684 3582 1781 3640 sexta
1804 3569 1906 3660 feria,
1927 3586 1963 3644 et
1980 3573 2056 3646 sab-

467 3695 575 3782 bato,
602 3691 718 3790 vigilia
742 3690 853 3761 sancti
878 3687 1023 3758 loannis
1039 3685 1219 3784 Baptistae,
1240 3685 1356 3782 vigilia
1376 3687 1622 3786 apostolorum
1640 3688 1733 3760 Petri
1748 3703 1785 3760 et
1805 3689 1919 3774 Pauli,
1942 3693 2055 3791 vigilia

467 3814 578 3887 sancti
597 3809 794 3898 Laurentii,
822 3806 937 3905 vigilia
956 3805 1234 3904 Assumptionis,
1258 3818 1293 3878 et
1309 3804 1355 3878 ab
1374 3805 1490 3880 idibus
1504 3805 1715 3904 septembris
1733 3833 1844 3905 usque
1862 3810 1908 3881 ad
1924 3813 2054 3885 Pascha

463 3961 676 4034 ¹rejunamus.
970 4026 974 4034 Ι

517 4065 573 4128 Ere
589 4056 736 4128 concilio
752 4053 968 4139 triburiensi,
991 4077 1070 4150 cap.
1094 4079 1130 4122 x.
1144 4051 1366 4146 -Virgines
1387 4074 1466 4147 quae
1492 4066 1574 4122 ante
1591 4049 1784 4122 duodecim
1802 4073 1917 4122 annos
1937 4053 2053 4126 insciis

463 4179 715 4252 mundiburdis
729 4177 802 4248 suis
817 4197 957 4247 sacrum
974 4172 1134 4244 velamen
1152 4170 1260 4270 capiti
1277 4195 1343 4242 suo
1355 4171 1604 4269 imposuerint,
1623 4185 1659 4243 et
1677 4170 1726 4241 illi
1743 4170 1976 4244 mundiburdi
1989 4198 2051 4245 au-

463 4326 551 4373 num
572 4315 607 4372 et
625 4299 720 4371 diem
743 4295 814 4368 hoc
833 4293 986 4366 tacendo
1010 4293 1276 4380 consenserint,
1295 4291 1332 4365 in
1351 4306 1474 4364 sarroto
1493 4293 1679 4390 proposito
1697 4307 1942 4388 permaneant.
1968 4297 2008 4366 Et
2023 4297 2051 4366 si

461 4424 498 4492 in
516 4421 685 4521 praedicto
704 4441 801 4490 anno
820 4430 856 4488 et
873 4414 932 4486 die
950 4438 1017 4512 pro
1032 4412 1099 4484 illis
1116 4411 1437 4511 proclamaverint,
1456 4413 1619 4510 petitioni
1638 4435 1762 4485 eorum
1782 4437 1945 4486 assensus
1963 4439 2050 4513 pue·

461 4545 609 4615 beatur:
629 4543 695 4612 nisi
721 4539 812 4611 forte
843 4537 908 4608 Dei
936 4537 1064 4608 timore
1093 4549 1212 4624 tactae,
1240 4559 1323 4606 cum
1354 4558 1479 4606 eorum
1504 4533 1645 4608 licentia
1671 4535 1707 4605 in
1732 4534 1911 4632 religionis
1929 4535 2049 4610 babitu

462 4675 700 4758 perseverent.

509 4789 565 4854 De
590 4783 850 4853 consecratione
877 4776 1217 4863 sanctimonialium,
1247 4803 1293 4847 erc
1320 4774 1468 4846 concilio
1498 4776 1771 4874 carthaginensi.
1793 4817 1842 4831 ·-
1855 4777 2050 4848 Sanctimo·

459 4904 560 4976 nialis
585 4904 684 5000 virgo
705 4924 819 5000 quum
838 4898 884 4969 ad
907 4897 1213 4970 consecrationem
1241 4921 1307 4968 sno
1333 4895 1504 4994 episcopo
1520 4893 1681 4986 offertur,
1698 4896 1734 4967 in
1748 4893 1878 4966 ‘talibus
1897 4893 2050 4967 vestibus

459 5025 668 5126 applicetur,
687 5020 859 5120 qualibet¹
877 5043 1018 5118 semper
1036 5043 1143 5094 usura
1160 5033 1231 5110 est,
1251 5017 1464 5116 professioni
1478 5031 1515 5088 et
1531 5017 1773 5116 sanctimoniae
1793 5017 1896 5116 aptis.

492 5301 499 5328 ¹
520 5300 598 5350 Aliter
614 5299 738 5360 Qualibus.
