4536 6102
747 537 983 612 Expostulo
1006 537 1051 614 ΙΝ
1076 537 1388 612 [autumnou-
1780 537 1856 610 635

273 699 342 758 mr.
357 683 499 782 Quippe
514 680 604 755 dum
620 679 756 779 aliquid
771 683 817 754 sit
831 679 933 778 quod
945 680 1110 754 nondum
1127 693 1197 770 est,
1207 679 1331 778 aliqua
1347 702 1450 753 mora
1465 679 1502 751 in
1520 677 1687 752 faciendo
1696 703 1776 752 esse
1789 705 1857 780 po·

267 820 351 878 test.
362 808 576 892 Quumvero
584 800 732 876 dicitur:
745 801 810 889 Sit,
819 814 856 873 et
864 799 940 888 luit,
949 799 1046 872 nulla
1055 801 1266 898 interposita
1275 797 1564 899 mora‚persectio
1573 800 1624 874 rei
1634 799 1849 872 ostenditur.

321 955 339 995 a
354 930 400 998 Et
415 923 505 998 vidit
520 927 616 998 Deus
632 922 768 1011 lucem,
786 919 887 1019 quod
902 936 994 994 esset
1009 919 1120 994 bona.
1138 950 1157 990 u
1176 925 1297 1009 Quum
1312 921 1443 996 dicitur
1459 921 1497 994 in
1514 920 1663 994 diversis
1681 921 1852 1020 operibus

271 1043 337 1118 Dei
353 1060 436 1144 post
448 1069 575 1118 eorum
592 1041 959 1132 consummationem,
979 1040 1064 1139 quia
1079 1037 1169 1115 vidit
1187 1045 1284 1114 Deus
1300 1037 1400 1140 quod
1421 1055 1514 1112 esset
1533 1040 1690 1130 bonum,
1714 1039 1783 1114 tale
1804 1057 1858 1115 est

270 1189 314 1238 ec
333 1165 363 1238 si
379 1165 572 1253 diceretur,
586 1160 758 1236 intellexit
779 1160 869 1232 nihil
889 1160 941 1234 ibi
962 1185 1029 1260 per
1048 1184 1207 1234 errorem
1230 1161 1365 1236 sactum
1386 1160 1486 1259 quod
1509 1161 1554 1232 sit
1578 1159 1853 1256 corrigendum,

269 1285 378 1356 etiam
395 1283 531 1382 aliquid
546 1281 818 1381 comparatione
832 1280 1066 1379 praecedentis
1081 1279 1363 1380 imperfectionis
1376 1305 1452 1354 esse
1465 1279 1663 1379 perlectum
1679 1281 1852 1354 innuitur.

271 1407 366 1476 Bene
382 1403 517 1492 lucem,
537 1402 575 1475 id
591 1417 644 1474 est
660 1400 927 1474 distinctionem
943 1425 1113 1500 operum,
1134 1405 1230 1474 Deus
1246 1400 1424 1502 approbat
1436 1449 1456 1490 ,-
1468 1401 1554 1498 quia
1564 1425 1629 1498 per
1645 1425 1725 1472 eam
1740 1400 1855 1472 excel·

270 1522 386 1596 lentiae
402 1547 474 1596 suae
489 1521 634 1595 laudem
649 1519 756 1594 nobis
772 1518 987 1610 manifestat,
1000 1519 1175 1618 quoniam
1190 1518 1267 1592 laus
1286 1519 1405 1620 operis
1421 1520 1457 1591 in
1475 1517 1647 1590 artificem
1661 1517 1852 1592 redundat.

273 1641 376 1714 Unde
396 1641 504 1714 etiam
524 1640 571 1713 de
587 1638 643 1712 his
656 1663 736 1738 quae
752 1653 900 1739 propter
916 1638 1103 1712 bominem
1116 1637 1221 1727 lacit,
1240 1662 1353 1735 quum
1364 1637 1507 1711 dicitur
1526 1638 1602 1736 ipse
1626 1636 1749 1711 videre
1771 1640 1855 1736 quia

271 1764 370 1836 bona
383 1764 474 1852 sint,
493 1761 594 1836 nullo
611 1760 724 1833 modo
740 1761 871 1834 rectius
886 1755 1036 1858 intedigi
1053 1773 1161 1858 puto,
1179 1783 1289 1857 quam
1305 1758 1406 1858 quod
1422 1781 1465 1832 ea
1479 1758 1530 1830 sic
1547 1756 1708 1850 ordinat,
1728 1774 1767 1830 ut
1788 1783 1855 1832 nos

271 1884 378 1959 etiam
393 1881 453 1955 illa
468 1881 567 1956 bona
579 1906 658 1954 esse
673 1880 796 1954 videre
812 1881 930 1970 saciat,
943 1881 1035 1955 sicut
1051 1894 1088 1954 et
1102 1879 1283 1954 Abraham
1294 1880 1415 1953 dicit¹2
1435 1908 1453 1948 a
1466 1884 1569 1952 Nunc
1586 1883 1741 1976 cognovi
1754 1881 1855 1979 quod

269 2005 396 2076 timeas
411 2003 627 2090 Dominum,
642 2027 662 2070 n
680 2000 718 2074 id
734 2015 804 2089 est,
823 2000 1000 2097 Cognosci
1016 1999 1097 2074 leci.
1115 2000 1208 2072 Hinc
1223 2014 1277 2074 est
1292 1999 1394 2098 quod
1412 1999 1579 2072 secundae
1592 1999 1663 2072 diei
1685 2024 1796 2099 opera
1816 2003 1853 2074 in

269 2121 504 2221 suspensione
514 2120 649 2193 scilicet
658 2121 884 2218 superiorum
896 2143 1072 2217 aquariam
1083 2120 1232 2193 minime
1243 2119 1446 2218 approbare
1456 2119 1601 2210 dicitur,
1615 2145 1729 2217 quum
1737 2145 1805 2192 nos
1816 2123 1853 2192 id

269 2242 419 2314 minime
425 2237 572 2313 laudare
578 2238 806 2334 saciat,oujus
815 2240 934 2336 operis
940 2238 1118 2312 rationem
1124 2236 1378 2310 velutilitatem
1387 2261 1616 2336 nequaquam
1623 2239 1850 2337 percipimus.

322 2387 341 2428 n
356 2363 402 2430 Et
416 2357 537 2430 divisit
553 2355 671 2429 lucem
687 2379 708 2428 a
722 2355 893 2428 tenebris.
907 2383 926 2424 u
944 2359 1023 2427 Hoc
1038 2369 1093 2428 est
1107 2357 1319 2455 operatione
1334 2380 1398 2458 sua
1414 2356 1612 2455 perlectum
1628 2357 1795 2428 discrevit
1808 2355 1855 2428 ab

271 2477 500 2576 imperfecto,
520 2491 556 2550 et
570 2476 782 2550 distinctum
798 2499 820 2548 a
835 2474 1000 2549 confuso.
1019 2476 1188 2576 Superius
1209 2491 1330 2549 autem
1346 2474 1410 2548 ubi
1426 2477 1476 2550 ait
1490 2457 1505 2548 ι’
1520 2506 1538 2544 u
1556 2476 1719 2574 Dixitque
1734 2480 1851 2548 Deus:

273 2599 376 2670 «Fiat
392 2598 470 2686 lux,
492 2611 529 2668 et
544 2596 638 2668 lacta
653 2609 707 2668 est
722 2594 801 2700 lux,
819 2623 838 2664 u
855 2595 902 2668 ad
919 2596 1111 2694 imperium
1126 2595 1275 2692 quidem
1291 2597 1357 2669 Dei
1373 2595 1492 2668 lucem
1506 2619 1583 2668 esse
1600 2596 1731 2668 saetam
1748 2621 1854 2669 mon-

270 2719 406 2793 stravit.
436 2718 502 2788 Hic
527 2741 613 2788 vero
629 2739 743 2813 quum
768 2715 835 2806 ait,
855 2744 873 2784 n
890 2727 927 2786 et
947 2714 1068 2787 divisit
1083 2715 1201 2788 lucem
1219 2739 1241 2788 a
1258 2714 1436 2804 tenebris,
1456 2743 1474 2782 u
1493 2739 1559 2814 per
1574 2715 1692 2813 ipsum
1709 2740 1855 2813 quoque

270 2839 366 2912 hauc
388 2835 656 2908 distinctionem
673 2859 843 2934 operum,
861 2857 972 2933 quam
987 2833 1105 2908 lucem
1119 2833 1294 2934 appellat,
1314 2834 1444 2908 factam
1461 2859 1537 2908 esse
1553 2835 1797 2924 demonstrat,
1816 2851 1855 2908 ut

261 2956 367 3030 'idem
383 2957 465 3053 ¹ipse
487 2953 641 3026 materiae
656 2967 798 3026 creator
810 2954 943 3052 pariter
959 2967 996 3026 et
1011 2953 1186 3025 formator
1206 2953 1434 3050 intelligatur,
1454 2955 1558 3053 eique
1580 2969 1657 3029 tota
1679 2955 1755 3028 laus
1781 2970 1854 3028 tam

272 3074 318 3148 dc
333 3073 514 3146 creatione
531 3073 686 3145 materiae
701 3095 812 3169 quam
828 3072 875 3145 de
891 3095 1043 3172 operum
1058 3070 1273 3158 formatione
1289 3071 1480 3145 tribuatur.

323 3221 341 3262 a
357 3174 624 3290 appellavitque
644 3189 761 3263 lucem
781 3189 896 3280 diem,
915 3205 950 3262 et
974 3189 1140 3262 tenebras
1161 3203 1352 3264 noctem.»
1371 3195 1449 3262 Hoc
1473 3205 1549 3281 est,
1576 3190 1657 3262 lecit
1679 3215 1760 3266 eam
1786 3191 1854 3268 hac

272 3311 512 3412 appellatione
528 3310 693 3407 dignam,
707 3325 748 3384 ut
758 3311 925 3386 videlicet
940 3311 1017 3409 ipsa
1034 3335 1186 3408 operum
1201 3310 1293 3384 lacta
1308 3311 1489 3384 distinctio
1506 3337 1571 3411 per
1585 3311 1855 3388 similitudinem

272 3433 348 3508 dies
364 3428 577 3529 appelletur,
595 3444 632 3502 et
648 3429 708 3502 illa
724 3455 803 3528 quae
818 3429 997 3528 praecessit
1021 3428 1185 3502 conlusio
1206 3453 1279 3502 nox
1302 3429 1454 3521 dicatur,
1472 3455 1551 3529 quae
1568 3425 1676 3510 etiam
1693 3435 1855 3532 superius

198 3595 204 3606 .
272 3551 427 3626 tenebre
441 3550 640 3624 dicebatur.

323 3701 341 3740 a
358 3675 403 3742 Et
419 3670 552 3743 lactum
569 3685 622 3742 cst
637 3695 786 3769 vespere
811 3683 847 3742 et
869 3693 976 3742 mane
1001 3670 1077 3742 dies
1099 3695 1204 3743 unus.
1223 3699 1240 3738 u
1261 3673 1364 3746 Diem
1391 3696 1504 3744 unum
1529 3671 1587 3744 hic
1613 3688 1718 3746 vocat
1741 3687 1855 3748 totam

272 3791 415 3864 illorum
440 3814 593 3888 operum
618 3791 683 3861 Dei
710 3791 1077 3878 consummationem,
1104 3792 1204 3887 prius
1229 3791 1265 3861 in
1293 3806 1413 3864 mente
1433 3791 1610 3885 habitam,
1630 3811 1666 3866 et
1687 3797 1724 3867 in
1746 3820 1854 3894 opere

272 3908 506 4008 postmodum
522 3920 618 3980 sexta
636 3904 695 3978 die
711 3905 941 4004 completam.
960 3910 1155 4004 Vesperam
1172 3922 1293 3980 autem
1310 3907 1416 4005 hujus
1434 3911 1543 3984 totius
1559 3914 1732 4010 temporis
1755 3915 1855 4011 quod

272 4029 331 4101 hic
350 4053 464 4101 uuum
484 4025 582 4098 diem
598 4023 770 4125 appellat,
790 4040 904 4104 totam
919 4024 1017 4106 illam
1034 4026 1282 4124 operationem
1302 4027 1367 4098 Dei
1386 4042 1515 4120 vocat,
1535 4029 1734 4102 secundum
1755 4037 1854 4130 quod

272 4149 371 4246 prius
387 4147 424 4218 in
441 4147 517 4244 ejus
533 4160 653 4217 mente
670 4143 821 4237 latebat,
840 4159 1034 4243 antequam
1049 4169 1114 4252 per
1132 4145 1299 4218 ellectum
1312 4146 1363 4221 ad
1383 4148 1500 4220 lucem
1516 4148 1691 4248 prodiret.
1710 4155 1758 4225 Ac
1774 4179 1852 4226 rur·

273 4292 332 4340 sus
348 4269 462 4366 ipsam
478 4265 644 4339 eamdem
661 4267 909 4364 operationem
934 4289 1040 4350 mane
1066 4281 1253 4365 nuncupat
1273 4267 1473 4340 secundum
1495 4268 1595 4366 quod
1621 4295 1730 4368 opere
1754 4289 1854 4379 post·
1908 4365 1915 4379 ι

272 4384 424 4457 modum
448 4382 627 4483 completa
650 4407 727 4456 sese
746 4381 921 4459 visibilem
936 4381 1101 4482 praebuit.
1122 4386 1259 4457 Divinae
1283 4386 1403 4484 itaque
1427 4388 1556 4459 mentis
1581 4404 1795 4499 cpnceptum
1817 4393 1873 4466 iu'
1922 4421 1926 4432 ¹

274 4503 509 4602 dispositione
527 4503 636 4575 futuri
655 4503 774 4602 operis
789 4527 976 4601 vesperam
992 4502 1095 4594 dicit,
1114 4527 1219 4576 mane
1236 4528 1322 4576 vero
1344 4504 1500 4604 appellat
1520 4501 1639 4611 ipsam*
1660 4526 1855 4608 conceptus
1896 4517 1901 4534 '

273 4621 366 4694 illius
383 4620 630 4721 operationem
646 4635 683 4693 et
697 4621 827 4693 divinae
843 4621 1086 4720 dispositionis
1100 4619 1266 4696 ellectum
1282 4623 1318 4694 in
1333 4649 1393 4695 sex
1407 4621 1533 4696 diebus
1550 4642 1851 4704 consummatum.

274 4744 396 4828 Quum
412 4742 531 4839 itaque
549 4739 692 4813 dicitur:
710 4771 727 4810 n
742 4746 786 4814 Et
802 4740 935 4814 lactum
951 4755 1005 4813 est
1019 4765 1166 4842 vespere
1183 4757 1219 4814 et
1235 4767 1341 4816 mane
1358 4741 1433 4816 dies
1451 4769 1562 4836 unus,
1577 4773 1594 4811 u
1615 4743 1684 4815 tale
1701 4760 1753 4817 est
1769 4773 1811 4820 ac
1827 4754 1856 4824 si

275 4857 474 4950 diceretur,
493 4858 619 4940 eadem
636 4875 690 4932 est
705 4861 886 4961 operatio,
903 4886 982 4960 quae
999 4861 1036 4932 in
1054 4877 1174 4934 mente
1195 4861 1261 4936 Dei
1286 4879 1456 4968 tauquam
1474 4863 1509 4935 in
1528 4887 1674 4964 vespere
1690 4867 1788 4965 prius
1805 4869 1856 4945 la·

312 5133 321 5162 ⁸
340 5135 436 5197 Gener„
447 5149 502 5202 esp.
514 5151 566 5187 nu
576 5173 582 5198 ,
593 5149 618 5187 v.
633 5137 673 5187 12.
