4536 6102
596 589 654 660 DE
679 588 847 661 SANCTO
873 589 1042 662 JOANNE
1067 591 1278 662 BAPTlSTA
1302 592 1464 664 SERMO.
1751 597 1821 672 587

244 729 473 825 praesumptio
489 729 608 801 videat
623 729 743 801 locum
760 753 936 826 occupare
953 729 1126 819 melioris,
1145 746 1180 802 et
1196 755 1260 828 per
1277 731 1512 802 ambitionem
1528 732 1750 830 sacrilegium
1766 762 1822 809 ra·

244 847 337 944 pinae
357 849 593 921 committere.
617 851 779 946 Denique
804 873 916 946 quum
937 850 1127 946 Apostolus
1148 849 1336 946 diligenter
1359 851 1569 948 episcopum
1595 851 1820 945 describens,

244 963 339 1035 dicat
353 969 362 1004 ¹
384 993 391 1035 :
414 995 431 1034 a
451 970 602 1064 Oportet
618 991 703 1063 ergo
719 969 929 1065 episcopum
946 967 1294 1065 irreprehensibilem
1311 993 1404 1056 esse,
1428 971 1534 1040 unius
1552 971 1670 1042 uxoris
1685 974 1818 1063 virum,

243 1082 443 1176 doctorem,
459 1111 533 1157 non
549 1087 735 1184 cupidum,
754 1113 825 1158 suae
840 1073 964 1160 domui
980 1087 1074 1160 hene
1091 1089 1334 1187 praepositum,
1349 1085 1440 1161 filios
1456 1088 1650 1161 habentem
1661 1092 1823 1166 subditos

243 1228 326 1274 cum
342 1207 442 1276 omni
459 1207 631 1279 castitate.
644 1208 680 1278 Si
696 1209 776 1305 quis
793 1223 911 1279 autem
929 1207 1054 1279 domui
1070 1234 1141 1280 sure
1157 1234 1307 1307 praeesse
1319 1209 1443 1296 nescit,
1458 1209 1644 1306 quomodo
1658 1211 1821 1283 Ecclesiae

242 1322 308 1393 Dei
325 1321 545 1418 diligentiam
561 1323 728 1397 habebit?
745 1330 897 1425 Oportet
913 1342 1033 1398 autem
1050 1327 1150 1398 illurn
1168 1342 1203 1398 et
1218 1328 1463 1399 testimonium
1475 1327 1608 1400 habere
1622 1328 1763 1400 bonum
1776 1330 1821 1401 ab

242 1442 297 1515 his
314 1447 376 1542 qui
391 1445 476 1516 soris
492 1460 595 1535 sunt,
615 1461 746 1518 utnon
764 1448 801 1519 irr
820 1447 1057 1545 opprobrium
1073 1446 1224 1536 incidat,
1244 1463 1312 1519 etc.
1335 1476 1353 1515 ιι

290 1565 401 1637 Multa
418 1567 455 1636 in
472 1566 713 1664 descriptione
729 1567 841 1657 illius,
861 1570 923 1666 qui
938 1567 1132 1667 episcopali
1148 1568 1277 1665 dignus
1294 1570 1339 1639 sit
1354 1567 1546 1655 electione,
1565 1593 1651 1640 cura
1664 1569 1824 1666 diligenti

242 1684 401 1782 collegit,
421 1712 462 1758 ex
479 1687 610 1785 quibus
626 1711 741 1785 pauca
757 1688 793 1758 iu
810 1687 910 1760 hune
932 1688 1052 1760 locum
1067 1688 1305 1778 contulimus,
1330 1687 1393 1759 sed
1415 1712 1456 1759 ea
1478 1713 1557 1786 quae
1572 1688 1734 1760 sufficere
1750 1712 1824 1758 cre·

241 1803 361 1878 dimus
378 1805 434 1878 his
449 1808 486 1878 iu
503 1810 769 1880 excusationem
785 1809 840 1879 sui
855 1809 1092 1906 praetendere,
1112 1810 1174 1906 qui
1199 1833 1238 1879 se
1254 1810 1385 1879 invitos
1402 1808 1447 1880 ad
1467 1809 1713 1906 episcopatum
1730 1807 1823 1879 trahi

241 1924 468 2022 profitentur.
488 1928 524 1997 si
541 1927 638 1998 enim
655 1927 809 2022 dixerint
824 1926 897 2016 his,
916 1928 1081 2026 aquibus
1097 1929 1302 2016 trahuntur,
1328 1954 1366 2000 se
1381 1928 1614 2026 apostolicam
1630 1953 1737 2025 super
1752 1927 1823 1998 hoc

240 2045 454 2115 sententiam
470 2044 561 2116 velle
577 2044 714 2134 audire,
729 2061 765 2116 et
778 2045 920 2142 qualem
937 2047 1018 2143 eligi
1034 2062 1200 2144 oporteat
1212 2048 1420 2145 episcopum
1438 2047 1575 2145 abipso
1591 2070 1821 2142 cognoscere,

241 2185 353 2256 quum
374 2163 521 2236 recitata
535 2188 579 2234 ex
594 2163 734 2260 integro
749 2165 854 2236 suerit
871 2163 917 2235 ab
934 2164 1105 2262 Apostolo
1121 2164 1263 2262 prolata
1279 2164 1471 2262 descriptio
1492 2194 1500 2234 ε
1520 2163 1630 2252 nulla,
1651 2165 1689 2234 ni
1705 2163 1820 2251 fallor,

241 2283 411 2379 reperiet,
430 2283 561 2379 quibus
576 2309 614 2355 se
631 2283 889 2356 rationabiliter
905 2286 1039 2382 poterit
1056 2309 1242 2374 excusare,
1266 2310 1340 2382 quo
1362 2285 1473 2381 magis
1493 2283 1722 2381 Apostolum,
1745 2285 1820 2354 imo

240 2402 404 2498 spiritum
419 2405 485 2473 Dei
501 2404 538 2474 in
554 2428 599 2475 eo
616 2404 841 2502 loquentem,
865 2429 974 2502 quarn
990 2407 1215 2477 coactionem
1234 2404 1425 2476 hominurn
1443 2403 1542 2500 sequi
1564 2401 1705 2474 debeat.
1725 2402 1822 2489 Quid

241 2537 294 2594 est
309 2526 406 2595 eninr
420 2525 520 2621 quod
536 2527 655 2598 statim
669 2527 705 2596 in
718 2527 796 2623 ipsa
809 2525 927 2597 fronte
943 2525 1193 2622 descriptionis
1209 2525 1378 2624 praemisit
1396 2552 1413 2591 a
1425 2521 1793 2622 irreprehensibilem?
1803 2551 1821 2590 ιι

241 2644 328 2730 Quis
344 2643 390 2714 de
411 2644 522 2715 salute
538 2663 602 2715 sua
618 2644 812 2730 sollicitus,
843 2642 914 2714 hoc
942 2641 1083 2731 auditu,
1110 2645 1229 2714 statim
1249 2643 1380 2740 pedem
1397 2667 1471 2712 non
1497 2640 1672 2738 retrahat,
1696 2657 1731 2712 et
1747 2667 1821 2713 non

241 2763 353 2858 magis
379 2761 466 2832 illud
493 2761 635 2834 alterius
663 2761 816 2859 apostoli
842 2749 979 2831 dictum
1006 2761 1167 2832 attendat
1184 2764 1221 2830 ἐ
1243 2789 1260 2827 u
1279 2765 1319 2830 ln
1346 2760 1466 2830 multis
1489 2762 1586 2830 enim
1609 2759 1825 2844 offendimus

240 2884 387 2955 omnes?
404 2911 423 2952 ιι
441 2887 586 2969 Quanto
603 2881 710 2952 etiam
737 2879 940 2976 diligentius
957 2878 1044 2950 illud
1061 2895 1114 2950 est
1137 2879 1415 2968 attendendum,
1437 2878 1538 2976 quod
1561 2878 1721 2950 seeundo
1742 2879 1823 2951 loco

241 3002 391 3097 adjecit:
415 3031 432 3070 ιι
451 3004 558 3072 unius
584 3001 704 3071 uxoris
728 3002 863 3089 virum,
886 3027 904 3065 ιι
924 3014 959 3070 et
984 3014 1066 3096 post
1087 2998 1237 3069 modum
1253 2999 1430 3069 rationem
1451 2998 1655 3096 supposuit,
1679 2998 1820 3070 diceus:

242 3147 260 3186 e
279 3118 473 3190 habentem
489 3117 582 3190 frlios
602 3117 765 3190 subditos
786 3143 869 3190 cum
885 3118 986 3189 omni
1002 3117 1174 3188 castitate.
1193 3118 1229 3187 Si
1245 3118 1325 3214 quis
1343 3131 1463 3189 autem
1478 3117 1605 3188 domui
1620 3141 1704 3206 suae,
1718 3133 1786 3188 etc.
1804 3147 1821 3184 ιι

239 3238 437 3309 Consulens
460 3239 593 3336 quippe
618 3238 786 3338 probatas
809 3239 845 3308 in
864 3237 992 3309 saeculo
1017 3261 1188 3335 personas
1208 3231 1254 3324 de
1277 3235 1476 3308 minoribus
1492 3236 1539 3308 ad
1556 3240 1692 3332 majora
1707 3253 1822 3308 trans·
1851 3271 1860 3279 ·

239 3357 428 3453 serrijuxta
437 3357 525 3428 illud
534 3357 772 3429 dominicum³
786 3386 794 3429 ε
813 3357 905 3445 «Qui
915 3355 1030 3428 fidelis
1044 3359 1111 3428 erit
1124 3357 1161 3427 in
1174 3357 1338 3444 minimo,
1354 3355 1468 3428 fidelis
1478 3358 1545 3428 erit
1555 3357 1636 3427 etin
1647 3357 1819 3452 majore»

237 3477 310 3548 hoc
325 3477 551 3575 potissimum
568 3477 702 3574 praebet
718 3477 924 3565 eonsilium,
943 3492 984 3547 ut
999 3477 1062 3573 qui
1077 3478 1114 3547 in
1135 3477 1365 3548 matrimonio
1379 3477 1486 3574 positi
1502 3476 1660 3566 fuerant,
1678 3491 1714 3547 et
1729 3478 1822 3548 circa

240 3595 474 3668 domesticam
497 3621 621 3668 euram
650 3597 744 3669 bene
774 3622 813 3668 se
840 3597 985 3693 gessisse
1015 3596 1158 3694 probati
1187 3612 1287 3684 sunt,
1319 3597 1421 3694 quasi
1449 3596 1643 3694 spiritalem
1674 3623 1823 3670 uxorem

220 3713 391 3802 ducant,
410 3729 446 3785 et
465 3715 655 3786 dominicae
675 3715 806 3786 domus
826 3727 950 3785 curam
971 3715 1177 3812 suscipiant.
1202 3715 1310 3802 Quod
1332 3729 1367 3787 et
1387 3717 1463 3812 ipse
1485 3716 1653 3787 dominus
1673 3717 1821 3813 proprio

240 3833 432 3906 declaravit
446 3835 622 3932 exemplo,
641 3828 753 3932 quun'r
769 3833 962 3906 duodecim
978 3834 1161 3932 apostolos
1175 3858 1409 3929 congregans,
1428 3860 1585 3931 quorum
1599 3835 1758 3934 episcopi
1774 3835 1823 3906 lo·

240 3975 322 4026 oum
338 3952 516 4044 obtinent,
529 3953 647 4025 nullos
665 3968 726 4024 aut
741 3953 956 4052 paucosnnisi
972 3951 1182 4048 conjugatos
1199 3953 1401 4049 assumpsit.
1418 3956 1461 4022 Et
1472 3955 1635 4049 quamvis
1645 3958 1821 4025 Joannem

239 4074 413 4169 virginem
434 4075 545 4172 magis
568 4098 676 4172 quarn
691 4079 834 4144 Petrum
850 4073 1017 4172 copulam
1038 4073 1244 4170 nuptiarum
1260 4071 1462 4170 expertum,
1481 4089 1517 4145 et
1534 4073 1659 4144 domui
1674 4100 1745 4145 suae
1759 4074 1821 4145 diu

239 4196 469 4293 praepositum
485 4195 665 4284 dilexerit,
683 4210 893 4267 nontamen
910 4193 1011 4264 illurn
1027 4195 1118 4265 sicut
1133 4194 1240 4264 istum
1256 4193 1455 4290 principem
1469 4193 1715 4291 apostolorum
1731 4219 1820 4266 con-

238 4315 362 4385 stituit.
383 4318 465 4402 Quo
486 4340 571 4412 ergo
593 4315 744 4412 quisque
764 4315 810 4386 de
830 4314 1030 4385 monastico
1050 4327 1144 4384 coetu
1164 4327 1365 4409 assumptus
1386 4312 1481 4385 eirca
1501 4337 1624 4384 curam
1647 4307 1764 4386 nitoris
1787 4331 1822 4385 et

238 4431 520 4504 domesticorum
535 4435 654 4504 minus
670 4432 843 4531 probatus
857 4447 923 4522 est,
939 4433 1050 4528 magis
1067 4432 1114 4504 ad
1130 4433 1375 4530 episcopatum
1389 4430 1558 4503 accedere
1572 4431 1737 4528 trepidet.
1749 4435 1820 4518 Qui

239 4555 347 4626 etiarn
373 4553 530 4625 doctoris
557 4553 715 4624 officium
740 4569 876 4650 quanto
903 4554 1020 4624 minus
1045 4568 1098 4624 est
1118 4568 1304 4650 expertus,
1325 4551 1425 4647 juxta
1439 4551 1528 4622 illud
1555 4553 1762 4648 Hieronymi
1779 4557 1789 4590 ⁸
1808 4581 1816 4624 r

242 4699 260 4738 ιι
272 4671 470 4743 Monachus
481 4697 555 4743 non
572 4671 746 4762 doctoris,
761 4673 824 4743 sed
840 4671 1039 4769 plangentis
1056 4670 1215 4742 officium
1227 4669 1349 4758 habet,
1367 4672 1429 4766 qui
1445 4695 1482 4741 se
1497 4670 1672 4741 mundum
1687 4669 1817 4766 lugeat,

240 4807 275 4863 et
294 4793 441 4864 Domini
463 4792 614 4890 pavidus
628 4793 850 4891 praestoletur
866 4793 1080 4880 adventum,
1099 4819 1117 4858 >r
1135 4807 1237 4863 tanto
1256 4791 1367 4886 magis
1383 4791 1523 4886 ignorat
1538 4791 1626 4887 quid
1644 4790 1819 4890 populum
1867 4883 1870 4890 .

274 5085 282 5112 ¹
302 5087 361 5138 Tim.
370 5089 397 5147 t,
408 5103 464 5155 cap.
475 5107 515 5152 ιιι,
527 5108 551 5143 ι.
562 5094 587 5144 2.
598 5117 630 5132 -
640 5090 649 5118 '
660 5091 736 5146 Jacob
747 5131 755 5156 ,
766 5107 818 5158 erp.
832 5109 872 5153 ιιι,
888 5110 910 5142 ι.
923 5095 944 5142 t.
960 5119 989 5128 -
1003 5089 1012 5118 ¹
1026 5089 1095 5148 Luc..
1114 5104 1168 5154 cap.
1181 5104 1232 5150 ιιι,
1244 5104 1268 5137 ιι.
1284 5090 1321 5144 1⁰.
1332 5112 1364 5124 —
1375 5085 1385 5113 ⁴
1395 5089 1456 5138 Δάν,
1481 5089 1649 5152 stertentium,
1672 5087 1733 5150 opp.
1748 5097 1764 5138 t.
1778 5085 1820 5154 tv,

242 5187 305 5242 part.
319 5177 354 5240 ll,
365 5177 414 5230 col.
425 5179 483 5230 288.
