4588 6106
778 693 783 704 ·
933 671 1171 744 ErlsrotAE.
1333 693 1338 704 ·
1771 661 1842 738 2⁰9

255 829 471 904 cognoscere
488 807 654 880 homines
674 807 923 905 dedignantur.
949 816 1043 884 Pene
1060 813 1178 887 nullus
1194 814 1283 892 scire
1300 813 1425 909 quaerit
1444 806 1725 908 quod-aredidiu
1742 833 1765 875 .»
1783 801 1845 874 -dd

255 926 354 1024 quod
383 928 489 1000 etiarn
519 928 712 1026 plurimum
733 929 829 1027 ipsos
858 945 893 1004 et
921 933 1150 1030 professionis
1177 933 1447 1037 strategulaet
1471 941 1673 1022 sanaturum
1689 941 1844 1026 patrum

256 1045 491 1123 adhortantur
512 1048 685 1148 exempla.
708 1049 801 1122 Nihil
820 1052 953 1150 quippe
972 1051 1017 1124 de
1037 1052 1199 1126 doctrina
1225 1053 1283 1134 rel
1305 1054 1423 1126 studio
1445 1067 1573 1126 centua
1589 1049 1844 1126 admonet-rte.-

258 1166 438 1256 nedictus,
460 1194 572 1267 quum
592 1171 668 1269 ipse
686 1169 885 1268 plurimum
898 1172 943 1244 de
959 1172 1110 1246 lectione
1128 1173 1348 1274 precipiat&
1370 1188 1404 1250 et
1417 1175 1499 1270 ipse
1511 1169 1841 1268 legendi'tempura,

256 1287 345 1359 sicut
358 1303 393 1360 ct
406 1288 619 1380 laborandi,
641 1289 828 1388 diligenter
846 1293 1018 1390 assignet,
1039 1309 1074 1364 et
1093 1294 1127 1364 in
1144 1309 1283 1366 tantum
1297 1294 1345 1364 de
1357 1295 1433 1398 ipsa
1449 1316 1594 1399 quoque
1612 1288 1769 1368 dldltndi
1781 1309 1843 1360 ⁵²1¹

257 1405 433 1480 scribendi
451 1409 615 1502 doctriua
632 1411 840 1510 provideat,
866 1427 904 1484 ut
927 1414 1018 1484 inter
1036 1415 1229 1493 necessaria
1248 1439 1326 1512 quae
1348 1411 1549 1520 alr-abbate
1574 1409 1845 1506 monachism-

256 1555 333 1602 rarc
347 1529 521 1624 debeant,
543 1532 681 1609 tabulas
699 1532 854 1607 etiamst
872 1535 1061 1634 graphium
1081 1563 1154 1610 non
1175 1537 1417 1635 poetermittat
1430 1539 1441 1574 ²
1470 1535 1668 1632 Qta';qt1ttm
1679 1533 1846 1633 interste-

256 1665 330 1724 tera
354 1652 501 1749 jubeat,
531 1654 633 1752 quod
659 1657 694 1726 in
720 1657 835 1754 capite
858 1658 1135 1754 quadragesimae
1154 1683 1280 1736 omnes
1297 1656 1475 1734 monachi.
1494 1653 1846 1752 singulos'acoipiatrt

255 1771 397 1845 codices
416 1798 460 1846 ex
487 1773 722 1864 bibliotheca,
743 1799 835 1873 quos
856 1777 1103 1874 perordinem
1123 1803 1166 1850 ex
1187 1780 1328 1876 integro
1345 1777 1484 1874 legant:³
1506 1803 1513 1846 ε
1535 1774 1620 1872 quid
1635 1772 1846 1868 hoc-magii

256 1891 508 1966 ridiculosum*
533 1919 642 1994 quam
661 1896 807 1972 lectioni
825 1921 973 1988 vacare,
995 1914 1031 1970 et
1050 1899 1288 1996 intelligentiae
1305 1923 1453 1997 operam
1481 1895 1692 1970 nondarei
1712 1899 1844 1969 llloturu

256 2013 388 2110 quippe
407 2029 458 2085 est
477 2013 564 2086 illud
582 2016 757 2113 Sapientis
777 2016 1008 2115 proverbium
1032 2047 1041 2088 :
1067 2049 1084 2086 u
1100 2024 1231 2116 Lagare
1254 2035 1289 2092 et
1319 2044 1393 2095 non
1423 2017 1637 2114 intelligere,
1665 2015 1844 2113 negligere

255 2149 318 2205 est.
338 2163 355 2200 n
369 2135 441 2206 Tali
456 2137 590 2236 quippe
604 2135 869 2219 lectorirnerito
882 2137 970 2210 illud
982 2139 1188 2239 philosophi
1206 2169 1214 2212 r
1229 2128 1300 2214 ln’
1320 2153 1384 2222 ὄνος
1400 2145 1511 2238 λύρας,
1526 2137 1844 2237 improperandum

256 2270 318 2326 est.
342 2259 451 2344 Quasi
469 2261 566 2330 enirn
582 2258 701 2330 asinus
717 2274 769 2330 est
788 2259 834 2334 ad
853 2257 966 2356 lyram
985 2257 1099 2332 lector
1116 2261 1245 2334 librum
1270 2275 1418 2350 tenens,
1441 2259 1478 2330 id
1502 2259 1553 2330 ad
1569 2257 1668 2355 quod
1689 2255 1849 2330 liberest

256 2374 367 2448 lactus
385 2402 490 2475 agere
507 2402 581 2449 non
604 2378 735 2450 valens.
761 2379 873 2452 Multo
895 2382 1003 2452 etiam
1021 2382 1197 2472 salubrius
1216 2380 1303 2454 tales
1323 2381 1475 2458 lectores
1492 2379 1578 2454 alias
1595 2377 1821 2452 intenderent
1836 2410 1844 2462 ,·

257 2496 316 2568 uhi
335 2497 470 2596 aliquid
489 2498 646 2572 utilitatis
668 2501 816 2592 inesset,
837 2526 946 2600 quam
971 2503 1085 2576 otiose
1107 2503 1162 2575 vel
1182 2504 1363 2601 scripturae
1380 2501 1513 2574 litteras
1532 2501 1768 2600 inspicerent,
1793 2499 1847 2573 uel

257 2617 336 2690 lolia
359 2634 551 2707 versarent.
573 2625 613 2692 ln
636 2621 766 2719 quibus
783 2623 945 2722 profecto
964 2622 1158 2696 lectoribus
1177 2623 1267 2697 illud
1287 2625 1382 2702 lsaiae
1403 2620 1848 2720 complerimanilnsterb

255 2737 403 2811 dtemus⁸
419 2770 426 2811 :
447 2771 464 2809 u
483 2743 625 2833 litent,
646 2773 663 2810 u
681 2744 814 2841 inquit,
832 2773 850 2812 u
864 2744 964 2816 vobis
978 2745 1066 2816 visio
1080 2747 1245 2818 omniurn
1257 2745 1347 2816 sicut
1361 2742 1470 2818 verba
1484 2741 1563 2815 libri
1577 2743 1847 2838 signati..Quem

255 2883 367 2956 quum
385 2861 551 2954 dederint
568 2864 692 2937 scienti
710 2864 864 2957 litteras,
887 2867 1029 2940 dicent:
1055 2872 1181 2964 «Lege
1199 2869 1326 2956 istum,
1348 2894 1366 2932 u
1394 2881 1428 2941 et
1448 2862 1708 2963 respondebit:
1733 2893 1751 2935 ι(
1770 2867 1848 2934 Non

257 3009 273 3046 «
296 3005 456 3078 possum.
478 2985 643 3082 Signatus
660 3001 713 3057 est
726 2988 835 3058 enim.
859 3013 875 3052 u
898 2964 940 3058 Et
953 2987 1096 3060 dabitur
1107 2987 1196 3060 liber
1206 2987 1378 3060 nescienti
1392 2985 1545 3074 litteras,
1562 2983 1772 3079 diceturque
1780 2983 1816 3057 ei
1835 3010 1842 3052 :

258 3105 404 3200 «Lege,
425 3133 441 3172 u
462 3120 496 3180 et
514 3105 746 3205 respondebit
766 3137 775 3180 ε
800 3138 818 3176 u
837 3109 961 3180 Nescio
980 3108 1124 3182 litteras.
1146 3137 1163 3176 u
1185 3113 1226 3180 Et
1236 3108 1332 3187 dixit
1346 3108 1586 3185 Dominus-:a
1607 3109 1655 3214 Eo
1670 3103 1845 3202 quodap-

258 3254 277 3292 u
295 3229 512 3327 propinquat
535 3232 690 3330 populus
706 3234 770 3305 iste
788 3259 851 3306 ore
869 3258 957 3324 stro,
982 3249 1016 3306 et
1036 3231 1136 3306 labiis
1155 3235 1227 3305 suis
1246 3231 1418 3330 glorificat
1438 3255 1516 3336 me,
1541 3255 1605 3304 cor
1627 3244 1745 3304 autem
1757 3227 1845 3322 ,ejus

258 3372 274 3410 u
297 3345 403 3444 longe
421 3366 474 3422 cst
491 3375 511 3421 a
532 3375 612 3441 me,
634 3367 669 3423 et
689 3353 884 3424 timuerunt
904 3379 962 3425 me
979 3352 1150 3426 mandato
1169 3352 1360 3427 hominurn
1378 3365 1413 3428 et
1439 3349 1639 3428 ‹taetriusr
1662 3349 1744 3422 ideo
1762 3371 1845 3421 once

258 3497 274 3532 u
296 3493 362 3564 ego
378 3468 510 3542 addam
529 3487 568 3544 ut
585 3470 859 3544 admirationem
877 3473 1004 3546 seciam
1026 3472 1162 3572 populo
1182 3473 1265 3544 huic
1283 3471 1455 3550 miraculo
1467 3470 1594 3569 grandi
1605 3485 1642 3542 et
1651 3468 1842 3567 stupendo.

259 3616 276 3654 u
296 3589 427 3664 Peribit
441 3593 537 3664 enim
554 3594 727 3692 sapientia
745 3619 766 3666 a
789 3594 1007 3693 sapientibus
1025 3594 1122 3690 ejus,
1146 3607 1182 3665 et
1200 3593 1398 3669 intellectus
1416 3590 1648 3691 prudentium
1674 3589 1749 3685 ejus
1771 3587 1847 3660 abs·

258 3737 274 3774 u
296 3711 484 3784 condetur.
504 3741 522 3782 u
546 3714 642 3785 Scire
668 3716 803 3813 quippe
821 3714 953 3786 litteras
982 3715 1019 3784 in
1042 3713 1206 3792 claustris
1225 3713 1393 3786 dicuntur
1405 3767 1421 3803 „
1440 3711 1646 3810 quicunque
1663 3709 1740 3780 illas
1760 3733 1845 3807 pro-

255 3828 344 3903 lerre
368 3833 581 3908 didicerunt.
604 3836 675 3923 Qui
694 3835 878 3934 prolecto,
902 3851 1077 3932 quantum
1106 3834 1152 3906 ad
1170 3833 1439 3930 intelligentiam
1460 3845 1615 3932 spectat„
1646 3854 1684 3904 se
1710 3831 1846 3910 nescire

255 3948 367 4048 legem
390 3953 620 4052 prolitentes,
650 3955 779 4028 librum
802 3955 864 4053 qni
884 3955 1035 4026 traditur
1055 3954 1189 4027 habent
1208 3955 1386 4052 signatum
1406 3979 1506 4051 aeque
1526 3952 1634 4032 utzilli
1656 3977 1748 4049 quos
1766 3952 1845 4023 illit-

256 4086 385 4147 teratos
403 4075 538 4148 ibidem
559 4077 696 4151 dicunt.
723 4082 823 4165 Quos
847 4077 995 4174 quidem
1013 4077 1190 4148 Dominus
1211 4099 1362 4173 arguens
1384 4075 1497 4164 dicit,
1518 4099 1586 4148 eos
1602 4097 1665 4145 ore
1683 4087 1717 4145 et
1744 4073 1845 4145 labiis

254 4194 503 4292 potiusquam
531 4197 641 4270 corde
663 4197 729 4271 sihi
758 4197 1068 4296 appropinquare3
1102 4196 1185 4292 quia
1208 4219 1289 4294 quae
1311 4195 1470 4294 prolerre
1496 4209 1677 4292 utcunque
1700 4192 1839 4280 valent,

254 4313 448 4413 intelligere
471 4318 617 4390 minime
635 4333 797 4416 possunt.
822 4316 1002 4405 Quidum
1027 4316 1234 4390 divinorum
1252 4315 1648 4414 eloquiorumscicna'a
1674 4329 1839 4404 careant,
1944 4333 1946 4336 ·

256 4437 364 4532 magis
383 4437 681 4510 consuetudinem
694 4438 885 4511 hominum
894 4463 1005 4535 quam
1021 4438 1204 4512 utilitatem
1219 4440 1400 4537 scripturn
1407 4435 1617 4512 obediendo
1630 4450 1839 4533 sequuntur.

258 4561 405 4658 Propter
422 4559 494 4632 hoc
511 4561 688 4632 Dominus
710 4585 773 4634 eos
791 4585 937 4659 qunque
961 4561 1024 4658 qui
1043 4563 1220 4659 sapientes
1237 4561 1330 4632 inter
1349 4585 1410 4632 eos
1429 4558 1595 4662 videntur
1615 4575 1659 4630 et.
1675 4533 1846 4632 doctores

254 4679 428 4768 resident,
450 4680 679 4754 excaecandos
698 4705 775 4754 esse
790 4681 1043 4754 comminatur.
1064 4683 1237 4757 Maximus
1250 4681 1414 4754 Ecclesiae
1436 4679 1621 4754 doctoret
1637 4681 1841 4752 monastice

253 4797 480 4897 professionis
508 4801 649 4891 honor,
679 4802 937 4899 Hieronymus,
965 4803 1028 4900 qui
1058 4827 1126 4874 nos
1153 4802 1199 4877 ad
1222 4825 1382 4875 amorem
1404 4801 1847 4903 litterarumsudhartansp

253 4919 346 4991 ait⁸z
371 4926 491 4994 «Ama
507 4923 693 4997 solentiam
713 4922 930 5014 litterarum,
947 4935 986 4996 et
1006 4922 1123 4996 carnis
1143 4923 1225 4996 vitia
1246 4922 1537 5012 naumachias»
1551 4921 1850 5020 qnantumlahoe

288 5231 294 5256 ¹
313 5227 410 5298 Regni,
423 5247 480 5300 cap.
494 5230 737 5299 xtrm.—'Regal.,
750 5247 808 5300 cap.
821 5249 857 5286 tr:
869 5231 1028 5299 -·.⁸.llagul.,
1064 5249 1087 5283 v.
1106 5234 1132 5290 ll
1149 5241 1175 5284 et
1190 5247 1228 5294 eq.
1242 5233 1294 5277 ·-·⁰
1308 5233 1384 5300 lipiat.
1399 5249 1456 5293 xcv,
1476 5236 1511 5286 od
1531 5234 1669 5291 num,
1685 5233 1778 5296 (ipat
1797 5233 1848 5297 ll',

254 5329 308 5381 cap.
328 5317 704 5371 earu-‘neumata
725 5316 862 5382 -⁸lsai.,
880 5331 937 5384 cap.
953 5333 1029 5380 un,
1063 5316 1211 5372 cailla.¹¹
1236 5333 1254 5376 υ,
1572 5331 1575 5339 “
1619 5329 1628 5356 l
1780 5348 1783 5359 ·

371 5423 383 5468 ι
1680 5407 1720 5466 27
