4600 6106
754 567 987 640 EXPOSl'llO
1013 567 1058 642 lN
1081 567 1375 643 fluxantuott.
1787 569 1857 644 643

274 709 404 784 mentis
419 723 456 782 et
472 708 639 781 effectum
654 711 775 808 operis
790 707 1010 805 accepimus,
1031 709 1080 780 ita
1097 709 1221 780 tamin
1238 707 1309 780 hoc
1327 708 1409 782 loco
1429 732 1539 807 quam
1554 708 1592 780 in
1609 711 1743 782 meris
1758 710 1860 783 intel·

274 831 458 929 ligendum
484 845 550 903 est.
583 829 665 902 Tale
688 844 741 900 est
770 853 855 926 ergo
884 852 997 925 quum
1021 829 1059 900 in
1084 829 1153 902 hac
1181 830 1469 928 operatione-vel
1492 831 1529 902 in
1557 831 1691 903 caeteris
1713 831 1857 922 dicitur,
1892 902 1900 913 ,

277 979 296 1020 a
310 952 444 1024 lactum
468 965 522 1023 est
545 973 693 1048 vespere
714 964 750 1020 et
774 971 881 1020 mane
905 946 1118 1038 diesunus,
1139 977 1158 1017 u
1184 964 1359 1047 tanquam
1376 950 1405 1020 si
1425 950 1605 1038 diceretur
1619 949 1725 1047 hujus
1742 953 1860 1050 operis

275 1071 422 1144 ell'eetus
439 1071 501 1168 qui
519 1093 584 1170 per
601 1069 696 1140 hanc
714 1066 811 1144 diem
828 1067 1048 1164 designatur,
1066 1068 1116 1139 ita
1135 1068 1182 1140 ad
1204 1091 1311 1142 maus
1331 1069 1529 1168 productus
1550 1071 1641 1142 sicut
1659 1071 1695 1142 in
1713 1095 1863 1170 vespera

276 1191 357 1278 luit,
388 1192 459 1263 hoc
487 1204 540 1264 est
564 1191 613 1261 ita
639 1188 770 1261 visibili
797 1213 906 1288 opere
930 1188 1149 1287 completus,
1178 1190 1270 1262 sicut
1294 1190 1333 1262 in
1357 1206 1478 1263 mente
1501 1191 1624 1264 divina
1650 1193 1769 1290 primo
1797 1191 1863 1264 fuit

276 1313 490 1411 dispositus,
519 1326 691 1410 tanquam
710 1311 837 1383 eadem
857 1311 903 1384 sit
925 1312 1102 1384 sententia
1119 1312 1291 1409 cujusque
1313 1313 1433 1410 operis
1456 1313 1492 1384 in
1517 1315 1720 1386 novissimis
1745 1315 1864 1387 verbis

276 1455 355 1530 quae
371 1433 408 1504 iu
425 1431 607 1531 prioribus
620 1433 722 1529 quasi
739 1431 785 1502 ad
802 1431 1019 1530 principium
1033 1431 1116 1503 finis
1132 1431 1337 1504 reducatur.
1358 1431 1458 1504 ldcm
1470 1435 1604 1532 quippe
1620 1451 1674 1507 est
1689 1450 1864 1534 quantum

277 1551 323 1624 ad
349 1576 514 1642 sensum,
541 1574 654 1650 quum
677 1553 714 1623 in
737 1550 886 1648 singulis
908 1551 1079 1650 operibus
1101 1551 1342 1650 praemittitur,
1360 1552 1449 1625 dixit
1472 1554 1568 1626 Deus
1593 1582 1601 1625 ι
1626 1556 1703 1628 Fiat
1717 1556 1806 1646 hoc,
1829 1573 1866 1630 et

277 1673 478 1746 factumest
494 1699 502 1744 ε
522 1672 623 1770 quod
639 1688 675 1745 et
691 1673 728 1765 in
745 1671 818 1744 fine
833 1667 1062 1770 subponitur,
1082 1695 1193 1769 quum
1211 1672 1343 1745 dieitur
1359 1673 1444 1771 quia
1459 1674 1565 1770 hujus
1581 1674 1654 1747 diei
1665 1675 1798 1748 factum
1812 1693 1866 1749 est

275 1815 424 1890 vespere
440 1806 476 1863 et
491 1815 598 1864 mane
617 1791 694 1864 dies
713 1813 823 1881 unus,
845 1789 917 1862 hoc
934 1805 988 1863 est
1009 1790 1115 1887 hujus
1133 1793 1353 1890 operationis
1375 1791 1599 1892 complexio,
1625 1795 1718 1866 sicut
1732 1795 1808 1890 ejus
1828 1797 1865 1866 in

276 1913 353 1984 Deo
370 1926 597 2010 praecesserat
613 1912 814 2010 dispositio.
835 1910 1043 1982 Notandum
1060 1933 1165 2001 vero,
1184 1927 1225 1984 ut
1237 1936 1347 2011 supra
1359 1935 1508 2010 quoque
1523 1913 1771 2004 meminimus,
1791 1939 1865 1986 non

277 2033 326 2104 ita
343 2032 379 2103 in
397 2030 467 2102 hae
483 2029 543 2102 die
558 2030 628 2104 dici
650 2056 659 2102 ε
680 2059 698 2098 n
714 2033 759 2100 Et
774 2029 864 2101 vidit
889 2034 985 2102 Deus
1008 2029 1107 2128 quod
1129 2047 1222 2102 esset
1243 2031 1403 2120 bonum,
1422 2061 1439 2099 u
1464 2032 1556 2103 sicut
1571 2033 1609 2102 in
1626 2033 1778 2121 ceteris,
1797 2029 1867 2104 hoc

278 2164 332 2222 est
350 2173 426 2221 nou
443 2151 492 2221 ita
507 2153 625 2221 Deum
641 2148 860 2248 approbasse
878 2151 1125 2246 operationem
1141 2147 1248 2245 hujus
1263 2149 1336 2220 diei
1355 2149 1447 2220 sicut
1462 2148 1700 2248 reliquorum,
1719 2165 1869 2250 propter

278 2295 360 2343 eam
375 2271 541 2344 videlicet
556 2293 701 2344 causam
722 2289 832 2368 quam
849 2270 925 2365 jam
944 2269 1186 2359 reddidimus,
1204 2269 1276 2340 hoc
1295 2285 1349 2342 est
1364 2291 1477 2367 quum
1495 2271 1660 2342 nondum
1680 2295 1750 2343 nos
1764 2271 1869 2342 saciat

278 2392 374 2466 Deus
388 2392 510 2464 videre
526 2391 614 2488 quid
629 2390 720 2463 boni
735 2391 793 2463 vel
808 2390 969 2463 utilitatis
984 2389 1117 2462 habeat
1140 2384 1201 2461 illa
1221 2390 1448 2488 superiorum
1469 2413 1645 2488 aquarum
1664 2391 1865 2488 suspersio.

277 2509 348 2582 Sed
364 2534 431 2581 nee
446 2511 511 2582 ista
528 2511 661 2583 divisio
676 2533 851 2609 equanam
871 2508 978 2581 laude
993 2509 1104 2604 digna
1123 2509 1199 2581 visa
1222 2524 1293 2599 est,
1318 2529 1431 2607 quum
1451 2510 1617 2582 nondum
1632 2532 1734 2607 aquae
1749 2508 1871 2580 divisae

278 2631 329 2701 ita
345 2628 529 2700 collocatae
544 2641 584 2700 et,
596 2627 759 2700 stabilitae
774 2643 894 2718 erant,
913 2642 953 2698 ut
967 2648 1210 2724 permansura
1231 2627 1390 2716 fuerant,
1413 2643 1449 2699 et
1464 2629 1706 2700 necessarium
1727 2643 1803 2699 erat
1823 2626 1869 2699 ad

279 2737 502 2821 creationem
517 2771 638 2820 rerum
655 2748 868 2822 suturarum.
888 2746 1015 2818 Adhuc
1035 2749 1132 2818 enim
1152 2747 1339 2820 inferiores
1356 2769 1457 2846 aquae
1475 2750 1513 2820 in
1530 2769 1644 2819 unum
1661 2763 1765 2838 crant
1779 2771 1869 2818 oon·

279 2867 486 2964 gregandae,
502 2883 542 2939 ut
555 2881 744 2966 appareret
759 2867 871 2938 arida.
891 2867 1055 2964 Denique
1072 2886 1140 2938 nec
1155 2865 1253 2938 illam
1269 2867 1495 2965 corporalem
1514 2867 1741 2964 superiorum
1757 2890 1868 2965 aqua·

280 3011 361 3058 rum
382 2987 675 3086 suspensionem,
705 3001 745 3059 ut
765 2988 973 3058 universum
993 2987 1176 3084 operirent
1195 2987 1391 3076 mundum,
1414 2985 1672 3058 commendare
1692 2985 1869 3084 Propheta

280 3107 412 3198 voluit,
431 3107 627 3206 providens
643 3107 862 3206 baptismum
879 3107 916 3178 in
933 3109 1037 3205 aquis
1053 3107 1213 3179 diturum
1229 3107 1276 3180 ad
1291 3107 1490 3205 ‹pramlibet
1505 3123 1739 3207 peecatorum
1752 3107 1871 3179 multi·

281 3227 444 3301 tudinem
463 3229 697 3328 operiendam
715 3230 755 3300 in
768 3229 824 3300 bis
841 3228 1075 3327 superpositis
1091 3229 1192 3326 aquis
1209 3227 1367 3326 figurari.

926 3453 971 3499 DE
995 3453 1119 3498 mna
1143 3452 1214 3500 niu.

332 3621 350 3660 a
365 3594 462 3665 Dixit
477 3617 563 3666 vero
580 3595 676 3666 Deus
692 3597 989 3691 :congregentur
1005 3613 1119 3691 aquae.
1142 3619 1160 3660 u
1179 3591 1390 3665 lnleriorem
1407 3605 1509 3666 terrm
1524 3595 1726 3692 regionem,
1747 3595 1784 3666 in
1801 3617 1873 3691 qua

272 3708 469 3785 ‘hominem
486 3718 582 3786 Deus
598 3728 781 3785 creaturus
798 3729 834 3784 et
849 3713 1090 3785 collocaturus
1107 3727 1183 3785 erat
1204 3715 1254 3802 ei,
1277 3726 1387 3810 prout
1406 3715 1646 3786 necessarium
1665 3729 1758 3803 erat,
1782 3735 1872 3812 pre·

282 3848 401 3930 parat,
430 3831 647 3904 inundantes
670 3831 836 3903 videlicet
853 3855 963 3928 aquas
989 3853 1010 3903 a
1033 3831 1221 3929 superficie
1243 3847 1344 3904 terrae
1360 3834 1601 3924 removendo,
1625 3849 1733 3932 atque
1758 3835 1872 3933 ipsam

282 3967 414 4025 terram
430 3951 552 4024 herbis
568 3967 603 4024 et
619 3952 807 4024 arboribus
823 3951 1065 4023 venustando.

334 4101 352 4141 α
364 4077 452 4160 Quae
467 4071 535 4144 sub
551 4072 642 4144 coelo
659 4087 755 4144 sunt.
771 4102 789 4140 »
808 4077 885 4144 Hoc
901 4071 1033 4144 dicitur
1049 4070 1097 4144 ad
1113 4069 1353 4145 differentiam
1369 4095 1494 4146 earum
1509 4097 1588 4172 quae
1604 4097 1712 4174 super
1724 4075 1868 4164 coelum,

283 4190 320 4263 id
338 4209 391 4264 est
407 4191 698 4279 firmamentum,
717 4215 896 4292 suspensae
912 4205 1007 4263 sunt.

334 4342 352 4382 a
367 4319 408 4384 ln
424 4313 546 4386 locum
561 4337 689 4386 unum.
708 4341 726 4381 a
745 4317 823 4386 Hoc
839 4328 909 4404 est,
932 4327 973 4385 ut
992 4335 1068 4385 non
1086 4313 1162 4410 jam
1181 4326 1297 4386 totam
1320 4315 1532 4412 cooperiant
1553 4329 1704 4404 terrain,
1726 4313 1789 4388 sed
1815 4339 1872 4387 ce·

284 4434 410 4505 dentes
426 4435 462 4505 in
481 4455 593 4505 unam
608 4448 747 4532 partem
763 4447 882 4522 terrae,
902 4431 1008 4505 aliam
1023 4431 1258 4505 habitabilem
1274 4431 1470 4531 praebeant.

336 4581 353 4620 c
370 4557 589 4650 Factumque
607 4566 660 4624 est
675 4553 737 4625 ita.
756 4581 773 4620 u
792 4551 833 4624 ld
850 4566 904 4626 est
919 4551 1130 4624 cedentibus
1147 4553 1247 4650 aquis
1268 4554 1306 4624 in
1327 4575 1438 4624 unam
1459 4565 1598 4650 partem
1618 4566 1738 4643 terrae,
1760 4552 1872 4626 altera

285 4675 425 4746 detecta
453 4689 523 4764 cst,
555 4675 646 4746 sicut
671 4673 846 4772 seriptum
873 4688 928 4746 est
951 4702 960 4746 :
983 4675 1090 4762 «Qui
1111 4673 1275 4746 fundavit
1294 4687 1426 4746 terram
1448 4697 1556 4772 super
1582 4695 1705 4772 aquas.
1724 4703 1743 4744 u
1762 4677 1871 4762 Quasi

285 4791 383 4866 enim
401 4791 527 4891 aliquis
544 4792 672 4890 globus
688 4794 738 4867 ita
754 4795 791 4866 in
809 4819 903 4892 aqua
919 4795 1170 4882 constituatur,
1189 4807 1229 4866 ut
1244 4816 1316 4867 una
1331 4807 1421 4892 pars'
1430 4795 1506 4891 ejus
1521 4795 1804 4892 superemineat3
1823 4797 1870 4869 ita

287 4914 344 4986 ille
362 4912 488 5010 globus
504 4929 607 4987 terrae
623 4916 660 4986 in
678 4916 780 5012 aquis
796 4915 944 5005 insedit,
961 4931 1002 4989 ut
1016 4941 1060 4988 ex
1075 4937 1148 4988 una
1168 4929 1268 5014 parte
1283 4937 1366 4987 eum
1383 4939 1482 4987 mare
1497 4917 1738 5013 contingeret,
1756 4933 1793 4990 et
1807 4941 1872 5018 per

287 5059 398 5108 venas
414 5036 489 5132 ejus
506 5061 544 5107 se
561 5035 787 5126 infunderet,
807 5036 904 5109 unde
918 5036 1023 5108 nobis
1040 5036 1157 5108 sontes
1175 5036 1232 5108 vel
1248 5036 1399 5109 flumina
1414 5049 1658 5110 nascerentur.
1674 5039 1782 5135 Cujus
1797 5040 1874 5136 qui·

289 5156 373 5228 dem
390 5157 498 5228 maris
519 5179 612 5255 aqua
634 5158 671 5228 in
695 5181 810 5230 unum
836 5158 947 5230 modo
970 5173 1185 5256 congregata
1208 5157 1423 5256 profundior
1448 5159 1540 5232 lacta
1565 5173 1619 5233 est
1643 5182 1753 5258 quam
1773 5161 1872 5260 prius
