4522 6104
442 531 515 604 692
1037 531 1166 604 Pll'l'Rl
1193 533 1429 607 temtator

440 695 554 770 quum
572 671 767 769 respexeris
783 693 864 742 eam
880 669 1029 769 lippam.
1054 675 1279 746 Nocturnum
1296 675 1358 746 Iia
1371 674 1579 770 conjugium
1596 671 1736 762 habuit,
1754 673 1857 770 quasi
1872 671 1951 746 talis
1967 698 2028 746 co·

439 791 525 891 pula
541 792 620 863 luce
637 791 745 886 digna
762 815 837 862 non
856 791 973 862 fuerit.
995 793 1177 880 Quamdiu
1192 795 1319 866 sterilis
1331 794 1461 866 Rachel
1478 795 1688 893 permansit,
1706 793 1897 866 incolumis
1910 796 1996 866 vixit
2016 824 2024 866 :

440 914 593 986 fecunda
609 913 844 1012 postmodum
860 913 965 1004 facta,
985 916 1134 1014 proprio
1153 931 1260 1015 partu
1273 931 1328 988 est
1345 917 1512 988 extincta.
1532 921 1583 988 Ex
1597 941 1671 1014 quo
1687 929 1851 1014 patenter
1867 917 2028 988 innuitur

438 1058 547 1132 quam
563 1033 763 1133 periculose
780 1034 831 1122 id,
850 1035 947 1105 unde
960 1035 1176 1130 gloriamini,
1195 1038 1408 1137 suscipiatur
1425 1065 1432 1106 :
1452 1051 1488 1108 et
1503 1036 1604 1134 quod
1619 1036 1695 1108 haec
1712 1036 1837 1133 gloria,
1849 1037 1952 1108 ruina
1964 1062 2028 1135 po-

437 1155 507 1225 tius
523 1155 597 1225 sive
614 1153 767 1250 dejectio
783 1179 894 1251 quam
908 1154 1075 1228 exaltatio
1091 1158 1137 1228 sit
1153 1157 1320 1230 dicenda.
1340 1161 1505 1245 Quorum
1518 1158 1666 1255 quidem
1683 1157 1822 1230 facilem
1839 1181 1975 1246 casum,
1993 1173 2027 1229 et

436 1274 679 1373 periculosum
689 1298 890 1364 ascensum,
899 1275 999 1371 juxta
1010 1276 1099 1348 illud
1116 1277 1324 1350 Psalmistae¹
1339 1305 1347 1348 ε
1362 1307 1381 1346 u
1394 1278 1561 1374 Dejecisti
1572 1303 1635 1350 eos
1647 1278 1735 1350 dum
1745 1277 2024 1368 allevarentur,>›

436 1395 563 1469 beatus
581 1396 820 1492 Hieronymus
837 1397 1039 1486 attendens,
1057 1399 1218 1496 quodam
1234 1397 1316 1470 loco
1333 1397 1384 1470 ad
1399 1397 1627 1470 Heliodorum
1644 1399 1865 1471 monachum
1880 1399 1937 1470 his
1947 1401 2027 1470 scri·

436 1516 490 1588 bit
507 1515 665 1588 verbis’:
689 1516 830 1603 «Quod
845 1517 876 1587 si
895 1531 929 1588 te
946 1542 1092 1615 quoque
1103 1518 1149 1590 ad
1166 1517 1335 1590 eumdem
1352 1518 1518 1590 ordinem
1534 1519 1594 1616 pia
1614 1518 1762 1590 fratrum
1779 1517 2026 1590 blandimenta

436 1635 646 1725 sollicitant,
671 1635 836 1732 gaudebo
855 1635 901 1708 de
920 1662 1083 1728 ascensu,
1102 1637 1167 1709 sed
1183 1636 1321 1709 timebo
1337 1638 1383 1709 de
1399 1637 1515 1736 lapsu.
1533 1666 1550 1704 u
1573 1637 1674 1709 Idem
1687 1636 1854 1710 adversm
1867 1638 2025 1736 Vigilan-

436 1759 523 1828 tium
540 1755 722 1845 solitarie,
740 1755 812 1826 hoc
828 1771 882 1827 est
898 1757 1104 1829 monasticae
1120 1758 1200 1828 vitae
1215 1758 1443 1830 securitatem
1459 1756 1733 1846 commendans,
1752 1758 1821 1829 ait⁸
1840 1785 1849 1828 ε
1869 1786 1888 1824 u
1903 1761 1992 1847 Cur,
2007 1785 2023 1821 u

436 1878 593 1975 inquies,
619 1877 769 1976 «pergis
789 1877 836 1949 ad
857 1880 1039 1949 eremum?
1061 1877 1234 1950 Videlicet
1251 1892 1291 1949 ut
1307 1893 1342 1949 te
1358 1903 1434 1949 non
1451 1877 1616 1967 audiam,
1635 1902 1711 1949 non
1727 1877 1888 1967 videam,
1908 1892 1948 1948 ut
1964 1891 2025 1948 tuo

436 1997 556 2068 furore
572 2021 647 2069 non
665 2021 825 2088 movear,
845 2012 886 2068 ut
900 2012 962 2068 tua
978 1996 1072 2068 bella
1090 2023 1165 2068 non
1182 1998 1311 2096 patiar,
1330 2022 1377 2068 ne
1392 2023 1451 2068 me
1469 1997 1587 2094 capiat
1605 1995 1731 2068 oculus
1748 1997 1963 2085 meretricis,
1982 2021 2025 2068 ne

406 2209 413 2226 ἱ
434 2118 550 2190 forma
566 2116 809 2217 pulcherrima
832 2118 878 2189 ad
898 2117 1039 2189 illicitos
1060 2116 1170 2188 ducat
1190 2116 1387 2215 amplexus.
1412 2116 1659 2216 Respondebis
1677 2145 1685 2188 ε
1704 2121 1781 2188 Hoc
1798 2141 1874 2188 non
1891 2132 1945 2188 est
1959 2141 2025 2214 pu-

434 2263 556 2335 gnare,
576 2237 641 2310 sed
657 2237 791 2334 fugere.
810 2241 871 2310 Sta
886 2239 924 2308 in
942 2238 1030 2326 acie,
1046 2236 1256 2308 adversariis
1272 2252 1431 2308 armatus
1447 2234 1599 2326 obsiste;
1618 2251 1659 2308 ut
1675 2252 1870 2336 postquam
1885 2236 2022 2327 viceris,

434 2359 633 2430 coroneris.
652 2363 780 2430 Fateor
796 2356 1078 2430 imbecillitatem
1094 2381 1213 2429 meam
1233 2385 1242 2428 ε
1262 2357 1349 2430 nolo
1368 2383 1432 2457 spe
1447 2383 1609 2456 pugnare
1625 2359 1801 2448 victoriae,
1815 2383 1862 2429 ne
1877 2357 2025 2455 perdam

434 2478 629 2578 aliquando
654 2479 857 2551 victoriam.
886 2480 922 2574 Si
946 2478 1093 2575 fugero,
1117 2478 1276 2575 gladium
1298 2479 1454 2552 devitavi
1474 2508 1482 2551 ε
1501 2481 1532 2551 si
1550 2495 1703 2569 stetero,
1727 2495 1790 2552 aut
1807 2479 2024 2551 vincendum

435 2599 526 2672 mihi
543 2614 609 2688 est,
629 2614 692 2671 aut
708 2599 926 2672 cadendum.
944 2598 1040 2685 Quid
1056 2613 1177 2670 autem
1193 2623 1338 2670 necesse
1354 2613 1452 2670 certa
1468 2597 1661 2690 dimittere,
1675 2614 1711 2670 et
1726 2599 1863 2670 incerta
1877 2597 2023 2670 sectari?

434 2727 503 2794 Aut
518 2736 641 2810 scuto,
661 2735 724 2792 aut
745 2719 900 2818 pedibus
916 2744 1015 2792 mors
1028 2719 1176 2792 vitanda
1192 2734 1257 2791 est.
1276 2723 1345 2809 Tu,
1366 2721 1429 2816 qui
1448 2743 1605 2817 pugnas,
1622 2734 1658 2790 et
1673 2720 1835 2818 superari
1850 2733 1970 2817 potes,
1990 2733 2026 2791 et

431 2843 589 2914 vincere.
610 2845 686 2937 Ego
698 2865 811 2938 quum
831 2840 968 2938 fugero,
986 2866 1062 2912 non
1078 2841 1205 2911 vinco*
1222 2840 1259 2910 in
1276 2865 1320 2911 eo
1337 2839 1439 2937 quod
1453 2839 1564 2936 fugio,
1582 2838 1647 2911 sed
1663 2839 1746 2912 ideo
1764 2839 1876 2936 fugio,
1890 2863 1937 2909 ne
1953 2839 2026 2910 vin·

432 2986 506 3034 car.
527 2960 629 3033 Nulla
644 2961 815 3032 securitas
832 2975 904 3050 est,
917 2960 1038 3032 vicino
1059 2973 1225 3058 serpente
1243 2958 1415 3030 dormire.
1439 2963 1559 3031 Potest
1580 2957 1675 3050 lieri,
1698 2973 1738 3030 ut
1754 2983 1813 3030 me
1830 2982 1906 3029 non
1925 2982 2022 3029 mor·

433 3082 517 3154 deat
537 3110 545 3152 ε
564 3095 685 3153 tamen
714 3094 834 3179 potest
857 3078 952 3170 fieri,
978 3094 1018 3151 ut
1043 3078 1239 3177 aliquando
1262 3105 1320 3151 me
1342 3079 1556 3152 mordeat.»
1582 3079 1682 3152 Idem
1704 3077 1755 3150 ad
1778 3083 1958 3150 Oceanwr
1979 3075 2023 3148 de

432 3219 549 3276 morte
565 3202 718 3276 Fabiolae
735 3229 744 3272 ε
767 3205 932 3274 «Caveat
948 3201 1133 3298 religiosus
1149 3201 1200 3272 ibi
1218 3201 1357 3290 vivere,
1375 3199 1440 3272 ubi
1467 3224 1612 3272 necesse
1635 3199 1767 3272 habeat
1782 3198 1948 3296 quotidie
1964 3211 2025 3270 aut

431 3326 565 3422 perire,
596 3338 658 3395 aut
686 3324 844 3394 vincere.
882 3322 1048 3393 Securius
1075 3321 1173 3392 enim
1199 3336 1253 3392 est
1282 3321 1400 3419 perire
1433 3344 1509 3390 non
1537 3343 1662 3418 posse,
1696 3342 1808 3417 quam
1831 3319 1933 3414 juxta
1965 3340 2024 3414 pe·

431 3443 585 3515 riculum
618 3468 693 3516 non
729 3443 858 3541 perire.
879 3470 898 3510 u
938 3446 1040 3513 Hanc
1072 3457 1108 3512 et
1138 3445 1273 3513 Seneca
1304 3440 1481 3512 maximus
1517 3439 1575 3512 ille
1605 3464 1750 3512 morum
1786 3436 2032 3537 philosophus

431 3563 646 3635 sententiam
662 3576 807 3650 tenens,
830 3574 866 3630 et
886 3560 937 3630 sic
957 3559 1207 3659 philosophari
1223 3559 1359 3632 Lucilio
1376 3585 1443 3632 suo
1460 3559 1671 3648 consulens,
1691 3560 1740 3630 ait
1755 3558 2018 3656 Epistularum,

431 3706 520 3780 quas
542 3681 589 3753 ad
614 3705 698 3752 eum
713 3678 855 3768 scribit,
873 3679 1170 3776 quinquagesima
1185 3680 1311 3752 tertia⁸
1331 3707 1339 3751 ε
1360 3682 1472 3751 «Non
1489 3693 1630 3752 tantum
1646 3679 1812 3778 corpori,
1831 3679 1896 3751 sed
1916 3678 2022 3749 etiam

432 3803 594 3875 moribus
606 3800 788 3873 salubrem
804 3801 926 3872 locum
942 3800 1071 3898 eligere
1088 3800 1275 3874 debemus.
1295 3801 1336 3874 ld
1349 3825 1454 3898 agere
1471 3800 1666 3890 debemus,
1685 3816 1725 3872 ut
1739 3801 1964 3872 irritamenta
1974 3800 2024 3870 vi·

430 3926 562 3996 tiorum
579 3947 690 4022 quam
705 3921 910 4019 longissime
926 3921 1185 4019 profugiamus.
1205 3921 1434 3994 Indurandus
1451 3936 1504 3994 est
1519 3922 1682 4012 animus,
1703 3935 1739 3992 et
1753 3945 1775 3992 a
1789 3919 2021 3993 blandimen-

429 4047 474 4118 tis
490 4045 717 4144 voluptatum
733 4042 861 4143 procul
878 4040 1153 4114 abstrahendus.
1174 4047 1254 4113 Una
1270 4041 1509 4114 Hannibalem
1524 4041 1678 4113 hiberna
1688 4039 1895 4129 solverunt,
1913 4054 1950 4110 et
1967 4039 2021 4110 in-

429 4166 609 4238 domitum
629 4163 731 4235 illum
748 4162 892 4235 nivibus
910 4177 1018 4261 atque
1034 4162 1183 4261 Alpibus
1198 4163 1318 4233 virum
1334 4176 1597 4235 enervaverunt
1619 4161 1780 4234 fomenta
1803 4159 2018 4258 Campaniae.

429 4287 544 4358 Armis
559 4286 662 4375 vicit,
680 4285 776 4355 vitiis
790 4284 906 4356 victus
926 4298 992 4356 est.
1017 4282 1126 4355 Nobis
1147 4308 1294 4381 quoque
1314 4283 1544 4357 militandum
1561 4300 1634 4372 est,
1653 4298 1690 4356 et
1710 4282 1871 4382 quodam
1893 4305 2021 4378 genere

429 4407 578 4497 militias,
597 4431 672 4504 quo
693 4428 881 4502 nunquam
895 4404 1011 4476 otium
1027 4403 1145 4476 datur.
1165 4403 1394 4476 Debellandae
1409 4419 1494 4476 sunt
1506 4405 1682 4503 imprimis
1692 4403 1895 4502 voluptates
1907 4431 1915 4472 :
1928 4425 2019 4498 quae,

428 4542 468 4600 ut
478 4527 592 4616 vides,
604 4550 696 4599 saeva
707 4549 853 4622 quoque
865 4524 912 4597 ad
928 4549 966 4596 se
984 4524 1128 4621 ingenia
1138 4539 1348 4623 rapuerunt.
1370 4525 1407 4595 Si
1419 4524 1499 4622 quis
1514 4523 1583 4596 sibi
1598 4524 1828 4624 proposuerit
1844 4536 2021 4620 quantum

428 4648 547 4748 operis
563 4671 725 4744 agressus
741 4646 804 4735 sit,
823 4644 910 4717 sciet
927 4644 1017 4716 nibil
1034 4644 1205 4734 delicate,
1224 4645 1313 4716 nihil
1331 4644 1487 4717 molliter
1503 4669 1580 4721 esse
1596 4644 1814 4718 faciendum.
1837 4672 1855 4712 u
1888 4641 1959 4714 Sed
1975 4639 2020 4714 ad

427 4769 503 4840 baec
514 4767 674 4840 fortassis
691 4780 766 4838 tam
781 4779 991 4838 sanctorum
1009 4769 1155 4836 Patrum
1171 4789 1283 4862 quam
1299 4764 1602 4864 philosophorum
1618 4763 1769 4838 consilia
1783 4760 2020 4862 respondebis

460 5064 469 5092 ⁴
483 5064 573 5116 Psalm.
585 5081 666 5124 nxxrr.
681 5081 705 5116 r.
718 5063 811 5116 lte-⁸
824 5066 897 5130 opp„
908 5075 928 5117 t.
940 5064 1057 5134 ΝΛΜ.
1070 5065 1103 5130 ΙΙ,
1116 5067 1165 5120 col.
1181 5067 1252 5118 to.-
1262 5067 1271 5096 ¹
1283 5067 1358 5133 ibid,
1367 5069 1416 5121 col.
1427 5069 1486 5120 288.
1495 5097 1520 5108 —
1531 5065 1542 5097 ⁴
1553 5067 1624 5136 Legit
1634 5067 1707 5120 bom.
1718 5062 1868 5128 trusum
1884 5059 1956 5110 «ΝΜ
1967 5057 2019 5110 tlt·

426 5169 468 5206 car
478 5152 503 5204 in
515 5167 545 5205 eo
559 5151 625 5220 quod
637 5151 714 5219 fugio,
723 5153 768 5206 sed
782 5153 838 5206 ideo
849 5154 916 5221 fugio
925 5170 957 5206 ne
968 5155 1063 5207 vincar.
1077 5172 1134 5200 v—
1145 5153 1155 5182 ¹
1166 5155 1245 5223 Epist.
1260 5172 1291 5207 u.
