4590 6106
901 529 1136 604 EPISTOLAE.
1764 525 1812 596 37

233 694 314 742 sura
332 667 551 758 consoletur,
579 665 679 764 quod
708 667 796 739 nihil
819 667 1020 742 inordinate
1044 668 1121 742 fieri
1146 693 1305 767 unquam
1327 691 1466 740 summa
1490 669 1556 739 Dei
1577 667 1718 740 bonitas
1735 695 1813 766 per-

235 789 358 876 mittit,
379 803 414 860 et
426 785 526 884 quod
540 810 761 884 quascunque
779 811 944 886 perverse
962 785 1073 876 fiunt,
1095 789 1233 887 optimo
1249 787 1321 860 fine
1334 787 1409 886 ipse
1422 787 1599 859 terminat.
1617 787 1721 860 Unde
1733 804 1769 860 et
1782 792 1813 860 ei

233 908 281 981 de
295 906 462 981 omnibus
481 919 577 980 recte
596 904 839 1005 dicitnrssfiat
853 907 1011 978 voluntas
1030 923 1101 979 tua.
1123 911 1265 995 Quanta
1284 906 1437 1027 denitpe
1456 907 1679 1008 'diligentium
1697 913 1813 981 Deum

235 1028 295 1100 iiia
313 1043 366 1100 est
383 1051 424 1100 ex
443 1027 652 1099 auctoritate
669 1025 863 1124 apostolica
875 1027 1094 1118 consolatio,
1115 1051 1194 1125 quae
1212 1026 1339 1098 dic‘it':
1360 1028 1531 1100 «Scimus
1549 1030 1719 1126 quoniam
1739 1030 1814 1101 dili-

236 1148 400 1244 gentibus
417 1152 533 1219 Deum
551 1147 673 1218 omnia
689 1162 928 1245 cooperantur
942 1148 980 1218 in
993 1146 1143 1242 bonum.
1163 1176 1180 1213 n
1200 1145 1309 1236 Quod
1322 1145 1508 1243 diligenter
1520 1146 1578 1220 ille
1595 1149 1815 1246 sapientissi-

237 1293 316 1339 mus
329 1264 551 1355 attendebat,
565 1291 678 1362 quum
691 1267 728 1336 in
741 1265 939 1338 Proverbiis
953 1265 1099 1339 diceret⁸
1115 1293 1123 1336 ε
1144 1297 1161 1334 r<
1177 1271 1256 1338 Non
1270 1266 1492 1340 contristabit
1499 1269 1634 1364 justum
1645 1271 1816 1367 quioquid

237 1389 269 1459 ei
286 1387 466 1458 acciderit.
487 1415 504 1452 »
522 1389 572 1456 Ex
598 1409 670 1482 quo
690 1385 873 1457 manifeste
894 1386 1064 1482 ajustitia
1080 1411 1143 1458 eos
1161 1384 1327 1458 recedere
1353 1386 1591 1477 demonstrat,
1611 1389 1816 1487 quicunque

237 1533 304 1606 pro
323 1506 442 1604 aliquo
462 1530 528 1578 suo
546 1506 749 1603 gravamine
766 1505 822 1578 his
839 1507 1053 1607 irascuntur,
1073 1533 1152 1605 quoe
1170 1531 1252 1605 erga
1268 1532 1305 1580 se
1324 1505 1445 1579 divina
1462 1507 1725 1607 dispensatione
1744 1513 1816 1608 geri

239 1651 312 1698 non
327 1623 508 1714 dubitant3
525 1639 559 1696 et
572 1649 610 1696 se
627 1625 780 1723 propriae
792 1625 966 1698 voluntati
987 1627 1098 1725 magis
1111 1651 1220 1725 quam
1237 1627 1365 1699 divinae
1383 1627 1592 1724 subjiciunt,
1612 1642 1649 1700 et
1668 1630 1701 1700 ei
1719 1631 1818 1726 quod

240 1748 276 1818 in
291 1745 406 1818 verbis
419 1759 539 1836 sonat,
552 1746 630 1835 fiat
641 1743 800 1816 voluntas
815 1761 890 1831 tua,
909 1745 1091 1820 desideriis
1105 1748 1252 1830 occultis
1270 1763 1488 1846 repugnant,
1505 1748 1632 1822 divim
1645 1747 1818 1823 voluntati

241 1867 422 1965 propriam
440 1877 707 1963 anteponentes.
724 1859 861 1936 'Vale'
901 1863 905 1871 '
954 1866 957 1874 '
1431 1869 1434 1876 .
1531 1868 1536 1878 .

280 2108 287 2134 ⁸
303 2105 384 2156 min.
399 2122 451 2170 cap.
466 2121 503 2162 rt,
517 2120 539 2154 t.
557 2108 625 2152 10.--
639 2103 649 2130 ⁸
661 2107 729 2154 Rom.
742 2119 797 2169 cap.
809 2122 863 2166 vrri,
875 2123 896 2155 r.
912 2107 1013 2156 28.-·¹
1027 2110 1098 2160 Pron
1111 2123 1166 2173 cap.
1181 2125 1228 2168 tn,
1244 2125 1264 2158 ν.
1280 2111 1321 2158 21.
