4496 6102
432 615 504 690 toa
781 593 784 598 ’
1028 615 1155 688 earm
1183 615 1416 689 mattam

431 755 552 852 gaudii
570 770 726 844 cessent,
747 779 793 825 ne
811 753 886 826 illas
902 753 940 826 in
958 769 1051 826 terra
1069 756 1325 828 maledictionis
1340 754 1539 854 deponant,
1556 775 1645 851 quas
1661 750 1752 822 coelo
1773 750 1892 848 potins
1908 771 2019 820 reser-

380 869 384 876 ’
432 873 565 946 vandas
579 873 761 968 judicant,
777 871 1022 945 subinferunt:
1041 905 1060 942 u
1075 877 1167 963 Quia
1180 875 1269 964 illic,
1288 891 1381 947 etc.»
1396 877 1472 946 lloo
1487 887 1557 963 est,
1573 872 1636 968 qui
1649 893 1716 941 nos
1729 868 2013 966 captivaverant,

431 994 536 1066 nobis
561 994 793 1083 insultantes,
821 1011 856 1066 et
880 994 1143 1068 solemnitatum
1168 1012 1371 1068 nostrarum
1397 994 1672 1068 celebrationem
1699 989 1911 1079 irridentes,
1939 1003 2018 1060 tan·

395 1099 401 1112 ¹
430 1137 537 1210 quam
559 1118 655 1185 Deus
672 1137 781 1210 quem
804 1113 955 1186 colimus
975 1140 1044 1186 nos
1062 1115 1107 1187 de
1130 1116 1294 1188 manibus
1316 1139 1441 1187 eorum
1463 1113 1613 1184 liberare
1630 1136 1705 1183 non
1724 1110 1847 1209 possit.
1876 1135 1895 1174 u
1909 1105 2022 1178 lnterss

432 1249 647 1329 rogaverunt
665 1259 732 1305 nos
746 1233 853 1306 verba
868 1237 1095 1324 cantionum,
1112 1265 1129 1302 n
1145 1235 1216 1308 hoc
1229 1251 1299 1325 est,
1321 1235 1509 1308 illudentes
1527 1230 1816 1331 improperabant
1832 1229 1956 1316 nobis,
1981 1241 2020 1299 ut

431 1376 529 1423 nunc
548 1378 694 1450 quoque
717 1369 941 1426 cantaremus
964 1379 1064 1426 more
1089 1357 1253 1455 pristino.
1281 1360 1329 1427 Ac
1352 1356 1381 1425 si
1402 1367 1523 1453 aperte
1545 1352 1722 1440 dicerent,
1749 1371 1892 1420 cansam
1914 1345 2020 1441 hujus

433 1473 485 1574 nei
512 1476 734 1546 manifestam
761 1501 853 1564 esse,
884 1478 965 1573 quia
995 1479 1093 1558 vanis
1117 1478 1263 1549 canticis
1287 1477 1335 1546 illi
1361 1498 1428 1547 nos
1452 1488 1591 1546 constat
1612 1472 1825 1559 deseruisse,
1850 1469 1897 1540 de
1919 1468 2019 1563 cujus

432 1594 627 1690 plurimum
641 1597 911 1670 confidebamus
929 1622 1010 1695 ope.
1039 1597 1144 1668 Unde
1160 1613 1194 1668 et
1209 1596 1273 1668 has
1290 1597 1412 1668 laudes
1431 1595 1568 1668 divinas
1581 1607 1746 1666 nontam
1760 1593 1896 1663 cantica
1910 1613 2018 1688 quam
2063 1682 2069 1694 ἱ

433 1720 625 1791 cantilenas
642 1734 677 1791 et
691 1718 860 1814 figmenta
873 1719 1036 1815 quaedam
1047 1697 1208 1814 judicant
1223 1717 1464 1818 appellandas.

481 1837 653 1909 Satellites
672 1838 728 1908 isti
746 1838 1004 1934 praedonesque
1024 1837 1246 1933 babylonici,
1266 1863 1330 1935 per
1342 1819 1434 1935 unos
1446 1837 1678 1933 captivamur,
1700 1848 1735 1904 et
1752 1833 1798 1904 de
1817 1833 2019 1904 amsanitate

435 1955 608 2053 paradisi,
635 1981 708 2054 quo
732 1957 850 2053 quiete
877 1959 935 2026 vix
961 1981 1054 2028 unus
1075 1972 1245 2054 tanquam
1268 1958 1314 2028 de
1336 1971 1475 2028 terrena
1498 1953 1689 2025 Jerusalem
1713 1954 1750 2024 in
1773 1951 1837 2024 has
1862 1951 2021 2023 miserias

435 2074 563 2170 dejecti
579 2099 720 2164 sumus,
743 2075 923 2148 daemones
942 2075 1196 2172 intelliguntur.
1212 2079 1273 2164 Do
1289 2074 1420 2172 quibus
1439 2073 1558 2144 adhuc
1574 2071 1763 2144 subditur:
1784 2101 1801 2138 ιι
1819 2075 1861 2141 Et
1878 2071 1941 2166 qui
1957 2068 2019 2141 ab·

436 2193 615 2265 duxerunt
631 2219 714 2284 nos,
730 2222 747 2262 n
764 2195 834 2266 hoc
853 2211 917 2285 est,
933 2195 979 2266 ab
996 2194 1055 2266 illa
1069 2221 1135 2266 nos
1148 2211 1377 2269 excusserunt
1393 2195 1612 2282 amoenitate,
1627 2191 1809 2280 dicebant,
1826 2189 2018 2263 subaudis:

438 2345 455 2381 u
472 2317 653 2411 Hymnum
677 2331 816 2386 caritate
842 2315 946 2386 nobis
968 2315 1014 2387 de
1036 2316 1181 2386 canticis
1209 2315 1339 2386 Sion.»
1367 2313 1474 2401 Quod
1496 2328 1549 2385 est
1571 2312 1689 2384 dicere
1711 2337 1718 2381 ε
1743 2311 1900 2382 Laudem
1924 2310 2021 2382 illam

331 2526 336 2536 Ι
435 2434 519 2523 Dei,
540 2457 649 2528 quam
667 2433 836 2504 dicebatis
854 2433 1046 2506 Jerusalem
1067 2434 1105 2504 in
1129 2434 1196 2505 illis
1217 2436 1361 2506 canticis
1383 2433 1522 2521 vestris,
1548 2431 1594 2502 ad
1616 2455 1683 2502 nos
1704 2431 1922 2502 convertite:
1945 2443 2022 2500 tan-

435 2576 543 2648 quam
557 2551 678 2622 divino
691 2552 788 2622 cultu
808 2551 976 2623 derelicto
991 2551 1212 2624 daemonibus
1230 2553 1435 2642 serviendo,
1451 2553 1512 2649 qui
1531 2549 1696 2646 subjectis
1712 2550 1926 2649 promittunt
1943 2573 2024 2646 quae

435 2670 520 2742 dare
538 2694 612 2741 non
631 2687 793 2768 possunt.
815 2675 978 2758 Quorum
1001 2697 1093 2742 unns
1113 2673 1149 2742 in
1170 2687 1305 2744 tantam
1327 2672 1490 2769 prorupit
1507 2670 1699 2757 insaniam,
1719 2683 1759 2739 ut
1776 2669 1844 2767 ipsi
1861 2665 2024 2740 fidelium

435 2789 541 2885 capiti
560 2787 678 2858 dicere
696 2788 880 2860 auderet¹;
901 2819 919 2855 ιι
933 2795 1013 2862 Haec
1032 2792 1154 2862 omnia
1170 2791 1233 2862 tibi
1250 2790 1363 2882 dabo,
1385 2793 1413 2862 si
1430 2789 1562 2862 cadens
1578 2789 1780 2862 adoraveris
1798 2813 1867 2860 me.
1885 2817 1903 2856 n
1924 2793 2026 2876 Quo·

434 2931 514 2976 rum
533 2905 680 3004 quidem
697 2908 852 2981 illusioni
869 2887 1115 3007 competenter
1132 2895 1353 3010 respondent
1371 2911 1493 2999 electi,
1521 2925 1698 2983 eteorum
1718 2909 1928 2981 electionem
1949 2933 2027 2981 ma·

434 3026 557 3099 nilesta
576 3026 740 3100 refellunt
761 3030 943 3117 oratione,
969 3029 1165 3102 dicentes':
1189 3059 1207 3098 ιι
1223 3029 1417 3117 Quomodo
1429 3029 1661 3102 ⁴cantabimus
1681 3030 1857 3102 canticum
1876 3031 2027 3101 Domini

435 3147 471 3216 in
487 3161 581 3220 terra
595 3147 731 3220 aliena?
746 3177 763 3215 u
791 3154 868 3220 Hoc
885 3149 971 3222 illud
995 3164 1048 3221 est
1065 3151 1220 3222 veritatis
1243 3150 1519 3238 documentum,
1544 3174 1617 3248 quo
1639 3148 1803 3221 fidelibus
1821 3152 2024 3249 pracipit⁸z

437 3296 454 3331 ιι
472 3249 586 3338 Nolite
605 3283 767 3339 sanctum
789 3268 875 3339 dare
897 3268 1062 3360 canibus,
1084 3294 1150 3340 nec
1169 3271 1373 3366 margaritas
1395 3284 1527 3341 vestras
1549 3270 1719 3366 spargatis
1739 3281 1821 3340 ante
1838 3279 1989 3366 porcos',
2004 3299 2024 3338 n

434 3385 518 3480 quia
533 3383 730 3456 immundis
744 3399 779 3456 et
793 3387 995 3458 irrisoribus
1012 3386 1216 3458 divinornm
1234 3387 1445 3480 verborum,
1462 3403 1496 3458 et
1514 3411 1615 3459 more
1629 3411 1760 3458 canum
1776 3385 1823 3457 ad
1835 3386 1906 3458 hoc
1921 3387 2028 3460 obla-

437 3502 626 3592 trantibus,
651 3528 725 3575 non
748 3521 831 3576 sunt
853 3505 994 3602 eloquia
1016 3507 1272 3579 committenda
1292 3507 1428 3594 divina,
1452 3532 1498 3577 ne
1516 3507 1684 3578 vilescere
1702 3505 1889 3578 videantur
1907 3509 2025 3584 irrisa.

434 3627 578 3694 Terram
596 3621 747 3695 alienam
766 3623 852 3695 dicit
868 3623 1067 3696 infidelium
1084 3627 1191 3698 vitam
1210 3650 1231 3696 a
1248 3641 1343 3699 sorte
1360 3625 1520 3698 fidelium
1537 3626 1733 3716 exclusam,
1752 3639 1786 3697 et
1800 3625 2030 3702 daemonibus

323 3743 326 3748 ’
438 3741 549 3836 magis
566 3765 675 3837 quam
691 3745 768 3814 Deo
782 3743 988 3840 subjectam.
1004 3749 1046 3816 ln
1059 3745 1127 3816 hac
1147 3746 1264 3844 itaque
1278 3762 1351 3817 tam
1371 3746 1555 3818 manifesta
1575 3746 1780 3818 daemonum
1799 3749 2032 3844 possessione

437 3859 560 3932 laudes
576 3862 640 3932 Dei
659 3862 800 3958 penitus
819 3877 902 3934 sunt
924 3864 1127 3955 reticendae,
1151 3881 1187 3938 et
1206 3865 1361 3938 lamenta
1379 3867 1498 3964 potius
1517 3866 1727 3938 assumenda
1744 3891 1855 3964 quarn
1871 3869 2030 3940 carruca.

438 3978 592 4070 Quibus,
617 3996 656 4050 ut
675 3980 897 4071 dictumest,
921 3983 1083 4056 lamentis
1100 4009 1173 4057 non
1194 3985 1309 4056 solum
1329 3987 1450 4082 patriae
1467 3984 1676 4057 dilationem
1696 3986 1732 4056 in
1751 3985 1900 4056 miseriis
1920 3987 2036 4082 hujus

437 4101 730 4197 peregrinationis
751 4101 996 4200 deploremus,
1017 4105 1080 4176 sed
1104 4107 1215 4203 magis
1238 4105 1432 4228 diabolicas
1457 4105 1617 4196 fraudes,
1648 4131 1819 4205 per-qaus
1838 4120 1892 4177 tot
1909 4110 2041 4180 miseri

439 4220 669 4293 deluduntur.

488 4342 552 4412 Hic
569 4357 710 4441 tempus
726 4344 835 4416 flendi
853 4346 957 4418 nobis
976 4345 1138 4438 debetur,
1163 4346 1246 4419 alibi
1267 4347 1408 4419 ridendi
1428 4347 1657 4447 promittitur.
1683 4351 1736 4418 De
1755 4371 1829 4444 quo
1849 4361 1884 4419 et
1904 4347 2038 4419 Eccle-

440 4463 560 4533 siastes
577 4479 657 4559 post
674 4463 750 4554 illa,
772 4489 852 4560 quae
868 4467 904 4536 in
923 4465 1070 4539 exordio
1088 4471 1262 4540 sermonis
1280 4469 1531 4566 praemisimus,
1553 4468 1678 4557 verba,
1697 4465 1848 4561 subjecit
1864 4482 1946 4563 post
1963 4467 2037 4538 ali-

440 4585 547 4678 qua⁸:
571 4611 588 4650 ιι
600 4586 752 4681 Tempus
773 4584 899 4676 llendi,
928 4601 963 4658 et
985 4602 1124 4686 tempus
1138 4587 1299 4660 ridendi.
1321 4593 1475 4689 Tempus
1499 4587 1711 4688 plangendi,
1730 4601 1765 4660 et
1790 4601 1933 4684 tempus
1958 4587 2041 4659 sal·
2124 4623 2133 4640 ·

441 4702 550 4772 tandi.
570 4730 587 4768 n
612 4703 710 4776 Prius
727 4704 973 4800 inquitllendi
989 4708 1062 4779 sive
1080 4707 1288 4806 plangendi,
1309 4725 1344 4781 et
1360 4707 1593 4808 postmodum
1612 4705 1754 4780 ridendi
1770 4727 1834 4777 seu
1848 4705 2036 4778 saltandi:

441 4823 524 4917 quia
536 4821 764 4919 deplorandae
782 4839 864 4896 sunt
882 4843 1070 4924 prasentes
1085 4829 1252 4918 misena,
1271 4843 1309 4900 ut
1322 4829 1369 4902 de
1384 4829 1439 4902 his
1455 4829 1611 4901 liberatis
1626 4853 1717 4900 verae
1732 4825 1924 4900 succedant
1939 4851 2042 4923 gau·

442 4942 500 5012 dia
519 4942 653 5012 laetitiae.
673 4943 775 5016 Unde
789 4960 824 5016 et
838 4944 1059 5018 Psalmista⁵:
1077 4976 1094 5016 ιι
1110 4949 1180 5035 Qui
1194 4949 1371 5022 seminant
1384 4949 1420 5020 in
1438 4950 1618 5046 lacrymis,
1641 4949 1678 5019 in
1699 4945 1833 5045 gaudio
1841 4961 1997 5019 metent.
2014 4977 2038 5018 n

478 5121 484 5146 ¹
504 5121 601 5186 llatth.,
613 5137 667 5188 cap.
681 5139 714 5180 ιι.
725 5141 748 5174 ι.
764 5129 789 5178 9.
798 5127 850 5169 -¹
862 5128 949 5180 Psalm.
964 5145 1069 5191 cxxxvi,
1080 5147 1105 5182 v.
1118 5133 1142 5181 l.
1155 5132 1204 5170 -⁸
1217 5132 1312 5196 llatth„
1325 5145 1381 5200 cap.
1393 5149 1440 5197 vn,
1455 5150 1479 5184 r.
1492 5130 1517 5186 6.
1530 5161 1558 5172 -
1570 5133 1582 5161 ⁸
1592 5135 1686 5194 Ecrlc„
1699 5148 1754 5199 etp.
1768 5149 1808 5195 nr,
1821 5149 1846 5184 v.
1857 5137 1881 5184 l.
1890 5131 1944 5172 -⁸
1955 5151 1970 5178 ι
1985 5133 2046 5198 Qut

442 5207 562 5258 terninant
575 5207 735 5275 in'lacrymis,
748 5213 772 5262 in
784 5214 932 5265 exultatione
943 5227 1060 5268 metent·
1071 5217 1168 5281 (Pmbn.
1180 5235 1252 5281 cxxv,
1260 5235 1282 5270 r.
1296 5219 1331 5284 l.)
1660 5221 1665 5231 '
