4536 6102
476 561 547 634 588
1070 561 1196 634 rarat
1223 560 1456 634 tumulant

474 703 614 794 doceat,
630 704 692 802 qui
708 729 729 776 a
745 703 880 800 populo
890 705 966 800 jam
980 719 1058 776 toto
1070 720 1232 804 tempore
1241 721 1479 803 sequestratus
1490 705 1589 778 vixit.
1602 706 1764 803 Denique
1777 703 1879 802 quod
1892 703 1943 776 ait
1958 709 2043 802 Apo-

476 823 605 912 stolus,
624 823 707 920 quia
724 837 866 920 oportet
884 847 967 894 eum
983 821 1116 896 habere
1132 824 1271 896 bonum
1288 825 1549 926 testimonium,
1573 839 1609 896 et
1626 823 1672 896 ab
1688 825 1745 896 his
1761 825 1823 921 qui
1847 824 1933 896 foris
1950 839 2046 912 sunt,

475 942 665 1016 attendatis
692 943 754 1040 qui
779 943 911 1016 electus
936 959 988 1015 est
1013 943 1058 1016 de
1086 945 1306 1040 subjectione
1337 945 1383 1018 ad
1411 945 1673 1043 prelationem,
1703 945 1749 1016 de
1774 959 1983 1042 paupertate
2006 944 2047 1016 ad

475 1060 733 1134 abundantiam
756 1061 964 1152 translatus,
983 1087 1091 1158 quarn
1117 1061 1260 1134 difficile
1284 1063 1329 1134 sit
1352 1076 1436 1134 eum
1461 1063 1601 1136 bonum
1622 1063 1865 1136 testimonium
1882 1063 2046 1150 retinere,

475 1179 536 1252 ubi
552 1179 598 1252 de
619 1181 814 1254 ambitione
837 1183 952 1278 major
968 1207 1078 1278 quam
1100 1182 1146 1254 de
1162 1182 1334 1277 religione
1356 1181 1516 1280 subrepit
1536 1183 1673 1281 opinio.
1694 1187 1807 1254 Nemo
1830 1197 1951 1254 autem
1967 1181 2048 1254 mihi

473 1299 618 1396 objiciat
632 1302 731 1399 quod
748 1303 784 1371 in
802 1303 956 1399 antiquis
973 1301 1195 1399 temporibus
1211 1303 1332 1374 multis
1347 1303 1392 1374 de
1410 1304 1606 1376 monastica
1619 1303 1792 1399 religione
1806 1302 1853 1374 ad
1868 1303 2049 1400 episcopa·

473 1435 550 1492 turn
564 1424 697 1508 tractis
711 1447 775 1519 per
788 1448 850 1494 eos
863 1423 1019 1494 Ecclesia
1032 1424 1069 1494 in
1084 1447 1250 1518 magnam
1263 1423 1423 1496 fidelium
1436 1449 1588 1498 messem
1604 1439 1640 1496 et
1655 1426 1828 1496 virtutum
1842 1425 1983 1520 copiam
1999 1448 2052 1494 ex-

473 1541 597 1612 crevit.
611 1541 748 1612 Scimus
763 1556 798 1612 et
809 1566 876 1612 nos
892 1541 971 1628 ista,
985 1567 1053 1613 nec
1069 1567 1240 1638 negamus
1255 1544 1411 1638 cognita.
1431 1543 1501 1614 Sed
1518 1519 1635 1615 educti
1651 1544 1697 1616 de
1709 1544 1874 1641 proximo
1891 1557 2051 1639 tempora

473 1658 721 1748 discernimus,
736 1675 865 1732 etcum
880 1661 1064 1758 praeteritis
1076 1663 1263 1760 presentia
1277 1663 1501 1735 conferentes
1517 1664 1714 1760 reperimus
1726 1662 1886 1735 officium
1897 1661 2052 1758 episcopi

473 1795 574 1854 tanto
592 1805 689 1854 nunc
705 1780 915 1854 laudabilius
931 1797 968 1852 et
983 1781 1159 1854 salubrius
1175 1785 1311 1880 respui,
1331 1798 1467 1880 quanto
1488 1783 1701 1858 laudabilius
1721 1799 1758 1856 et
1776 1783 1952 1858 salubrius
1969 1781 2051 1854 olim

474 1899 743 1997 suscipiebatur.
761 1903 859 1970 Tunc
876 1899 1088 1974 honorabile
1105 1926 1239 1972 nomen
1257 1903 1434 1999 episcopi,
1453 1917 1489 1974 ct
1504 1903 1645 1976 salubre
1658 1901 1817 1974 officium
1834 1901 1923 1972 fuit:
1943 1925 2051 1998 quum

475 2020 632 2118 episcopi
649 2044 723 2090 non
735 2034 808 2092 tam
826 2019 1004 2092 honorem
1020 2043 1130 2116 quam
1146 2045 1239 2094 onus
1254 2021 1488 2117 susciperent,
1503 2021 1610 2094 nullis
1619 1995 1738 2094 adhuc
1755 2020 1885 2120 opibus
1900 2020 2051 2092 Ecclesia

474 2140 597 2232 ditata,
612 2140 675 2212 sed
687 2142 836 2213 assiduis
852 2141 1142 2214 tribulationibus
1158 2143 1302 2232 afflicta,
1316 2144 1463 2240 quando
1481 2145 1517 2216 in
1535 2169 1615 2216 eam
1630 2145 1878 2242 persecutione
1892 2143 2052 2214 saeviente

474 2288 536 2334 eos
556 2264 713 2360 primum
735 2277 795 2334 aut
819 2262 1014 2359 plurimum
1035 2262 1196 2336 infideles
1220 2279 1538 2361 persequerentur,
1562 2289 1655 2361 quos
1680 2263 1717 2336 in
1739 2263 1855 2360 capite
1876 2276 2052 2365 ,noverant

475 2383 699 2453 constitutos.
727 2385 829 2452 Nunc
856 2396 976 2452 autem
992 2381 1147 2456 Ecclesia
1168 2382 1393 2480 corporalem
1413 2407 1540 2481 pacem
1572 2382 1719 2482 adepta,
1753 2383 1845 2454 sicut
1874 2382 1911 2452 in
1937 2382 2051 2478 primo

473 2499 516 2570 de
543 2501 690 2570 Ciuitate
710 2502 779 2570 Dei
799 2499 925 2572 beatus
945 2500 1108 2572 meminit
1132 2503 1363 2596 Augustinus,
1396 2500 1505 2597 longe
1531 2502 1728 2596 graviores¹
1760 2501 2003 2597 expressiones
2033 2521 2051 2566 a

472 2620 566 2690 vitiis
589 2619 686 2690 intus
707 2620 939 2706 sustinemus,
966 2643 1076 2717 quam
1096 2634 1183 2694 tunc
1203 2621 1356 2700 externis
1379 2619 1425 2690 ab
1451 2619 1627 2692 hostibus.
1653 2623 1755 2690 Nunc
1776 2619 1874 2690 enim
1893 2617 2053 2688 libertate

472 2740 638 2838 pessima,
657 2739 822 2836 crapulae,
842 2754 878 2810 et
896 2738 1076 2828 ebrietati,
1095 2755 1131 2810 et
1147 2740 1248 2810 omni
1263 2739 1361 2810 luxui
1379 2753 1564 2827 vacantes,
1583 2739 1828 2810 interfectores
1850 2752 2050 2808 nostrarum

473 2858 648 2930 efficimur
671 2859 890 2946 animarum,
916 2859 1007 2930 sicut
1025 2857 1076 2929 illi
1092 2872 1197 2930 antea
1219 2881 1432 2954 corporum,
1451 2872 1487 2928 et
1502 2857 1665 2932 civilibus
1681 2855 1898 2954 quibusdam
1916 2871 1952 2928 et
1967 2857 2051 2926 inte-

471 2980 571 3051 stinis
586 2978 688 3050 bellis
704 2979 796 3076 perit
815 2978 988 3067 Ecclesia,
1005 2976 1096 3050 sicut
1113 2978 1199 3049 olim
1216 2977 1396 3050 destructa
1410 2995 1463 3050 est
1479 2983 1605 3052 Roma.
1622 2983 1809 3075 Tanquam
1822 2979 1920 3050 enim
1936 2977 1982 3048 ad
1998 2977 2049 3047 di·

471 3100 641 3194 gnitatem
657 3098 816 3196 episcopi
831 3099 1008 3196 pertineat
1025 3098 1074 3169 ita
1089 3098 1126 3167 in
1143 3095 1275 3168 divitiis
1298 3095 1500 3186 abundare,
1527 3096 1618 3168 sicut
1638 3098 1674 3168 in
1696 3096 1903 3193 praelatione
1918 3097 2046 3193 perire,

470 3241 544 3287 non
562 3216 662 3288 aliter
682 3241 719 3286 se
740 3217 848 3312 digne
863 3229 1010 3287 censent
1026 3214 1247 3313 episcopari,
1266 3215 1335 3286 nisi
1350 3213 1571 3311 splendidius
1586 3230 1620 3286 et
1642 3214 1841 3286 accuratius
1857 3215 1996 3302 vivant,
2018 3229 2047 3284 et

471 3335 572 3407 obliti
588 3335 764 3407 cibarium
780 3360 930 3432 panem,
953 3359 1027 3431 quo
1043 3350 1148 3406 antea
1167 3333 1413 3422 vescebantur,
1439 3334 1550 3406 corde
1566 3334 1602 3406 in
1628 3339 1820 3432 AEgyptum
1838 3349 2049 3406 revertentes

472 3456 518 3527 de
542 3457 708 3544 heremo,
728 3454 807 3526 ollis
830 3455 993 3526 carnium
1010 3455 1238 3552 impudenter
1252 3455 1476 3528 incumbant.
1496 3456 1567 3542 Qui
1583 3479 1694 3552 quum
1715 3453 1762 3526 de
1783 3453 1976 3552 apostolica
1996 3453 2048 3526 di·

471 3577 605 3672 gnitate
622 3575 831 3670 glorientur,
849 3598 1044 3672 pauperem
1060 3598 1186 3646 eorum
1201 3575 1311 3648 vitam
1328 3590 1365 3646 et
1381 3575 1617 3672 frugalitatem
1633 3574 1776 3648 beatam
1790 3575 1941 3646 omnino
1959 3572 2014 3644 ref
2034 3613 2048 3627 ·

473 3699 590 3793 giunt,
608 3720 717 3794 quam
734 3696 909 3766 Dominus
931 3696 1015 3792 ipsis
1030 3696 1068 3766 in
1086 3695 1320 3770 fundamento
1338 3699 1576 3786 constituens,
1602 3698 1651 3770 ait
1666 3700 1676 3736 ²
1696 3724 1704 3766 ε
1727 3725 1744 3764 n
1764 3697 1860 3768 Ecati
1881 3721 2049 3794 pauperes

472 3819 614 3916 spiritu,
639 3818 811 3916 quoniam
835 3819 994 3915 ipsorum
1020 3834 1073 3889 est
1097 3843 1247 3914 regnum
1274 3817 1460 3892 coelorum.
1485 3847 1502 3886 u
1526 3818 1664 3905 Quibus
1684 3817 1831 3915 quidem
1851 3816 1970 3890 verbis
1989 3841 2046 3914 pa-

472 3953 589 4011 tenter
604 3937 773 4028 ostendit,
792 3963 867 4011 aon
884 3963 949 4036 per
963 3937 1141 4010 honorem
1158 3938 1390 4036 praelationis,
1401 3939 1474 4043 ‘sed
1490 3963 1554 4035 per
1571 3963 1664 4010 onus
1680 3936 1887 4009 voluntariae
1904 3961 2049 4034 pauper·

471 4061 552 4156 tatis
567 4058 676 4132 coelos
692 4059 902 4156 promereri.

519 4183 662 4266 Quanta
677 4180 722 4249 sit
738 4195 855 4251 autem
869 4179 1091 4278 impudentia
1103 4179 1190 4251 tales
1202 4171 1390 4278 episcopos
1406 4181 1453 4254 de
1468 4181 1654 4256 monachis
1670 4180 1782 4254 factos
1793 4178 1957 4252 habitum
1973 4202 2047 4248 rno-

471 4299 577 4373 nachi
601 4301 770 4388 retinere,
789 4315 824 4371 et
841 4325 915 4370 non
932 4302 1133 4372 monastice
1146 4301 1286 4390 vivere,
1306 4303 1380 4374 imo
1397 4327 1467 4374 sure
1482 4302 1695 4400 professioni
1712 4301 1892 4372 contraria
1907 4321 2049 4396 prorsus

473 4444 588 4518 agere,
608 4420 688 4516 quis
703 4443 777 4490 non
794 4417 914 4490 videat
931 4435 1065 4516 quauta
1080 4421 1126 4492 sit
1141 4420 1384 4518 impudentia?
1401 4424 1488 4509 Quis
1505 4423 1646 4518 ignoret
1656 4421 1703 4494 de
1718 4419 1860 4504 talibus,
1880 4432 1919 4489 ut
1936 4417 2050 4490 verbis

471 4559 552 4614 utar
570 4539 804 4639 apostolicis⁸,
823 4541 907 4637 quia
923 4543 1077 4639 primam
1093 4540 1203 4614 fidem
1219 4544 1355 4616 irritam
1373 4544 1550 4632 fecerunt,
1574 4559 1609 4614 et
1629 4567 1738 4640 quam
1758 4540 1929 4614 contrarii
1949 4565 2049 4637 repc-

472 4665 609 4735 riantur
631 4661 761 4735 sanctis
783 4660 945 4758 patribus
968 4660 1129 4733 similiter
1153 4663 1349 4759 promotis?
1375 4666 1454 4734 Non
1480 4663 1606 4734 beatus
1628 4662 1801 4733 Martinus
1826 4659 2049 4756 asperitatem

414 4859 418 4872 ,
471 4783 575 4856 cilicii
597 4807 658 4853 seu
681 4781 752 4855 cibi
768 4807 834 4880 pro
851 4781 1057 4880 praelatione
1074 4785 1224 4855 mutavit
1239 4785 1444 4882 episcopali.
1463 4788 1582 4871 Quare
1598 4784 1635 4854 in
1653 4783 1725 4855 hoc
1742 4781 1861 4854 officio
1878 4806 1951 4853 non
1973 4804 2051 4876 qtae

473 4927 536 4974 sua
551 4916 685 4988 essent,
704 4900 766 4972 sed
783 4926 861 4998 quae
876 4905 958 4972 Jesu
974 4901 1104 4973 Christi
1121 4901 1313 4999 quaerebat.
1330 4904 1418 4988 Quis
1431 4903 1587 5000 denique
1599 4927 1673 4973 non
1690 4904 1850 4990 miretur,
1869 4899 1966 4998 quod
1981 4898 2049 4968 hoc

508 5177 515 5204 ⁴
536 5177 591 5240 hag.
607 5175 748 5224 mutiana.
759 5171 811 5211 -'
824 5171 919 5233 llatth,
934 5189 987 5238 cap.
1002 5189 1025 5236 r,
1046 5187 1071 5225 v.
1082 5176 1105 5224 ³.
1119 5201 1151 5214 -
1165 5175 1175 5203 ⁸
1190 5176 1247 5227 l'r'm.
1264 5177 1291 5236 1,
1305 5191 1361 5242 cap.
1372 5193 1396 5237 v,
1408 5192 1430 5228 r.
1444 5179 1483 5226 12.
