4496 6102
714 597 758 668 ΙΝ
783 597 919 668 nattis
943 597 1189 672 PALMARUM
1215 599 1377 670 SERMO.
1772 593 1844 666 tat

256 759 273 798 a
290 734 458 831 pietatem
470 758 490 804 a
504 735 627 808 Jacob.
643 764 661 803 u
678 736 781 808 Unde
795 753 830 809 et
845 739 964 836 ipsum
976 739 1141 810 Calvariae
1153 738 1287 831 locum,
1304 763 1377 837 qno
1391 737 1567 810 Dominus
1579 733 1767 807 crucifixus
1779 750 1844 824 est,

253 879 351 927 nnnc
365 856 459 929 intra
473 857 651 930 civitatem
665 859 832 930 novimus
852 860 1045 950 contineri,
1066 886 1180 958 quum
1198 863 1297 959 prius
1313 876 1410 932 extra
1423 858 1538 932 luerit.
1560 887 1577 926 u
1595 857 1805 945 Coronavit,
1826 883 1843 922 u

253 977 381 1074 inquit,
400 1006 418 1046 u
429 1003 513 1050 eum
527 953 640 1052 mater
653 1005 716 1052 sua
729 981 765 1052 in
779 980 836 1052 die
847 981 1134 1080 desponsationis
1148 982 1278 1054 illius.»
1289 988 1387 1054 Tunc
1398 982 1494 1053 enim
1504 1003 1631 1078 magna
1643 1003 1655 1074 J
1661 977 1847 1050 ncunditas

255 1097 395 1194 regibus
413 1099 572 1172 exhiberi
588 1101 694 1192 solet,
709 1102 869 1199 quando,
889 1105 1111 1202 desponsatis
1125 1102 1308 1196 uxoribus,
1326 1103 1499 1178 solemnia
1512 1100 1692 1173 celebrant
1706 1098 1848 1198 nuptia-

195 1221 197 1225 ’
255 1243 348 1290 rum.
370 1219 453 1290 Dies
476 1235 596 1294 antem
620 1221 808 1296 dominicae
827 1222 1066 1296 crucifixionis
1088 1225 1189 1322 quasi
1208 1223 1334 1296 dissei
1356 1224 1421 1294 fuit
1439 1221 1743 1321 desponsationis,
1766 1219 1849 1316 qnia

256 1353 340 1410 tunc
357 1338 551 1434 Ecclesiam
568 1342 740 1414 veraciter
756 1343 823 1416 sibi
840 1345 942 1442 quasi
959 1369 1130 1444 sponsam
1147 1343 1311 1435 sociavit,
1336 1367 1449 1442 quum
1475 1341 1604 1414 eodem
1631 1338 1690 1411 die
1713 1339 1849 1410 animas

256 1459 416 1532 fidebam
430 1460 477 1533 ad
488 1461 620 1534 inferos
630 1463 870 1556 descendens,
884 1465 955 1538 hoc
969 1467 1006 1538 in
1021 1467 1071 1538 eis
1084 1467 1169 1539 inde
1182 1465 1371 1564 assumptis
1386 1462 1594 1561 complevit,
1607 1459 1707 1558 quod
1719 1459 1848 1532 latroni

254 1582 417 1679 promisit
435 1581 576 1655 dicens¹
593 1612 601 1654 ε
621 1613 640 1652 u
655 1590 768 1658 Amen
785 1585 867 1660 dico
886 1588 966 1678 tibi,
986 1587 1095 1661 bodie
1109 1613 1252 1660 mecum
1268 1587 1337 1658 eris
1352 1587 1391 1658 in
1405 1583 1582 1684 paradiso.
1599 1609 1617 1650 u
1635 1585 1717 1652 Haec
1729 1579 1848 1678 itaque

254 1702 329 1775 dies
348 1703 635 1802 desponsationis
653 1706 729 1780 dies
750 1707 875 1780 laetitiae
893 1707 943 1780 illi
963 1708 1047 1799 fnit,
1066 1709 1214 1807 quando
1233 1707 1321 1780 illud
1338 1705 1385 1778 ad
1403 1703 1502 1804 quod
1519 1715 1682 1792 venerat,
1699 1715 1734 1772 et
1747 1699 1845 1797 quod

254 1825 407 1898 maxime
420 1825 457 1897 in
472 1826 548 1924 ejus
566 1827 854 1920 desideriorum,
871 1832 909 1902 in
924 1830 1035 1903 salute
1048 1831 1271 1904 credentium
1289 1829 1493 1927 complevit.

304 1975 322 2013 u
338 1947 494 2037 Laetitiae,
514 1977 532 2016 a
555 1951 689 2047 inquit,
712 1950 861 2023 «cordis
875 1953 971 2048 ejus,
992 1981 1010 2021 »
1035 1954 1120 2052 quia
1141 1967 1312 2051 tanquam
1338 1950 1447 2023 tristis
1472 1949 1509 2020 in
1529 1969 1683 2045 corpore
1704 1943 1788 2033 luit,
1809 1944 1845 2014 in

253 2091 326 2163 quo
346 2068 527 2142 molestias
551 2070 686 2170 doloris
706 2072 869 2146 toleravit
885 2103 893 2145 ι
908 2075 971 2148 sed
990 2075 1078 2148 dum
1101 2099 1186 2147 caro
1205 2075 1381 2147 tristitiam
1406 2070 1541 2144 doloris
1558 2069 1699 2140 afferret
1721 2066 1767 2137 de
1793 2065 1848 2136 bis
1901 2105 1905 2114 ·

253 2212 331 2284 qnae
349 2189 591 2263 inserebantur
607 2195 776 2285 exterius,
796 2194 932 2292 cordis,
954 2195 992 2268 id
1008 2210 1061 2268 est
1079 2198 1223 2286 animae,
1247 2218 1386 2268 summa
1405 2192 1574 2266 exultatio
1596 2203 1672 2262 arat
1689 2186 1846 2274 inferius,

253 2306 298 2379 de
315 2323 438 2380 nostra
454 2310 585 2384 scilicet
604 2313 734 2405 salute,
754 2338 864 2412 quam
886 2318 936 2388 sic
955 2315 1181 2414 operabatur.
1198 2315 1301 2388 Unde
1318 2330 1354 2386 et
1375 2337 1486 2410 quum
1504 2311 1550 2382 ad
1568 2305 1848 2404 crucifigendum

253 2429 378 2518 exiret,
400 2430 492 2503 bene
512 2432 677 2505 mulieres
695 2459 903 2533 supereum
921 2436 1156 2508 lamentantes
1175 2434 1412 2533 compescuit,
1433 2432 1578 2504 dicens*
1600 2456 1608 2499 ι
1638 2457 1655 2496 u
1681 2427 1774 2499 lliliae
1792 2431 1848 2497 le·

254 2548 426 2641 rusalem,
447 2551 559 2624 nolite
572 2554 659 2627 llere
672 2579 781 2652 super
793 2581 870 2644 me,
888 2558 951 2629 sed
964 2581 1150 2655 supervos
1163 2558 1256 2654 ipsas
1272 2557 1371 2643 llete,
1387 2568 1422 2626 et
1437 2576 1546 2650 super
1559 2548 1652 2620 lilios
1665 2563 1813 2620 vestros.
1827 2575 1845 2615 u

253 2672 435 2766 Tanquam
453 2671 482 2741 si
501 2670 635 2745 diceret
652 2702 659 2744 :
675 2678 755 2746 Non
775 2690 827 2746 est
844 2691 992 2775 propter
1008 2701 1066 2747 me
1081 2675 1279 2748 dolendum
1293 2676 1329 2744 in
1344 2672 1401 2744 his
1414 2670 1655 2770 passionibus,
1677 2682 1846 2766 tanquam

252 2787 337 2858 hinc
357 2788 504 2888 aliquod
523 2792 703 2865 incurram
723 2794 896 2866 damnum
910 2796 1005 2894 used
1024 2798 1141 2894 potius
1165 2795 1267 2868 vobis
1287 2793 1451 2865 imminet
1476 2815 1583 2889 super
1608 2813 1673 2861 vos
1698 2789 1791 2886 ipsas
1813 2802 1848 2859 et

252 2907 344 2980 filios
369 2924 526 3003 vestros,
548 2915 754 3010 gravissima
778 2915 955 3007 vindicta,
978 2918 1115 3012 quaein
1139 2940 1197 2987 me
1224 2914 1511 3000 committuntur,
1534 2908 1713 3009 plexuros.
1734 2908 1791 2978 Sic
1813 2924 1848 2980 et

251 3026 373 3118 nobis,
396 3029 536 3120 fratres,
559 3057 666 3131 super
680 3057 746 3104 nos
759 3036 879 3132 potius
893 3059 1001 3131 quarn
1015 3059 1121 3134 super
1135 3037 1252 3133 ipsum
1265 3032 1426 3104 flendum
1441 3047 1506 3120 est,
1521 3029 1621 3128 quod
1630 3052 1672 3100 ea
1683 3025 1847 3102 videlicet

252 3151 537 3223 commiserimus
567 3178 610 3225 ex
636 3155 763 3253 culpa,
784 3180 863 3251 quae
888 3157 946 3228 ille
971 3172 1043 3230 tam
1071 3158 1222 3254 graviter
1247 3153 1402 3255 portavit
1420 3155 1456 3223 in
1475 3176 1594 3250 prena.
1625 3151 1682 3223 Sic
1701 3149 1746 3222 de
1767 3151 1846 3248 ipso

252 3272 468 3366 gaudeamus
488 3299 571 3347 cum
594 3278 698 3375 ipso,
718 3291 758 3348 ut
776 3279 822 3349 de
842 3280 972 3351 nostris
994 3277 1180 3351 doleamus
1203 3276 1368 3367 offensis,
1387 3273 1485 3374 quod
1508 3273 1616 3369 hujus
1633 3273 1707 3344 sive
1725 3296 1845 3344 servo-

250 3416 331 3463 rum
344 3411 462 3466 reatus
481 3398 718 3487 commiserit,
744 3398 843 3496 quod
864 3401 1038 3472 innocens
1055 3401 1231 3471 Dominus
1253 3413 1386 3471 tantam
1410 3419 1553 3495 poenam
1572 3393 1749 3466 sustinuit.
1767 3396 1847 3490 lpse

250 3535 318 3584 nos
336 3513 460 3586 docuit
478 3517 564 3589 llere
584 3519 777 3617 nosipsos,
799 3521 860 3628 qui
879 3544 1065 3618 nunquam
1080 3546 1118 3592 se
1132 3521 1217 3592 llere
1235 3520 1361 3617 legitur
1369 3547 1379 3608 3¹
1394 3517 1457 3590 sed
1468 3542 1544 3588 non
1562 3517 1659 3588 flevit
1675 3520 1846 3586 Lazarum

251 3635 499 3727 suscitaturus,
516 3662 583 3736 pro
597 3638 698 3734 cujus
711 3640 938 3712 suscitatione
951 3641 1071 3712 bonor
1083 3641 1281 3713 hodiernus
1294 3639 1347 3712 est
1360 3641 1392 3711 ei
1405 3663 1427 3710 a
1439 3637 1554 3709 turbis
1567 3634 1756 3709 exhibitus.
1773 3634 1847 3707 Fle-
1953 3629 1960 3642 '

251 3753 300 3824 vit
311 3767 346 3826 et
356 3753 467 3829 hodie
478 3782 590 3856 quum
601 3783 622 3830 a
634 3758 746 3830 turbis
756 3760 997 3832 exultantibus
1009 3762 1260 3857 susciperetur,
1274 3761 1364 3832 sicut
1376 3765 1487 3829 Lucas
1498 3758 1674 3847 meminit,
1687 3755 1843 3828 dicens':

252 3902 270 3939 κ
286 3877 329 3944 Et
341 3901 455 3972 quum
475 3879 781 3977 appropinquaret
798 3880 874 3974 jam
890 3879 936 3950 ad
954 3879 1166 3950 descensum
1185 3880 1318 3951 montis
1343 3877 1472 3949 Oliveti
1483 3931 1493 3969 ,
1514 3891 1700 3975 coepernnt
1720 3898 1847 3948 omnes

249 3992 361 4066 turbae
379 3995 676 4068 descendentium
690 3997 884 4095 gaudentes
898 3997 1044 4070 laudare
1060 4002 1175 4069 Deum
1188 4023 1278 4070 voce
1291 4021 1439 4094 magna,
1455 4022 1563 4094 super
1575 3995 1744 4067 omnibus
1756 4019 1847 4090 quan

249 4111 623 4208 viderantvirtutibus,
632 4115 806 4190 dicentes:
818 4147 836 4186 u
847 4117 1128 4215 Benedictusqui
1136 4113 1277 4190 venitin
1286 4117 1600 4206 nomineDomini,
1610 4139 1680 4214 pax
1688 4115 1726 4184 in
1736 4113 1842 4202 coelO,

251 4259 269 4296 κ
288 4245 324 4304 et
336 4231 448 4330 gloria
466 4235 501 4306 in
521 4234 678 4308 excelsis.
696 4265 714 4303 a
731 4241 775 4309 Et
787 4252 828 4308 ut
838 4238 1153 4338 appropinquavit,
1169 4236 1295 4310 videns
1310 4237 1489 4308 civitatem
1504 4236 1602 4307 llevit
1612 4259 1719 4333 super
1730 4231 1839 4324 illam,

249 4350 392 4426 dicens:
409 4351 536 4443 «Quia
555 4357 585 4428 si
602 4360 830 4454 cognovisses
847 4375 882 4432 ct
899 4374 957 4450 tu,
973 4374 1040 4432 etc.
1059 4388 1077 4428 u
1092 4359 1202 4431 Flevit
1218 4363 1406 4448 lazarum,
1424 4382 1533 4454 quem
1551 4355 1597 4428 de
1611 4355 1792 4451 refrigerio
1808 4370 1844 4427 et

248 4473 328 4544 sinu
351 4473 499 4548 Abrabae
521 4491 751 4550 revocaturus
775 4496 850 4552 erat
876 4482 1042 4553 aerumnis
1061 4481 1241 4580 praesentis
1262 4481 1352 4552 vite.
1370 4478 1492 4551 Flebat
1509 4477 1651 4548 ruinam
1676 4476 1838 4560 civitatis,

249 4607 371 4665 nostra
387 4594 719 4687 amoliendam,
739 4625 814 4672 non
831 4603 988 4700 propria.
1010 4602 1153 4674 Utinam
1172 4602 1222 4673 sic
1233 4625 1300 4672 nos
1314 4600 1407 4672 mala
1420 4614 1541 4672 nostra
1557 4597 1746 4696 deplorare
1760 4621 1842 4695 pos·

250 4736 369 4786 semus
393 4714 483 4788 sicut
505 4729 541 4789 et
562 4716 640 4809 ille,
668 4721 718 4791 sic
738 4719 879 4793 solliciti
898 4724 944 4794 de
962 4721 1067 4795 nobis
1088 4747 1244 4794 essemus
1265 4723 1355 4794 sicut
1378 4718 1470 4819 ipse!
1494 4720 1567 4807 Qui
1583 4718 1630 4790 de
1647 4719 1726 4816 ipso
1742 4716 1842 4788 laeta-

130 4851 148 4882 ·
251 4857 332 4905 mur
345 4848 516 4933 tanquam
530 4836 576 4908 de
588 4837 769 4913 Salvatore
781 4857 928 4930 nostro,
943 4843 1045 4939 cujus
1062 4858 1178 4916 morte
1196 4840 1372 4941 redempti
1392 4865 1533 4932 sumus,
1559 4863 1668 4938 super
1690 4861 1757 4909 nos
1780 4837 1841 4908 de·

250 4950 417 5045 fleamus,
438 4957 500 5053 qui
513 4956 613 5054 qnod
631 4957 688 5031 ille
707 4976 781 5032 tam
801 4963 952 5062 graviter
969 4961 1094 5062 plexus
1116 4978 1169 5036 est
1190 4961 1445 5034 commisimus.
1470 4958 1699 5058 Egredientes
1719 4957 1839 5054 itaque

286 5216 294 5243 ⁴
312 5217 385 5284 Luc,
395 5235 451 5287 cap.
466 5239 539 5288 xxm,
553 5243 575 5278 v.
588 5229 627 5277 ts.
646 5253 668 5264 -—
685 5225 695 5253 ¹
710 5226 784 5302 lbid„
795 5244 818 5279 r.
832 5229 873 5278 ta.
886 5255 918 5267 -
928 5228 939 5256 ⁸
949 5229 1020 5291 Luc,
1032 5243 1086 5294 cap.
1102 5245 1159 5291 xix,
1172 5245 1198 5279 v.
1214 5231 1243 5279 dl
1257 5239 1283 5278 et
1295 5245 1333 5295 sq.
