4510 6108
456 612 525 684 528
1049 607 1178 685 ruunt
1202 609 1438 687 lumnam

454 751 686 823 resectionem
696 763 813 849 parat,
829 748 918 824 dum
933 747 1055 825 ludaea
1071 749 1120 825 de
1134 749 1386 826 observatione
1398 751 1641 852 corporalium
1655 775 1808 853 operum
1823 753 2032 853 obsequium

433 911 438 922 ·
454 873 532 940 Deo
549 867 739 959 ministrat,
757 881 793 940 ct
810 893 924 966 quum
938 871 1031 946 Esau
1042 870 1195 943 exterius
1210 893 1351 968 egressa
1365 869 1411 944 de
1422 869 1615 943 venatione
1626 869 1787 968 sylvestri
1802 888 1942 972 patrem
1955 873 2031 946 refi-

454 1012 535 1060 cere
550 986 703 1060 laborat.
722 986 939 1062 Sollicitatur
955 987 1096 1063 Martha
1108 990 1203 1062 circa
1214 987 1368 1078 diversa,
1382 986 1471 1062 dum
1486 987 1602 1088 legem
1614 989 1720 1063 simul
1738 1005 1775 1064 et
1790 991 2030 1091 Evangelium,

454 1108 621 1180 umbram
637 1122 673 1182 et
687 1109 875 1183 veritatem
887 1133 1101 1216 conservare
1112 1111 1250 1184 nititur.
1271 1110 1377 1184 Unde
1391 1111 1574 1184 conversis
1585 1111 1751 1210 gentibus
1767 1111 1951 1212 indignata
1964 1137 2033 1212 gra·

454 1232 545 1302 viter
560 1229 791 1330 perturbatur
803 1244 839 1302 et
854 1228 1131 1323 scandalizatur,
1150 1228 1251 1329 quod
1266 1230 1317 1304 eis
1332 1254 1479 1331 quoque
1490 1231 1618 1330 jugum
1636 1231 1725 1330 legis
1740 1256 1816 1305 non
1833 1248 1952 1334 potest
1968 1233 2032 1307 im·

454 1372 608 1449 ponere;
627 1347 677 1422 oh
692 1349 765 1422 hoc
776 1349 878 1447 quasi
895 1373 1124 1425 murmurans
1137 1373 1159 1424 a
1171 1349 1331 1436 Domino
1342 1350 1505 1450 requirit,
1522 1364 1564 1424 ut
1577 1349 1647 1426 sibi
1657 1352 1694 1424 in
1707 1351 1877 1426 omnibus
1888 1352 2031 1426 Mariam

455 1470 583 1560 societ3
600 1468 688 1542 dum
700 1468 867 1546 videlicet
881 1470 1063 1570 primitiva
1077 1470 1137 1545 illa
1150 1470 1356 1546 Judaeorum
1372 1469 1529 1546 Ecclesia
1544 1471 1702 1572 postulat
1715 1496 1736 1548 a
1750 1475 1892 1548 vicariis
1909 1473 2031 1547 Christi

456 1588 645 1687 apostolis,
663 1603 705 1661 ut
722 1603 845 1686 gentes
860 1614 1006 1688 quoquc
1018 1587 1203 1688 judaizare
1219 1589 1452 1691 compellant.
1481 1590 1553 1664 Sed
1573 1589 1662 1665 dum
1677 1591 1974 1666 Marthaconstat
1998 1593 2030 1664 in

457 1734 565 1809 opere
582 1707 798 1802 laborando,
816 1724 852 1783 ct
872 1709 968 1785 soras
983 1710 1029 1785 ad
1050 1711 1226 1786 exteriora
1241 1709 1483 1812 progreditur,
1500 1712 1612 1786 Maria
1637 1737 1739 1786 secus
1759 1711 1871 1814 pedes
1892 1714 2030 1785 Domini

456 1827 602 1917 sedens,
620 1841 657 1901 et
668 1827 833 1926 jamlege
847 1828 987 1929 sepulta
1006 1829 1074 1904 soli
1093 1830 1236 1905 Christo
1253 1827 1439 1906 adhaerens
1453 1830 1556 1930 quasi
1569 1829 1680 1904 Jacob
1691 1829 1738 1905 de
1748 1829 1954 1905 domesticis
1965 1835 2031 1904 aui·

456 1932 610 2021 malibus
625 1949 833 2024 interiorem
850 1965 958 2049 atque
976 1950 1163 2025 meliorem
1183 1965 1287 2052 parat
1305 1951 1559 2042 refectionem,
1576 1951 1677 2047 juxta
1690 1949 1780 2025 illud
1797 1951 2027 2024 Psalmistae¹:

458 2099 476 2138 u
491 2073 531 2142 ln
544 2093 603 2142 me
613 2083 710 2161 sunt,
725 2073 834 2162 Deus,
847 2085 933 2145 vota
946 2085 1020 2163 tua,
1035 2097 1115 2172 quae
1127 2071 1292 2162 reddam3
1307 2070 1533 2146 laudationes
1543 2069 1622 2144 tibi.
1636 2099 1654 2139 u
1670 2075 1757 2160 Quae
1767 2095 1878 2171 quam
1889 2069 2029 2144 sollicite

455 2189 597 2262 Christo
609 2187 791 2282 intendat,
810 2205 1031 2266 monstratur
1051 2206 1088 2264 et
1106 2191 1251 2284 dicitur,
1272 2193 1359 2290 quia
1379 2188 1550 2266 audiebat
1565 2189 1717 2265 verbum
1731 2191 1843 2284 illius,
1861 2207 1897 2265 et
1912 2191 2029 2264 sedens

452 2315 551 2409 juxta
567 2309 691 2409 pedes,
706 2335 783 2384 non
799 2335 821 2384 a
837 2311 958 2409 longe.
977 2313 1076 2384 Sicut
1086 2312 1231 2384 enimin
1246 2335 1320 2386 uua
1334 2309 1467 2391 Christi
1475 2335 1631 2412 persona
1645 2311 1827 2404 divinitas,
1846 2338 1925 2412 quae
1939 2337 2030 2412 supe

455 2431 530 2502 rior
542 2443 595 2501 est
612 2444 754 2521 natura,
769 2429 877 2531 capiti
892 2442 1141 2529 comparatur;
1159 2429 1209 2502 ita
1222 2452 1289 2528 per
1303 2427 1414 2529 pedes
1429 2428 1635 2510 humanitas
1650 2432 1726 2530 ejus
1741 2431 1961 2530 intelligitur.
1977 2432 2029 2502 His

456 2549 609 2650 pedibus
624 2551 726 2649 quasi
743 2548 905 2628 sedendo
920 2541 1125 2642 adhaerens,
1148 2547 1249 2633 audit
1263 2547 1416 2625 verbum
1431 2549 1564 2632 Christi
1580 2553 1702 2652 potius
1716 2576 1827 2650 quam
1842 2553 1968 2650 Moysi,
1984 2577 2029 2624 se·

456 2669 603 2770 quando
627 2670 762 2744 scilicet
786 2668 1019 2770 Evangelium
1033 2670 1147 2768 magis
1160 2693 1271 2769 quam
1290 2668 1408 2778 legem
1422 2694 1524 2770 rquae
1537 2684 1613 2745 tam
1630 2671 1734 2746 firma
1750 2670 1823 2746 fide
1835 2672 2028 2746 humanita-

455 2806 529 2862 tem
549 2791 625 2888 ejus
640 2787 887 2890 amplectitur,
904 2802 946 2861 ut
959 2786 1056 2863 hanc
1071 2789 1147 2888 ejus
1162 2813 1274 2864 unam
1288 2788 1446 2864 hostiam
1468 2787 1516 2868 ad
1534 2789 1687 2866 salutem
1700 2789 1863 2866 sufficere
1877 2816 1954 2863 non
1969 2791 2027 2864 du·

454 2913 557 3003 hitet,
570 2909 781 3011 nullumque
789 2908 963 3009 jamlcgis
973 2908 1188 2984 sacrificium
1199 2911 1441 2985 necessarium
1452 2911 1530 2986 fore
1538 2925 1653 3014 putet.
1669 2911 1775 2987 Unde
1784 2915 1822 2987 'et
1833 2913 2025 2986 subditur':

457 3062 475 3098 a
493 3035 606 3103 Porro
628 3053 743 3103 unum
764 3041 818 3102 est
839 3027 1092 3120 necessarium,
1108 3057 1127 3098 n
1144 3029 1230 3130 quia
1243 3053 1358 3130 quum
1373 3029 1513 3105 venerit
1533 3029 1634 3129 quod
1654 3029 1853 3131 persectmn
1868 3047 1941 3122 est,
1958 3055 2029 3104 eva·

455 3148 621 3222 cuabitur
636 3146 737 3248 quod
748 3173 792 3222 ex
806 3161 909 3249 parte
923 3163 995 3241 est3
1012 3147 1085 3222 hoc
1100 3163 1171 3240 est,
1188 3174 1303 3249 quum
1320 3151 1509 3229 accesserit
1523 3150 1667 3243 veritas,
1684 3151 1828 3226 recedet
1842 3153 1982 3245 umbra,
1998 3166 2029 3226 et

455 3268 728 3369 superveniente
740 3267 942 3368 evangelica
953 3266 1173 3368 perfectione
1182 3269 1337 3344 cessabit
1346 3268 1532 3345 inchoatio
1542 3268 1642 3370 legis.
1656 3271 1802 3393 Optima
1812 3296 1896 3373 pars
1907 3273 2025 3362 Maria,

455 3388 608 3478 veritas,
625 3411 736 3486 quam
758 3385 884 3484 elegit,
911 3383 1268 3487 repr'obataumbra,
1285 3387 1507 3488 intelligitur·
1525 3393 1613 3481 Quae
1627 3416 1704 3470 nou
1720 3391 1900 3484 auferetur
1913 3393 1958 3466 ah
1971 3417 2025 3480 ea,

455 3507 541 3604 quia
551 3506 662 3577 finem
677 3529 752 3578 non
769 3504 946 3605 accipient
960 3505 1163 3604 evangelica
1178 3525 1373 3609 praecepta,
1386 3510 1479 3584 sicut
1488 3532 1532 3584 ea
1546 3535 1626 3610 quae
1643 3511 1690 3610 de
1707 3510 1784 3612 lege
1795 3529 1880 3586 sunt
1894 3513 2028 3586 Marthae

456 3642 540 3698 sunt
558 3622 695 3716 ablata3
711 3625 796 3723 quia
807 3617 989 3699 conversis
1002 3626 1131 3700 Judaeis
1145 3625 1271 3725 legalia
1284 3644 1368 3703 sunt
1379 3629 1582 3722 interdicta,
1594 3657 1709 3730 quum
1719 3623 1785 3734 per
1797 3633 1944 3732 Paulum
1954 3633 2028 3713 dici.-

457 3748 532 3818 tur¹
551 3773 559 3815 ι
584 3773 601 3814 «
621 3746 658 3818 Si
673 3743 1006 3837 circumcidamini,
1026 3746 1187 3821 Clnistus
1204 3747 1309 3822 vobis
1327 3747 1418 3822 nihil
1435 3747 1610 3851 proderit.
1629 3779 1646 3820 n
1722 3743 1725 3757 '

438 3971 444 3982 '
492 3975 499 4001 ¹
518 3971 657 4036 Psalmis,
669 3989 693 4024 r.
706 3975 746 4024 ta.
756 3971 808 4012 -¹
821 3974 893 4037 Luc..
904 3989 961 4042 cap.
971 3991 1001 4039 x,
1015 3990 1040 4028 v.
1052 3977 1093 4027 ta.
1104 3976 1158 4016 -⁸
1171 3977 1265 4037 Galea,
1277 3991 1334 4044 cap.
1344 3994 1369 4041 v,
1380 3993 1404 4028 v.
1418 3979 1443 4028 Ξ.
