4590 6110
388 635 393 638 .
463 568 536 640 tlt
1137 565 1373 640 APPENDlX.

462 731 595 803 semper
610 707 795 777 eruditoria
812 706 1051 797 meditabatur,
1068 705 1229 796 docebat,
1247 708 1427 778 fatebatur.
1444 704 1516 775 Tali
1534 705 1709 776 nobiscum
1726 705 1780 774 vir
1794 701 1933 799 simplex
1949 719 1984 773 et
2000 729 2050 774 re-

462 841 549 915 ctus,
562 827 683 896 timens
695 829 854 896 Denmet
865 827 1023 897 recedens
1035 851 1054 896 a
1066 825 1167 916 malo,
1183 825 1254 915 tali,
1272 829 1422 922 inquam,
1436 851 1499 920 per
1509 823 1720 921 aliquantum
1732 825 1894 918 temporis
1906 849 2047 894 conver·

462 945 591 1016 satione
608 943 745 1015 ultimos
761 947 838 1015 vitae
851 971 919 1016 suae
935 946 1005 1016 dies
1022 971 1222 1016 consecrans
1233 949 1322 1035 Deo,
1337 945 1500 1041 pausandi
1513 947 1621 1040 gratia
1633 944 1728 1042 (nam
1740 943 1815 1038 plus
1827 941 1926 1013 solito
1938 943 2048 1012 scabie

461 1083 495 1138 et
511 1065 713 1162 quibusdam
735 1069 888 1166 corporis
910 1066 1243 1137 incommoditatibus
1260 1064 1483 1162 gravabatur)
1504 1091 1523 1135 a
1542 1091 1595 1136 me
1616 1062 1827 1134 Cabillonem
1844 1065 1963 1133 missus
1982 1079 2042 1132 est.

460 1189 545 1258 Nam
567 1205 709 1284 propter
725 1187 814 1258 illins
834 1186 895 1257 soli
917 1190 1167 1276 amoenitatem,
1188 1215 1254 1284 qua
1274 1189 1404 1259 cunetis
1428 1212 1514 1282 pene
1536 1186 1740 1283 Burgundiae
1756 1200 1879 1255 nostrae
1895 1185 2045 1281 partibus

458 1309 649 1400 praeminct,
667 1307 779 1378 locum
792 1309 822 1378 ei
833 1306 980 1377 habilem
992 1333 1099 1403 prope
1111 1309 1228 1378 urbem
1245 1308 1396 1402 quidem,
1410 1306 1467 1377 sed
1481 1321 1592 1376 tamen
1606 1307 1703 1376 Arari
1722 1305 1952 1392 interfluente,
1968 1327 2045 1398 pro·

457 1427 621 1499 videram.
639 1429 692 1497 lbi
700 1430 795 1523 juxta
807 1429 898 1524 quod
909 1428 1167 1499 incommoditas
1179 1428 1407 1524 permittebat,
1423 1429 1560 1523 antiqua
1575 1453 1633 1497 sua
1643 1451 1803 1498 revocans
1817 1427 1940 1515 studia,
1952 1425 2044 1496 libris

457 1571 591 1642 semper
607 1547 842 1617 incumbebat:
857 1573 931 1638 nee,
951 1550 1036 1618 sicut
1050 1549 1092 1617 de
1108 1573 1230 1644 magno
1250 1549 1417 1643 Gregorio
1434 1546 1570 1643 legitur,
1585 1563 1794 1616 momentum
1806 1545 1943 1640 aliquod
1960 1571 2043 1640 prae·

457 1667 558 1736 terire
576 1666 720 1756 sinebat,
738 1669 822 1762 quin
841 1692 973 1761 semper
982 1683 1040 1737 aut
1058 1683 1183 1757 oraret,
1203 1685 1261 1737 aut
1278 1667 1416 1763 legeret,
1433 1683 1491 1738 aut
1505 1667 1678 1756 scriberet,
1693 1682 1752 1737 aut
1768 1667 1922 1736 dictaret.
1941 1669 1979 1736 ln
1991 1668 2042 1737 his

455 1813 627 1859 sacrorum
653 1814 794 1884 operum
823 1789 989 1857 exercitiis
1013 1813 1090 1857 eum
1110 1787 1274 1857 adventus
1295 1786 1384 1856 illius
1404 1788 1585 1882 evangelici
1607 1788 1788 1857 visitatoris
1810 1787 1956 1881 reperit,
1982 1811 2041 1856 nec

453 1933 543 1997 eum,
558 1924 598 1977 ut
613 1906 750 1996 multos,
769 1907 1009 1994 dormientem,
1026 1905 1083 1976 sed
1099 1903 1294 2000 vigilantem
1318 1907 1459 1976 invenit.
1479 1908 1614 1975 Invenit
1629 1932 1707 1975 eum
1728 1930 1805 1975 vere
1828 1905 2037 2000 vigilantem,

452 2044 486 2098 et
498 2028 540 2097 ad
557 2029 753 2098 aeternitatis
767 2028 914 2121 nuptias,
929 2051 998 2095 nou
1015 2040 1055 2095 ut
1070 2026 1209 2110 fatuam,
1225 2025 1283 2095 sed
1301 2041 1338 2095 ut
1355 2028 1540 2121 sapientem
1557 2028 1722 2122 virginem
1735 2028 1898 2097 evocavit.
1920 2027 2040 2098 Attulit

452 2147 543 2218 euim
563 2147 618 2216 ille
641 2171 753 2218 secum
778 2145 965 2241 lampadem
982 2144 1117 2241 plenam
1135 2144 1224 2233 oleo,
1244 2146 1310 2216 hoc
1330 2161 1380 2216 est
1398 2146 1639 2216 conscientiam
1658 2145 1815 2215 refertam
1833 2161 1955 2216 sanctae
1967 2149 2039 2217 vitae

452 2269 661 2340 testimonio.
678 2271 764 2340 Nam
779 2267 821 2336 ad
833 2265 1031 2336 solvendum
1045 2291 1223 2336 commune
1236 2266 1428 2337 mortalium
1443 2265 1596 2337 debitum
1608 2267 1729 2336 morbo
1743 2283 1921 2361 correptus
1934 2291 2039 2362 eoque

452 2390 702 2484 ingravescente
715 2389 750 2458 in
768 2388 861 2457 brevi
879 2387 923 2456 ad
940 2402 1088 2457 extrema
1105 2387 1286 2481 perductus
1301 2403 1362 2457 est.
1382 2390 1479 2457 Tune
1494 2413 1576 2457 vero
1592 2411 1693 2482 quam
1712 2402 1842 2476 sancte,
1864 2411 1966 2482 quam
1981 2387 2038 2457 de·

431 2525 548 2600 ,vote,
577 2536 678 2607 quam
698 2507 864 2580 catholice
881 2509 993 2602 primo
1010 2507 1102 2597 fidei,
1122 2508 1246 2579 dehinc
1263 2523 1477 2603 peccatorum
1495 2508 1739 2580 confessionem
1761 2509 1891 2598 fecerit,
1913 2523 2037 2605 quanto

450 2633 610 2704 inhiantis
626 2631 738 2703 cordis
756 2630 879 2700 affectu
891 2631 1049 2700 viaticum
1067 2631 1347 2727 peregrinationis
1366 2657 1404 2702 ac
1418 2633 1494 2702 vitae
1511 2647 1643 2702 aeternae
1654 2632 1788 2728 pignus,
1810 2657 1934 2728 corpus
1951 2632 2037 2704 scili·

448 2751 742 2846 ceoredemptoris
765 2750 906 2820 Domini
922 2750 1108 2845 acceperit,
1127 2774 1228 2844 qnam
1250 2748 1396 2820 fideliter
1411 2776 1534 2846 corpus
1552 2777 1649 2824 suum
1667 2766 1701 2821 et
1717 2753 1862 2822 animam
1882 2752 1938 2837 hic
1954 2768 1988 2822 et
2001 2754 2035 2824 in

448 2886 611 2943 aeternum
629 2873 692 2966 ipsi
709 2869 1008 2959 commendaverit,
1027 2884 1126 2941 testes
1142 2885 1221 2940 sunt
1243 2869 1390 2967 religiosi
1408 2871 1527 2942 fratres
1548 2888 1582 2942 et
1600 2887 1690 2943 totus
1713 2871 1802 2942 illius
1822 2875 2031 2962 monasterii,

446 2991 564 3087 inquo
580 3016 703 3086 corpus
715 2991 821 3060 sancti
837 2990 992 3084 martyris
1005 2988 1157 3059 Marcelli
1167 2990 1268 3083 jacet,
1283 3007 1481 3062 conventus.
1498 2995 1573 3061 Hoc
1585 2993 1742 3088 magister
1754 2994 1874 3064 Petrus
1887 2993 1954 3064 fine
1965 2992 2033 3064 dies

446 3137 524 3183 suos
541 3113 803 3200 consummavit3
824 3125 858 3180 et
876 3111 934 3205 qui
949 3109 1110 3206 singulari
1129 3111 1276 3180 scientiae
1293 3113 1453 3207 magistro
1471 3113 1533 3183 toti
1553 3139 1640 3207 pene
1656 3112 1732 3184 orbi
1750 3130 1918 3185 terrarum
1936 3132 2032 3186 notos

445 3246 478 3302 et
494 3232 621 3328 ubique
632 3233 779 3303 famosus
788 3245 873 3319 erat,
895 3231 930 3298 in
943 3228 1032 3300 illius
1045 3227 1247 3324 discipulatu
1260 3231 1319 3324 qni
1338 3231 1460 3302 dixit¹:
1477 3233 1638 3302 «Discite
1654 3257 1673 3302 a
1691 3258 1746 3302 me
1763 3233 1843 3328 qnia
1855 3235 1944 3306 mitis
1959 3261 2031 3305 snm

444 3365 478 3419 et
496 3348 632 3420 humilis
650 3351 766 3438 corde,
782 3377 799 3416 n
821 3349 910 3418 mitis
928 3363 962 3438 et
979 3348 1115 3418 humilis
1131 3373 1367 3443 perseverans,
1392 3349 1435 3420 ad
1453 3351 1580 3445 ipsum,
1600 3366 1640 3421 nt
1654 3351 1794 3447 dignum
1812 3369 1862 3422 est
1881 3353 2027 3442 credere,

444 3469 491 3538 sic
504 3469 670 3539 transivit.
691 3473 792 3538 Hunc
809 3493 905 3562 erg0,
920 3466 1120 3536 venerabilis
1137 3483 1171 3536 et
1187 3469 1355 3538 carissima
1379 3471 1414 3538 in
1437 3471 1587 3540 Domino
1607 3496 1724 3561 soror,
1747 3473 1801 3542 cui
1822 3488 1899 3568 post
1915 3499 2030 3544 carna·

443 3589 508 3660 lem
524 3588 679 3684 copulam
693 3604 790 3659 tanto
800 3587 965 3658 validiore
979 3603 1107 3682 quanto
1128 3587 1267 3659 meliore
1284 3588 1406 3659 divinae
1425 3592 1573 3662 caritatis
1588 3591 1725 3663 vinculo
1743 3593 1932 3685 adhaesisti,
1953 3621 2028 3665 cum

442 3735 512 3805 quo
525 3725 560 3780 et
573 3709 635 3780 sub
652 3734 721 3805 qno
738 3709 797 3779 diu
808 3709 959 3778 Domino
977 3707 1172 3778 deservisti:
1187 3708 1291 3798 hunc,
1308 3709 1468 3805 inquam,
1489 3711 1564 3782 loco
1580 3713 1648 3802 tui,
1664 3712 1715 3784 vel
1734 3730 1773 3785 ut
1790 3731 1822 3785 te
1841 3714 1977 3786 alteram
1991 3719 2027 3785 in

442 3832 571 3927 gremio
587 3855 648 3900 sno
666 3829 842 3917 confovet,
867 3842 901 3898 et
922 3829 959 3896 in
978 3827 1125 3899 adventu
1141 3830 1302 3919 Domini,
1322 3831 1357 3900 in
1374 3856 1456 3901 voce
1468 3831 1678 3929 archangeli,
1693 3849 1726 3904 et
1743 3835 1776 3903 in
1798 3835 1877 3906 tuba
1893 3837 1958 3905 Dei
1973 3837 2029 3905 de·

441 3950 631 4021 scendentis
648 3950 690 4018 de
706 3947 804 4038 coelo,
822 3948 884 4017 tibi
905 3971 966 4042 per
987 3947 1090 4041 ipsius
1108 3949 1249 4042 gratiam
1266 3949 1511 4020 restituendum
1529 3969 1687 4023 reservat.
1708 3957 1789 4025 Esto
1803 3979 1883 4050 ergo
1901 3957 1936 4024 in
1953 3961 2026 4027 Do-

442 4070 535 4140 mino
550 4094 680 4139 memor
691 4070 807 4164 ipsius,
822 4083 894 4138 esto
911 4067 1025 4156 etiam,
1040 4068 1067 4136 si
1081 4065 1201 4161 placet,
1214 4083 1248 4136 et
1264 4069 1386 4139 sanctis
1403 4071 1576 4140 sororibus
1590 4087 1699 4142 tecum
1714 4073 1854 4142 domino
1864 4073 2027 4146 famulan-

440 4191 530 4260 tibus
542 4189 662 4261 fratres
680 4189 949 4286 congregationis
961 4201 1084 4257 nostrae
1101 4211 1139 4258 ac
1155 4212 1300 4277 sorores,
1313 4189 1371 4283 qui
1384 4190 1511 4285 ubique
1525 4207 1690 4263 terrarum
1708 4219 1771 4290 pro
1790 4218 1886 4288 posse
1898 4219 1960 4264 suo
1976 4195 2025 4262 ei-

440 4311 531 4401 dem,
547 4312 601 4382 cui
613 4326 647 4381 et
663 4326 713 4400 tu,
727 4311 878 4380 Domino
895 4308 1112 4398 famulantur,
1128 4307 1270 4380 sollicite
1286 4311 1499 4384 commenda.
1519 4311 1616 4384 Vale.

474 4529 482 4559 ⁴
500 4529 595 4594 lauh..
607 4547 663 4598 cap.
676 4547 718 4597 xv,
729 4548 752 4583 v.
764 4533 805 4582 29.
