4510 6108
448 592 526 674 494:
1049 587 1178 660 PETRI
1203 587 1439 662 ABAELARDI

450 747 507 803 cet
523 732 659 827 majora
675 754 784 828 quam
800 755 864 828 per
880 730 1111 829 semetipsum
1127 730 1270 829 operari
1289 730 1457 827 dignatus
1477 746 1548 820 est,
1566 745 1642 804 tam
1663 733 1920 805 miraculorum
1940 733 2038 806 exhi·

452 851 588 921 hitione
617 875 726 948 quam
759 847 1021 946 praedicationis
1052 849 1286 946 operatione,
1320 864 1495 948 tanquam
1525 850 1652 949 spiritu
1674 850 1758 922 Eliae
1783 850 1908 922 Elisaeo
1933 854 2039 948 gemi-

397 969 399 974 ’
454 985 552 1040 nato.
573 969 676 1041 Unde
693 984 729 1040 et
745 971 795 1040 eis
810 969 1041 1068 promiserat,
1060 968 1225 1040 dicens¹:
1247 969 1351 1055 «Qui
1367 969 1534 1042 creditin
1552 995 1628 1060 me,
1647 994 1757 1069 opera
1772 995 1851 1068 quae
1867 996 1933 1066 ego
1950 970 2038 1044 facio

454 1107 489 1163 et
505 1091 580 1188 ipse
597 1089 718 1180 faciet,
737 1105 773 1160 et
789 1089 927 1185 majora
941 1086 1074 1160 horum
1091 1089 1208 1161 faciet.
1220 1118 1237 1157 r>
1252 1091 1390 1161 Scimus
1407 1104 1442 1161 et
1457 1091 1738 1188 primogenitum
1753 1092 1919 1181 fratrem,
1936 1090 1974 1162 id
1990 1107 2039 1162 est

454 1209 652 1299 Christum,
671 1210 772 1306 quasi
794 1209 871 1279 sine
892 1206 1012 1278 liberis
1029 1206 1257 1298 defunctum,
1276 1223 1311 1279 et
1327 1209 1453 1280 fratres
1470 1211 1563 1306 ejus,
1581 1209 1619 1281 id
1639 1225 1692 1281 est
1713 1210 1913 1308 apostolos,
1931 1235 2039 1308 spon·

455 1353 531 1400 sam
548 1329 639 1424 ejus,
658 1326 696 1398 id
718 1343 771 1399 est
791 1326 986 1398 Ecclesiam
1009 1327 1223 1426 suscepisse,
1241 1341 1277 1398 et
1292 1328 1330 1397 in
1347 1352 1390 1400 ea
1405 1328 1546 1426 prolem
1567 1328 1724 1401 filiorum
1740 1331 1966 1401 innumeram
1982 1355 2041 1426 ge·

456 1475 615 1538 narasse,
635 1465 670 1520 et
685 1449 731 1522 ab
748 1449 803 1520 his
819 1447 989 1546 deinceps
1006 1447 1132 1518 diebus
1149 1449 1357 1519 universum
1373 1448 1552 1520 mundum
1568 1449 1763 1545 collegisse.

506 1567 609 1640 Unde
625 1583 801 1666 quantum
817 1566 923 1663 hujus
946 1565 1180 1637 solemnitatis
1204 1567 1323 1662 gratiae
1346 1566 1503 1640 mundus
1527 1566 1675 1656 debeat,
1700 1593 1841 1667 semper
1865 1569 2038 1658 attendat,

457 1694 502 1766 ad
518 1718 627 1793 quem
647 1690 807 1788 undique
832 1687 1075 1784 colligendum
1098 1686 1227 1759 collata
1250 1689 1322 1760 sint
1346 1687 1457 1760 modo
1481 1669 1650 1760 universa
1672 1701 1803 1785 genera
1826 1689 2037 1786 linguarum.

457 1809 672 1887 lntueamini
688 1810 870 1902 universas
884 1806 1016 1878 Christi
1025 1807 1267 1879 solemnitates
1284 1806 1329 1879 ab
1340 1808 1417 1906 ipsa
1432 1807 1507 1903 ejus
1524 1808 1713 1879 Nativitate
1728 1832 1842 1906 usque
1857 1806 1904 1879 ad
1915 1813 2041 1879 Ascen-

458 1938 615 2022 sioncm‚
635 1927 774 2026 etquid
791 1943 877 2000 tunc
894 1927 1051 1998 mundus
1066 1928 1267 2026 perceperit
1283 1927 1368 1998 huic
1384 1927 1503 2023 gratiae
1524 1943 1749 2026 comparate,
1768 1943 1804 2000 ct
1823 1929 1931 2024 longe
1951 1945 2043 2000 caete·

459 2059 507 2128 ris
528 2055 622 2127 hanc
644 2052 870 2124 festivitatem
889 2047 1056 2120 videbitis
1077 2049 1299 2148 praeminere.
1327 2055 1367 2119 ln
1389 2048 1458 2122 hac
1478 2050 1613 2148 quippe
1634 2065 1780 2120 centum
1801 2050 1927 2146 viginti
1947 2050 2044 2120 disci·

459 2177 552 2276 pulis
576 2176 613 2244 in
643 2169 829 2243 coenaculo
855 2169 1080 2265 congregatis
1104 2168 1255 2266 Spiritus
1278 2183 1421 2240 sanetus
1443 2169 1599 2256 inlusus,
1626 2194 1692 2267 per
1716 2171 1812 2268 ipsos
1840 2169 1967 2241 eadem
1991 2167 2043 2240 die

461 2293 602 2366 circiter
617 2291 686 2361 tria
700 2287 811 2360 millia
824 2287 1018 2358 hominurn
1033 2285 1190 2358 lucratus
1206 2301 1270 2358 est.
1286 2285 1394 2373 Quod
1410 2285 1557 2384 quidem
1572 2301 1613 2357 ut
1628 2284 1748 2376 fieret,
1767 2286 1947 2386 dispersos
1962 2289 2043 2359 olim

462 2411 530 2485 sub
551 2407 717 2483 Antiochi
744 2405 993 2505 persecutione
1013 2405 1154 2477 ludaeos
1170 2404 1218 2486 dc
1231 2405 1406 2478 universis
1426 2405 1634 2478 nationibus
1655 2406 1885 2504 ierosolymis
1907 2410 1944 2480 in
1965 2433 2044 2506 prae·

463 2533 554 2606 senti
570 2529 757 2602 festivitate
773 2542 1068 2623 congregaveram
1087 2526 1187 2623 quod
1204 2551 1390 2624 nunquam
1406 2527 1443 2598 in
1461 2527 1530 2598 alia
1545 2526 1734 2598 festivitate
1750 2527 1900 2624 legimus
1916 2528 2044 2600 lactum

458 2679 552 2748 esse.
572 2659 621 2723 Ex
638 2677 712 2748 quo
729 2649 837 2720 etiam
853 2648 982 2745 liquet,
997 2662 1173 2745 quantum
1187 2646 1234 2718 ad
1245 2641 1457 2746 praesentem
1473 2649 1668 2744 gratiarum
1685 2647 1910 2720 festivitatem
1925 2649 2045 2749 populi

464 2776 624 2873 undique
640 2770 834 2849 convenire
851 2769 1024 2858 debeant,
1039 2769 1101 2866 qui
1116 2768 1284 2867 spiritalis
1300 2770 1419 2866 gratiae
1435 2769 1533 2842 dona
1545 2769 1763 2844 desiderant.
1778 2774 1859 2842 llaec
1873 2796 1947 2843 una
1962 2771 2047 2844 lesti-

463 2899 553 2969 vitas
570 2895 705 2992 ubique
721 2907 898 2963 terrarum
913 2889 1109 2962 Ecclesiam
1125 2888 1306 2979 dilatavit,
1325 2905 1361 2962 et
1380 2915 1465 2960 cum
1485 2889 1562 2989 ipsa
1582 2890 1715 2989 pariter
1731 2889 1871 2962 divinas
1887 2877 2047 2963 solemni·

464 3034 554 3089 tates
570 3041 634 3116 per
649 3013 857 3085 universum
872 3009 1053 3082 mundum
1068 3010 1242 3110 plantavit
1263 3009 1514 3101 celebrandas,
1533 3026 1568 3083 et
1590 3011 1754 3082 omnium
1773 3011 1978 3110 linguarum
1998 3039 2048 3110 ge·

465 3135 610 3208 naribus
630 3131 753 3205 laudes
773 3129 839 3201 Dei
855 3129 1041 3228 dispersit;
1059 3145 1101 3202 ut
1121 3130 1206 3202 hinc
1227 3145 1398 3229 appareat
1418 3146 1594 3229 quantum
1614 3130 1698 3202 huic
1719 3131 1899 3236 festivitati
1919 3149 2049 3205 caetera

466 3281 593 3328 omnes
608 3255 680 3327 sint
695 3252 878 3341 obnoxiae,
896 3250 1070 3349 perhanc
1086 3251 1253 3324 videlicet
1273 3250 1406 3350 ubique
1427 3267 1604 3324 terrarum
1624 3251 1873 3324 disseminatae.
1893 3253 1999 3326 Unde
2017 3269 2051 3324 et

400 3436 403 3440 J
466 3377 512 3450 ad
527 3376 634 3471 hujus
643 3351 721 3444 'diei
734 3371 914 3472 praeconia
927 3396 1039 3468 quum
1052 3372 1270 3471 promissum
1279 3373 1341 3462 sit,
1361 3372 1562 3444 «mirabilis
1578 3376 1673 3444 Deus
1689 3375 1726 3443 in
1737 3375 1868 3445 sanctis
1884 3373 1974 3463 suiS,
1988 3403 2004 3440 >t
2018 3391 2049 3446 et

467 3515 505 3570 ut
527 3497 755 3582 dictumest,
778 3489 1052 3589 quodammodo
1074 3493 1112 3563 in
1134 3494 1184 3564 eis
1204 3493 1403 3566 mirabilior
1423 3518 1534 3592 quam
1555 3495 1591 3566 in
1612 3495 1824 3592 semetipso,
1847 3497 1968 3568 statim
1995 3520 2051 3567 an·

468 3615 606 3705 nexuit,
625 3612 723 3684 unde
739 3635 836 3682 nune
857 3611 1011 3683 maxime
1031 3611 1204 3684 mirabilis
1224 3613 1390 3712 apparuit
1410 3641 1418 3684 :
1440 3643 1458 3682 α
1473 3619 1575 3712 Ipse,
1595 3643 1613 3682 a
1632 3615 1766 3713 inquit,
1789 3615 1925 3689 «dabit
1946 3617 2051 3686 virtu·

467 3719 541 3808 tem
552 3751 588 3808 et
600 3733 846 3807 fortitudinem
856 3730 952 3830 plebi
965 3756 1048 3804 suae.
1064 3761 1081 3798 n
1097 3732 1242 3805 Plebem
1254 3734 1388 3833 quippe
1404 3759 1506 3806 suam
1519 3733 1713 3834 discipulos
1725 3736 1828 3826 dicit,
1841 3735 2049 3823 illitteratos,

467 3857 684 3942 rusticanos,
699 3853 744 3924 de
760 3851 886 3924 humili
903 3851 1008 3951 plebe
1025 3845 1244 3952 assumptos,
1259 3879 1324 3953 per
1340 3881 1432 3953 quos
1448 3855 1611 3928 mirabile
1624 3873 1677 3928 est
1691 3871 1790 3929 tanta
1802 3881 1887 3929 eum
1897 3857 2049 3957 operari.

468 3981 521 4048 De
538 3975 667 4075 quihus
683 3999 776 4046 unus
793 3963 918 4047 eorum
935 3973 1128 4046 Corinthiis
1144 3975 1324 4065 scribenS,
1343 3991 1378 4047 et
1394 3976 1595 4075 reprobatis
1615 3977 1835 4076 sapientibus
1850 3992 1886 4050 ct
1901 3969 2055 4077 potenti*-

469 4099 535 4186 bus
552 4097 685 4186 saeculi,
704 4095 791 4168 tales
815 4093 944 4166 idiotas
966 4109 1002 4166 et
1023 4095 1239 4194 impotentes
1264 4096 1344 4194 eligi
1366 4098 1616 4190 considerans,
1636 4101 1706 4172 ait²
1725 4127 1732 4170 t
1754 4130 1771 4167 n
1788 4103 1868 4171 Non
1886 4102 1982 4172 misit
1998 4125 2052 4170 me

469 4218 629 4290 Christus
645 4216 844 4316 baptizare,
863 4214 926 4286 scd
943 4215 1197 4312 evangelizare.
1218 4219 1298 4288 Non
1316 4219 1353 4288 in
1370 4221 1543 4317 sapientia
1564 4221 1683 4308 verbi,
1707 4235 1747 4291 ut
1767 4246 1843 4291 non
1864 4235 2054 4294 evacuetur

469 4365 555 4410 crux
571 4319 714 4409 Christi.
733 4335 893 4406 Verbum
913 4335 1011 4406 enim
1031 4337 1146 4407 crucis
1167 4337 1400 4435 pereuntibus
1425 4339 1573 4436 quidem
1596 4339 1741 4412 stultitia
1765 4353 1836 4429 cst,
1854 4339 1912 4411 his
1937 4353 2054 4411 autem

470 4462 531 4556 qui
547 4459 634 4530 salvi
651 4457 759 4545 siunt,
779 4455 816 4526 id
834 4470 886 4528 est
902 4454 1025 4544 nobis,
1043 4457 1156 4528 virtus
1172 4459 1237 4528 Dei
1253 4475 1319 4531 est.
1339 4461 1520 4560 Scriptum
1540 4477 1594 4533 est
1613 4463 1732 4534 enim:
1753 4460 1906 4533 Perdam
1922 4463 2057 4559 sapien·

468 4582 556 4652 tiam
572 4577 803 4677 sapientium,
818 4591 854 4646 et
865 4575 1093 4674 prudentiam
1108 4578 1341 4676 prudentium
1356 4581 1574 4680 reprobabo.
1591 4581 1660 4654 Ubi
1676 4583 1834 4681 sapiens,
1850 4581 1914 4653 ubi
1927 4580 2054 4664 scriba,

470 4697 533 4768 uhi
548 4696 738 4794 inquisitor
753 4695 860 4792 hujus
875 4694 1013 4767 saeculi?
1030 4701 1157 4768 Nonne
1174 4699 1320 4772 stultam
1341 4699 1423 4772 lecit
1444 4702 1539 4772 Dens
1559 4701 1771 4801 sapientiam
1787 4699 1893 4797 hujus
1911 4697 2057 4772 mundi?

472 4820 561 4886 Nam
576 4816 660 4912 quia
677 4817 712 4886 in
730 4815 795 4886 Dei
811 4815 986 4914 sapientia
1001 4841 1076 4887 non
1094 4819 1264 4914 cognovit
1286 4819 1444 4891 mundus
1459 4845 1523 4918 per
1539 4820 1751 4918 sapientiam
1771 4823 1905 4908 Deum,
1926 4818 2059 4919 placuit

471 4938 547 5008 Deo
572 4959 635 5031 per
652 4932 837 5005 stultitiam
851 4933 1114 5031 praedicationis
1131 4936 1248 5009 salvos
1270 4931 1385 5012 lacere
1406 4939 1604 5012 credentes.
1625 4941 1806 5027 Quoniam
1826 4937 1940 5010 Judaei
1958 4939 2060 5034 signa

504 5205 511 5230 ⁴
531 5204 613 5263 lnam,
628 5218 684 5270 cap.
698 5220 745 5264 nv,
759 5221 782 5254 r.
798 5206 836 5254 12.
849 5230 880 5240 -
892 5203 901 5230 ¹
913 5205 1012 5255 Corinth
1034 5207 1060 5266 l,
1071 5221 1125 5272 cap.
1140 5225 1161 5266 ι,
1175 5223 1196 5256 v.
1215 5208 1253 5256 tl.
