4522 6104
751 540 983 616 exaestuo
1009 543 1054 618 lN
1076 543 1370 618 fluxattattort.
1783 540 1854 614 659

324 707 341 748 n
361 681 402 752 Et
418 677 551 753 bestiis.
570 711 587 748 n
606 684 714 771 Quod
730 686 892 783 superins
908 710 973 784 per
988 685 1118 759 bestias
1135 701 1170 759 et
1182 687 1345 783 jumenta
1362 685 1539 775 distinxit,
1557 683 1617 756 hio
1632 685 1780 756 nornine
1795 683 1856 756 bs⁴

272 800 419 872 stiarum
436 805 675 875 communiter
691 803 979 902 comprehendit.

322 947 341 986 a
356 921 606 1019 Universaeque
623 937 736 994 terrae.
752 951 770 990 v
788 927 881 996 Nota
897 925 996 1021 quod
1018 947 1131 1022 quum
1154 925 1212 997 bic
1233 925 1452 998 concedatur
1472 924 1612 996 homini
1633 938 1708 995 tam
1732 922 1853 996 bestiis

271 1040 402 1133 quaein
421 1056 513 1112 terra
529 1057 630 1130 sunt,
649 1066 758 1139 quam
775 1042 843 1140 ipsi
857 1057 960 1115 terrae
973 1067 1146 1142 praeesse,
1165 1067 1395 1142 nequaquam
1420 1061 1541 1116 tamen
1566 1044 1614 1114 ita
1636 1044 1798 1140 superius
1820 1045 1852 1115 ei

186 1229 190 1235 ,
270 1181 480 1229 concessum
506 1175 578 1249 est,
598 1175 672 1232 tam
693 1160 849 1260 piscibus
871 1163 978 1233 maris
1002 1185 1113 1259 quam
1135 1162 1203 1260 ipsi
1228 1165 1336 1252 mari,
1363 1163 1420 1235 vel
1447 1179 1521 1235 tam
1546 1161 1749 1234 volatilibus
1773 1160 1854 1232 coeli

269 1299 378 1371 quam
394 1277 462 1374 ipsi
477 1276 568 1350 coelo
589 1303 750 1378 praeesse.
775 1284 854 1352 Non
874 1281 972 1352 enim
989 1281 1036 1353 ita
1054 1305 1152 1353 mare
1168 1281 1224 1352 vel
1242 1281 1372 1354 coelum
1388 1282 1425 1352 in
1444 1295 1567 1352 nostra
1584 1279 1849 1377 estpotestate,

270 1393 360 1464 siout
377 1407 471 1465 terra
487 1395 523 1465 in
540 1421 612 1495 qua
628 1421 835 1486 manemus,
854 1411 890 1469 et
906 1397 1054 1471 aedilicia
1070 1413 1194 1470 nostra
1209 1400 1471 1504 constituimus,
1483 1412 1520 1469 et
1531 1421 1640 1494 quam
1651 1397 1698 1468 ad
1712 1412 1852 1469 nostras

268 1508 437 1582 utilitates
452 1514 650 1586 excolendo
668 1538 848 1614 paramus.

320 1659 337 1698 n
352 1632 481 1730 Reptili
497 1634 597 1732 quod
613 1650 779 1708 movetur
796 1638 834 1707 in
856 1651 962 1708 terra.
981 1665 998 1705 n
1020 1641 1097 1708 Hoc
1114 1638 1220 1709 estin
1238 1637 1306 1710 bac
1327 1638 1455 1711 mnndi
1480 1653 1581 1735 parte
1603 1635 1785 1723 inferiori,
1804 1635 1852 1707 ad

267 1749 507 1826 differentiam
526 1755 682 1828 fortassis
698 1755 894 1830 coelestium
914 1755 1141 1845 animalium,
1160 1755 1198 1828 id
1214 1772 1268 1830 est
1284 1757 1459 1845 siderum,
1478 1781 1557 1854 quae
1577 1755 1669 1826 sicut
1690 1752 1850 1854 pbiloso-

266 1868 347 1965 phis
367 1871 484 1944 visum
505 1887 578 1963 est,
598 1875 755 1946 animata
775 1889 876 1964 sunt,
897 1889 933 1948 et
952 1874 1091 1974 reptilia
1111 1876 1231 1972 potius
1249 1877 1285 1947 in
1308 1901 1374 1948 suo
1397 1889 1498 1947 motu
1523 1899 1633 1971 quam
1657 1871 1850 1970 gressibilia

266 2003 350 2060 suut
365 1991 538 2080 dicenda,
557 2016 669 2088 quum
686 1992 838 2092 pedibus
854 2008 1013 2066 careant.
1311 1983 1314 1988 ¹

316 2111 542 2182 «Hominem
569 2111 614 2183 ad
636 2114 828 2208 imaginem
849 2138 964 2185 suam.
984 2113 1147 2184 »Virum
1167 2113 1333 2185 videlicet
1353 2099 1452 2211 prius
1475 2095 1638 2184 condidit
1659 2111 1787 2200 talem,
1810 2125 1851 2182 ut

266 2229 340 2324 ejus
356 2246 448 2303 esset
463 2232 599 2328 imago,
618 2234 710 2303 sieut
724 2235 966 2331 exposuimus.
986 2237 1093 2304 Recte
1110 2248 1303 2330 postquam
1317 2233 1457 2304 'dictum
1474 2249 1545 2322 est,
1566 2263 1584 2302 a
1599 2233 1771 2304 faciamus
1786 2231 1850 2302 bo·

265 2349 400 2418 minem
418 2348 464 2420 ad
480 2351 673 2446 imaginem
690 2366 869 2441 nostram,
885 2380 902 2419 v
922 2351 1090 2424 subditur
1104 2351 1182 2442 bic,
1198 2353 1364 2424 «creavit
1380 2355 1478 2424 Deus
1493 2352 1681 2423 hominem
1697 2349 1743 2421 ad
1760 2352 1849 2422 ima·
1895 2382 1896 2385 ¹

265 2466 384 2562 ginem
401 2491 524 2558 suam,
541 2497 559 2536 n
579 2469 650 2541 hoc
670 2485 724 2542 est
746 2473 833 2560 Dei,
858 2495 932 2542 non
960 2470 1103 2542 alterins
1128 2472 1202 2560 rei,
1226 2472 1317 2542 sient
1341 2472 1462 2542 statim
1489 2471 1597 2542 etiam
1619 2469 1847 2568 supponitur,

266 2583 343 2657 aad
357 2586 552 2682 imaginem
561 2589 627 2658 Dei
638 2589 774 2659 creavit
788 2587 901 2660 illum.
913 2617 929 2655 n
948 2592 999 2659 Ne
1014 2586 1180 2660 videlicet
1196 2613 1310 2685 quum
1323 2589 1596 2686 praemitteretur
1611 2602 1813 2676 «nostram,
1828 2617 1847 2656 >i

264 2729 339 2778 non
360 2705 478 2778 solum
499 2706 544 2780 ad
569 2708 762 2803 imaginem
787 2709 853 2779 Dei
879 2707 992 2780 lactans
1019 2707 1287 2804 intelligeretur,
1306 2732 1433 2778 verum
1454 2708 1563 2778 etiam
1583 2705 1631 2778 ad
1646 2705 1849 2802 aliquorum

265 2825 418 2900 aliorum
429 2827 559 2925 quibus
570 2826 670 2924 loqui
681 2828 876 2916 videretur,
891 2852 1004 2925 quum
1020 2829 1092 2899 ait:
1111 2856 1129 2894 a
1142 2828 1326 2899 Faciamus
1337 2828 1536 2898 hominem.
1552 2854 1570 2894 a
1586 2829 1630 2896 Et
1646 2839 1733 2898 nota
1748 2825 1849 2922 quod

263 2966 376 3041 quum
391 2945 440 3015 ait
451 2943 528 3034 hic,
545 2973 563 3012 a
577 2945 623 3017 ad
639 2946 832 3042 imaginem
847 2947 913 3016 Dei
927 2946 1060 3016 creavit
1072 2943 1192 3033 illum;
1206 2971 1224 3011 n
1244 2959 1281 3016 et
1296 2931 1531 3042 postmodum
1547 2941 1699 3032 addit,·a
1713 2965 1859 3014 masau.

262 3061 337 3134 lum
354 3079 390 3135 et
407 3063 577 3136 seminam
592 3066 727 3137 creavit
742 3089 826 3154 eos,
847 3093 865 3132 >2
884 3089 951 3136 nec
968 3066 1100 3162 reperit
1115 3063 1162 3136 ad
1178 3063 1370 3160 imaginem
1389 3064 1475 3154 Dei,
1494 3087 1608 3160 quum
1624 3059 1710 3134 dicit
1725 3061 1847 3160 plura·

262 3183 342 3255 liter
361 3213 378 3251 o
398 3210 478 3274 eos,
495 3213 513 3254 a
532 3187 624 3258 sicut
639 3185 722 3258 fecit
736 3211 850 3284 quum
872 3186 960 3257 dixit
984 3215 1003 3254 a
1021 3185 1139 3275 illum,
1159 3213 1175 3251 n
1194 3199 1358 3281 patenter
1374 3185 1491 3255 innuit
1506 3183 1552 3256 de
1567 3183 1646 3255 solo
1662 3184 1740 3270 viro
1757 3183 1848 3254 reci-

261 3301 434 3398 piendum
458 3328 535 3378 esse
560 3305 661 3403 quod
687 3305 734 3378 ad
757 3306 951 3401 imaginem
974 3304 1039 3376 Dei
1066 3318 1206 3378 creatus
1231 3304 1289 3375 sit.
1319 3308 1437 3377 Potest
1463 3303 1571 3374 etiam
1602 3301 1716 3372 videri
1746 3300 1847 3397 quod

262 3420 471 3517 adjunctum
487 3439 558 3513 est,
579 3453 597 3492 a
614 3424 660 3497 ad
677 3425 868 3520 imaginem
885 3425 951 3495 Dei
967 3425 1101 3495 creavit
1113 3421 1231 3512 illum,
1252 3450 1270 3490 a
1288 3421 1389 3494 aliter
1406 3421 1538 3494 debere
1554 3419 1717 3516 intelligi,
1736 3444 1846 3517 quam

260 3540 360 3634 qnod
377 3541 513 3614 dictum
529 3557 600 3630 est,
623 3571 642 3610 a
658 3543 704 3614 ad
721 3543 915 3639 imaginem
931 3523 1051 3614 suam.
1067 3567 1085 3608 n
1104 3539 1214 3612 Filius
1232 3541 1366 3639 quippe
1386 3540 1452 3610 Dei
1476 3542 1597 3634 imago
1623 3536 1766 3626 dicitur,
1784 3538 1847 3634 qui

261 3683 302 3730 ex
319 3660 397 3733 solo
418 3667 520 3734 Patre
536 3678 608 3751 est,
631 3685 744 3759 quum
760 3663 911 3759 Spiritus
932 3674 1076 3734 sanctus
1093 3685 1114 3731 a
1133 3664 1235 3731 Patre
1257 3675 1293 3730 et
1313 3658 1401 3730 Filio
1420 3682 1496 3730 esse
1522 3657 1674 3730 dicatur.
1692 3657 1756 3727 Vir
1778 3657 1845 3728 ita·

260 3803 331 3881 que
347 3780 394 3852 ad
410 3781 601 3874 imaginem
619 3781 686 3850 Dei
709 3793 848 3850 creatus
864 3793 938 3866 est,
957 3779 1043 3874 quia
1058 3778 1096 3848 in
1113 3775 1185 3846 boc
1204 3777 1422 3874 praecipuam
1447 3776 1558 3848 habet
1576 3798 1661 3847 oum
1679 3772 1755 3846 filio
1780 3776 1846 3846 Dei

260 3899 547 3988 similitudinem,
566 3898 666 3998 quod
682 3899 773 3970 sicut
788 3897 847 3970 ille
864 3923 906 3971 ex
922 3896 1000 3970 solo
1017 3909 1071 3968 est
1085 3900 1189 3967 Patre
1205 3911 1379 3992 tanquam
1394 3897 1553 3992 genitus,
1569 3896 1617 3966 ita
1630 3895 1696 3966 iste
1709 3918 1752 3966 ex
1766 3892 1844 3966 solo

260 4025 337 4094 Deo
352 4020 461 4092 babet
476 4043 552 4092 esse
568 4035 741 4119 tanquam
752 4032 910 4109 creatus,
925 4041 1000 4089 non
1016 4015 1062 4088 de
1078 4015 1199 4114 aliquo
1217 4015 1361 4088 animab
1378 4029 1597 4112 assumptus,
1611 4015 1703 4086 sicut
1718 4013 1846 4086 mulier

260 4138 306 4211 de
322 4139 400 4210 viro
418 4154 560 4236 sumpta
576 4153 629 4211 est
644 4153 681 4209 et
696 4138 742 4208 de
759 4151 860 4209 costa
874 4137 949 4234 ejus
967 4134 1131 4207 formata.

310 4287 329 4328 a
347 4258 543 4332 Masculum
560 4274 596 4332 et
612 4259 795 4332 seminam.
811 4286 829 4327 »
848 4263 926 4330 Hoc
942 4273 995 4330 est
1016 4256 1103 4329 tales
1127 4257 1189 4353 qui
1215 4255 1262 4329 ad
1288 4255 1585 4354 propagationem
1610 4253 1759 4324 humani
1784 4277 1844 4350 ge·

261 4381 356 4452 neris
372 4379 587 4453 sufficerent.
607 4383 660 4451 De
684 4404 756 4479 qua
776 4381 1037 4478 propagatione
1057 4377 1291 4477 postmodum
1308 4380 1357 4449 ait
1379 4404 1388 4446 ε
1410 4405 1428 4444 a
1443 4375 1598 4446 Crescite
1621 4388 1658 4445 et
1674 4371 1845 4471 multipli-

261 4499 441 4572 camini.»
467 4503 587 4587 Quum
613 4497 700 4571 dicit
727 4522 789 4571 eos
817 4497 1015 4571 masculino
1042 4521 1171 4594 genere
1199 4521 1267 4595 pro
1295 4497 1374 4567 viro
1400 4494 1506 4567 simul
1533 4507 1569 4564 et
1596 4491 1749 4580 femina,
1777 4515 1844 4589 pro

261 4618 432 4714 dignitate
450 4618 559 4692 virilis
575 4644 677 4691 sexus
695 4618 828 4691 lactum
844 4635 920 4691 est:
938 4617 1037 4715 quod
1054 4616 1249 4690 intantum
1267 4617 1375 4688 etiam
1394 4637 1507 4712 usque
1524 4611 1632 4684 hodie
1648 4633 1843 4700 servamus,

261 4754 300 4812 ut
315 4764 390 4814 uno
406 4742 486 4812 viro
503 4741 623 4814 multis
641 4741 781 4812 feminis
799 4753 1002 4837 aggregato,
1021 4763 1133 4836 quum
1151 4729 1302 4836 deipsis
1323 4736 1519 4835 loquimur,
1539 4730 1677 4831 plurale
1698 4729 1845 4828 aliquod

259 4856 475 4954 adjectivum
491 4858 537 4930 de
554 4859 639 4957 ipsis
655 4856 761 4930 simul
777 4857 1017 4955 proferentes,
1037 4854 1235 4928 masculino
1253 4878 1382 4952 genere
1397 4851 1559 4925 contenti
1576 4873 1717 4938 sumus,
1735 4849 1845 4922 veluti

259 4977 289 5048 si
306 4975 352 5048 de
369 4978 454 5074 ipsis
472 4977 633 5050 dicamus
650 4978 734 5075 quia
750 4991 833 5049 sunt
849 4975 937 5047 boni
953 4973 1010 5046 vel
1028 4974 1112 5046 albi.

311 5126 328 5164 α
343 5095 609 5194 Benediiitque.
627 5126 645 5166 a
664 5102 741 5169 Hoc
759 5111 829 5188 est,
848 5096 895 5170 de
911 5096 1051 5170 meliori
1068 5108 1160 5168 statu
1183 5095 1343 5192 ipsorum
1365 5089 1559 5164 immortali
1575 5099 1611 5162 et
1627 5087 1842 5187 incorrupti·
