4536 6102
443 617 515 690 600
1042 614 1171 686 PETRl
1197 614 1431 694 ABAELAllDl

443 755 753 853 quemadmodum
769 756 928 854 praecipit
944 756 1140 845 Dominus,
1157 755 1308 827 verbum
1324 755 1391 826 Dei
1407 754 1602 853 dispenset.
1627 754 1836 842 Prudenter,
1856 771 2028 850 quantum

444 877 490 949 ad
513 876 696 965 homines,
716 891 756 948 ut
772 875 972 947 secundum
989 876 1223 973 capacitatem
1238 874 1461 971 singulorum
1478 873 1637 970 singulos
1654 873 1806 945 erudiat.
1824 873 1914 964 Sed,
1934 875 2030 971 quod

443 999 520 1069 sine
536 995 635 1094 gravi
653 996 751 1068 luctu
770 996 965 1068 dicendum
987 1021 1062 1066 non
1084 1010 1155 1085 est,
1179 993 1338 1066 mundus
1358 993 1604 1068 sacerdotibus
1625 993 1752 1093 plenus
1768 1008 1838 1082 est,
1857 1009 1893 1065 et
1913 1009 2030 1066 tamen

443 1119 472 1188 si
494 1119 541 1188 sit
560 1117 623 1213 qui
640 1116 780 1188 bonum
796 1116 937 1204 audiat,
953 1140 1028 1186 non
1048 1129 1102 1186 est
1121 1115 1184 1212 qui
1204 1114 1314 1204 dicat,
1334 1115 1435 1210 juxta
1450 1112 1572 1184 illud¹:
1589 1112 1764 1185 «Parvuli
1782 1114 1961 1211 petierunt
1975 1090 2036 1211 pa:

446 1261 547 1325 nem,
567 1250 603 1307 et
618 1260 694 1307 non
721 1250 774 1308 est
790 1235 852 1332 qui
868 1234 1028 1333 porrigat
1049 1236 1112 1306 eis.
1130 1261 1149 1301 »
1168 1233 1264 1320 Quid
1291 1233 1423 1305 dicturi
1447 1248 1531 1304 sunt
1555 1233 1704 1330 quidam
1729 1233 1896 1305 moderni
1918 1256 2031 1305 sacer·

446 1356 550 1428 dotes
567 1356 605 1426 in
622 1355 681 1427 die
693 1353 838 1451 judicii,
852 1355 915 1451 qui
932 1353 1098 1426 ordinem
1113 1352 1374 1426 sacerdotalem
1389 1367 1640 1453 susceperunt,
1654 1352 1717 1426 sed
1733 1352 1900 1426 inordate
1915 1354 2033 1425 vivere

445 1499 523 1556 non
539 1473 774 1546 erubescunt?
790 1473 947 1559 Quidam
956 1473 1093 1544 veroin
1110 1473 1284 1544 conviviis
1299 1487 1335 1544 et
1345 1470 1591 1572 potationibus
1604 1497 1688 1544 cum
1703 1471 1811 1569 vulgo
1823 1497 1970 1570 prorsus
1985 1475 2034 1546 in-

447 1592 569 1684 docto,
584 1593 702 1691 pravis
718 1592 881 1666 moribus
895 1607 1081 1692 corrupto,
1100 1607 1178 1666 tota
1189 1592 1248 1664 die
1260 1591 1404 1682 sedent,
1419 1591 1640 1682 fabulantur,
1655 1606 1690 1663 et
1702 1617 1781 1690 quac
1795 1592 1949 1666 dicenda
1960 1619 2032 1666 non

446 1730 529 1787 sunt
550 1714 701 1811 turpiter
719 1727 927 1811 operantur.
946 1713 1051 1784 Lanis
1063 1713 1178 1810 gregis
1193 1712 1367 1784 dominici
1380 1691 1533 1810 superbe
1547 1712 1760 1802 vestiuntur,
1779 1713 1872 1785 lacte
1883 1737 2033 1812 pascun-

447 1851 518 1924 tur,
534 1851 571 1907 et
586 1859 672 1906 oves
688 1833 782 1906 lame
800 1848 836 1905 et
851 1834 1002 1932 penuria
1018 1833 1119 1905 verbi
1134 1834 1201 1905 Dei
1222 1834 1439 1906 moriuntur.
1458 1838 1657 1905 Transeunt
1678 1833 1783 1922 festa,
1801 1833 1929 1906 transit
1945 1833 2046 1932 integ

447 1979 509 2051 ger
524 1979 658 2044 annus,
677 1953 777 2052 quod
793 1978 861 2026 nec
877 1979 991 2025 unum
1013 1953 1165 2026 verbum
1186 1952 1233 2024 de
1260 1978 1323 2025 ore
1348 1954 1510 2051 ipsorum
1536 1953 1730 2048 egreditur,
1752 1977 1826 2050 quo
1848 1952 1951 2052 plebs
1970 1951 2034 2024 sibi

448 2076 639 2147 commissa
656 2073 853 2162 erudiatur,
872 2074 918 2145 de
934 2073 1030 2145 malo
1047 2073 1258 2170 corrigatur,
1277 2073 1324 2146 ad
1343 2072 1485 2144 bonum
1505 2087 1707 2162 revocetur,
1725 2087 1761 2144 et
1777 2073 1815 2143 in
1831 2071 1934 2144 bono
1950 2097 2034 2143 con·

448 2196 623 2270 firmetur.
651 2195 821 2283 Quotidie
846 2210 967 2267 tamen
992 2219 1030 2265 se
1055 2199 1133 2265 Deo
1162 2210 1330 2291 praestare
1358 2194 1573 2291 obsequium
1594 2191 1826 2284 arbitrantes,
1853 2194 1966 2266 verba
1983 2194 2034 2265 di·

449 2321 540 2390 vinae
565 2314 681 2389 laudis
701 2315 880 2411 jubilant,
911 2315 986 2386 imo
1015 2314 1183 2405 sibilaut,
1212 2329 1248 2386 et
1273 2315 1459 2386 audientes
1487 2329 1523 2387 et
1547 2315 1775 2387 intendentes
1799 2338 1892 2386 sono
1917 2315 2032 2400 vocis,
2152 2385 2157 2398 ,

451 2455 550 2536 gestu
567 2440 729 2537 corporis
745 2436 1007 2526 scandalizant,
1024 2461 1100 2508 non
1117 2435 1307 2510 aedillcant.
1327 2437 1492 2532 Cogitare
1509 2435 1684 2508 deberent
1699 2434 1907 2532 hujusmodi
1923 2459 2034 2508 sacer·

404 2621 411 2634 .
451 2559 554 2632 dotes
571 2557 898 2632 animadversiones
918 2554 1147 2655 propheticas
1164 2554 1355 2628 adversum
1373 2579 1412 2628 se
1432 2579 1509 2627 essc
1525 2552 1699 2653 prdlatas,
1718 2553 1850 2652 quibus
1866 2553 2033 2625 dicitur’:

454 2710 470 2746 u
488 2677 564 2748 Erit
579 2678 670 2748 sicut
685 2674 859 2774 populus,
877 2676 929 2746 sic
944 2673 1125 2747 sacerdos.
1142 2702 1159 2742 a
1178 2679 1222 2745 Et
1238 2675 1341 2746 item³
1361 2701 1369 2744 :
1392 2673 1631 2746 «Sacerdotes
1647 2698 1722 2745 non
1740 2673 1928 2744 dixerunt:
1943 2671 2035 2743 «Ubi

454 2826 472 2865 ι(
486 2809 539 2869 est
554 2794 752 2866 Dominus?
762 2821 780 2861 n
794 2807 830 2865 et
845 2807 1007 2866 tenentes
1023 2793 1138 2890 legem
1155 2794 1360 2865 nescierunt
1371 2816 1441 2864 me.
1459 2820 1475 2860 u
1494 2798 1539 2863 Et
1555 2791 1682 2864 illud⁸r
1699 2820 1717 2861 n
1728 2794 1843 2864 Canes
1860 2792 1951 2862 muti
1966 2815 2034 2862 uon

451 2916 609 2988 valentes
624 2915 766 2986 latrare.
785 2942 802 2983 a
822 2917 904 2985 Eat:
927 2919 1075 2986 «Canes
1093 2913 1394 3011 impudentissimi
1409 2913 1615 2985 nescierunt
1637 2913 1908 2985 saturitatem.»
1930 2916 2035 2984 Nemo

452 3038 572 3135 itaque
598 3035 643 3108 ab
665 3036 739 3106 istis
761 3034 1007 3108 sacerdotibus
1024 3049 1185 3134 expectet
1204 3033 1274 3106 sibi
1294 3034 1373 3105 dari
1393 3057 1524 3132 panem
1545 3057 1653 3104 sacrae
1673 3033 1864 3123 doctrinae,
1882 3033 1966 3131 quia
1985 3030 2036 3101 vel

454 3160 617 3231 nesciunt
635 3157 783 3247 docere,
801 3157 858 3229 vel
882 3171 1133 3228 contemnunt.
1154 3153 1392 3228 Considerent
1407 3154 1529 3252 potius
1545 3153 1613 3225 illis
1629 3154 1665 3224 in
1682 3153 1770 3226 locis
1789 3153 1918 3237 doctos
1936 3168 1971 3225 et
1986 3153 2036 3224 di·

453 3306 542 3377 gnos
558 3278 781 3366 sacerdotes,
800 3277 907 3348 bonae
921 3279 1001 3348 vitae
1017 3293 1052 3348 et
1071 3277 1194 3349 lunae:
1210 3275 1290 3348 illos
1306 3275 1438 3349 adeant
1453 3289 1489 3346 et
1505 3273 1671 3364 audiant,
1689 3274 1735 3346 ab
1751 3275 1802 3346 eis
1819 3273 1941 3346 doceri
1957 3299 2036 3372 sup

454 3399 592 3496 pliciter
610 3399 807 3495 requirant.
828 3399 919 3467 Sunt
942 3411 1061 3467 autem
1084 3395 1232 3494 quidam
1253 3395 1524 3494 praedicatores,
1546 3395 1609 3492 qui
1629 3395 1719 3466 sicut
1744 3394 1879 3467 zizania
1900 3395 1937 3464 in
1957 3417 2035 3490 agro

454 3517 601 3586 Domini
616 3541 638 3587 a
654 3514 801 3586 diabolo
818 3529 903 3585 sunt
918 3515 1102 3603 seminati,
1121 3516 1184 3611 qui
1200 3528 1318 3586 totum
1334 3515 1512 3595 mundum
1528 3538 1613 3586 cum
1634 3513 1705 3585 suis
1721 3512 1950 3612 phylacteriis
1964 3537 2037 3610 per-

455 3649 582 3731 agrant
593 3689 602 3723 ,
615 3649 651 3704 et
668 3634 858 3705 indoctum
868 3633 994 3729 vulgus
1011 3649 1046 3705 et
1061 3635 1216 3733 peccatis
1230 3650 1419 3707 oneratum
1434 3633 1554 3706 verbis
1568 3631 1802 3706 mendacibus
1818 3631 2034 3720 beatificant,

456 3755 638 3827 dicentes:
658 3781 675 3821 u
692 3756 779 3842 Pax,
797 3777 886 3851 pax,
904 3780 921 3820 u
939 3778 1052 3850 quum
1069 3779 1145 3826 non
1161 3755 1206 3825 sit
1221 3780 1303 3854 pax.
1321 3756 1425 3827 Unde
1441 3755 1580 3826 Isaias⁸t
1602 3782 1620 3822 u
1636 3752 1772 3853 Popule
1792 3777 1912 3842 meus,
1931 3754 2038 3850 quite

457 3871 662 3946 beatificant
676 3872 744 3970 ipsi
766 3887 800 3943 te
816 3873 1010 3964 seducunt,
1029 3889 1065 3945 et
1086 3876 1183 3946 viam
1203 3900 1389 3971 gressuum
1405 3889 1553 3947 tuorum
1575 3872 1794 3971 dissipant.»
1814 3877 1859 3944 Et
1874 3874 2035 3944 iterumlz

460 4024 477 4062 a
484 3997 596 4063 Erunt
610 3992 673 4089 qui
687 3989 911 4082 beatificant,
925 4007 960 4065 ct
976 3993 1038 4090 qui
1054 3992 1304 4067 beatificantur
1319 3994 1541 4093 praecipitati.
1552 4021 1567 4058 u
1583 3996 1715 4065 Panem
1731 4006 1909 4082 nostrum,
1928 4007 2037 4090 pater,

457 4110 625 4184 danobis
641 4110 768 4200 hodie;
786 4135 906 4210 pasce,
924 4112 1093 4203 Domine,
1113 4137 1237 4211 pasce,
1255 4128 1294 4184 tu
1311 4113 1388 4212 ipse
1403 4137 1490 4185 oves
1506 4111 1585 4184 tuas
1601 4111 1745 4183 :unctio
1762 4125 1824 4181 tua
1840 4109 1970 4183 doceat
1985 4133 2040 4182 eas

457 4231 503 4302 de
519 4229 706 4319 omnibus,
719 4243 761 4300 ut
775 4230 926 4328 Spiritus
942 4245 1024 4310 tuus
1040 4256 1105 4330 per
1120 4233 1300 4304 internam
1317 4234 1572 4332 aspirationem
1587 4230 1644 4302 vel
1661 4229 1864 4302 doctrinam
1879 4229 2041 4302 intimdat

457 4376 568 4450 quam
598 4350 724 4423 talium
756 4352 985 4424 sacerdotum
1017 4378 1058 4425 os
1080 4369 1222 4426 mutum
1242 4378 1318 4425 non
1342 4355 1538 4454 dispensat.
1575 4357 1709 4425 Panem
1729 4352 1850 4450 itaque
1878 4367 2040 4424 nostrum

458 4470 709 4569 quotidianum
736 4469 914 4543 danobis
942 4471 1075 4563 hodie,
1105 4497 1238 4571 panem
1264 4473 1397 4547 scilicet
1413 4473 1639 4573 corporalem
1666 4487 1702 4544 et
1727 4496 1860 4571 panem
1882 4473 2042 4570 spiritua·

458 4593 548 4665 lem:
564 4616 695 4691 panem
711 4592 955 4689 corporalem,
969 4609 1010 4666 ut
1026 4593 1133 4674 facias
1150 4610 1281 4669 terram
1298 4597 1511 4692 germinare,
1528 4593 1708 4666 etfructus
1721 4618 1805 4665 suos
1822 4591 2042 4692 temporibus

459 4714 530 4786 suis
546 4711 715 4784 reddere:
735 4735 868 4810 panem
883 4705 1121 4812 spiritualem,
1133 4731 1175 4788 ut
1189 4716 1339 4815 inspires
1355 4713 1507 4815 praelatis
1523 4729 1559 4785 et
1572 4712 1782 4786 doctoribus
1797 4710 1961 4784 Ecclcsiae
1976 4725 2044 4782 tuae

460 4833 663 4906 doctrinam
678 4848 779 4906 tuam
794 4833 862 4905 sibi
882 4834 1051 4909 traditam
1066 4835 1233 4910 studeant
1254 4835 1402 4913 feliciter
1422 4835 1528 4908 uobis
1549 4850 1585 4909 et
1605 4834 1801 4934 prudenter
1821 4836 2039 4935 dispensare.

496 5136 504 5162 ¹
527 5135 625 5196 Daren,
638 5151 693 5202 cap.
707 5153 741 5200 rr,
757 5155 780 5188 r.
793 5139 818 5188 l.
830 5163 861 5175 ·-
873 5135 883 5163 ²
895 5136 970 5196 Dece.
983 5153 1039 5204 cap.
1054 5155 1121 5205 mv·
1132 5139 1217 5190 ⁰.-⁸
1229 5140 1332 5205 laem..
1346 5156 1402 5212 cap.
1415 5157 1446 5205 n,
1458 5157 1481 5192 r.
1495 5138 1656 5194 8.-⁰lsaie
1674 5153 1731 5205 cap.
1746 5152 1799 5200 tn,
1819 5153 1842 5191 r.
1856 5136 1897 5188 10.
1909 5161 1940 5173 -·
1950 5133 2044 5196 'lbid.,

463 5237 486 5272 r.
504 5227 541 5275 tt.
553 5249 584 5260 -
597 5221 608 5251 ⁶
622 5221 842 5292 lraiacap.rn‚r.
857 5223 1195 5293 12.-'lbid.,crp.1x‚r.
1211 5229 1250 5280 tt.
