4588 6106
905 681 1142 754 EPlSTOLAE.
1748 683 1818 755 169

48 869 52 876 -
166 915 174 932 ι
235 815 293 890 dia
307 815 564 916 periculosior,
582 845 691 919 quam
711 823 936 895 animarum?
953 853 970 894 α
987 826 1126 914 Nolite,
1145 855 1162 892 n
1185 828 1301 924 inquit
1316 828 1490 916 Veritas¹,
1508 855 1526 895 a
1540 827 1666 899 timere
1679 828 1818 925 eosqui

238 940 406 1013 occidunt
424 966 575 1042 corpus,
595 944 721 1017 animae
739 970 825 1018 vero
844 969 918 1018 non
937 946 1071 1020 habent
1091 947 1178 1046 quid
1196 948 1336 1019 saciant.
1357 976 1374 1016 a
1395 949 1431 1018 Si
1443 948 1524 1045 quis
1536 947 1607 1019 hoc
1621 947 1720 1020 audit
1734 970 1819 1019 con·

238 1061 378 1154 silium,
406 1066 485 1161 quis
506 1089 580 1138 non
602 1069 713 1164 magis
728 1081 879 1139 mortem
901 1069 1062 1166 corporis
1081 1094 1188 1168 quam
1208 1069 1334 1140 animae
1352 1069 1479 1140 timet?
1505 1069 1592 1156 Quis
1611 1092 1686 1140 nnn
1709 1069 1820 1166 magis

240 1183 394 1280 gladium
413 1209 522 1281 quam
541 1187 769 1260 mendacium
789 1189 917 1260 cavet?
938 1193 982 1260 Et
1000 1203 1119 1261 tamen
1140 1190 1310 1288 scripturn
1329 1192 1423 1262 est¹2
1444 1219 1461 1257 r<
1477 1194 1527 1260 Os
1538 1188 1638 1286 quod
1652 1192 1823 1262 mentitur

242 1303 370 1375 occidit
383 1306 551 1377 animam.
567 1335 584 1374 a
598 1308 694 1396 Quid
705 1324 778 1380 tarn
793 1308 892 1381 lacile
906 1308 1054 1382 interfici
1069 1334 1178 1408 quam
1192 1310 1310 1380 anima
1323 1307 1464 1408 potest?
1478 1311 1565 1396 Quae
1582 1309 1706 1405 sagitta
1719 1310 1821 1382 citius

242 1424 401 1497 fabricari
420 1451 529 1524 quam
545 1444 732 1527 peccatum
751 1429 871 1502 valet?
890 1432 978 1517 Quis
992 1429 1058 1502 sibi
1072 1455 1093 1501 a
1106 1429 1320 1526 cogitatione
1334 1429 1458 1500 saltem
1472 1429 1660 1525 providere
1678 1429 1820 1527 potest?

242 1546 329 1634 Quis
342 1549 496 1645 propriis
507 1550 661 1646 peccatis
674 1551 865 1648 providere
884 1549 1026 1641 sufficit,
1041 1548 1176 1622 nedum
1190 1537 1340 1620 alienis?
1354 1549 1443 1636 Quis
1452 1546 1601 1619 carnalis
1615 1564 1736 1646 pastor
1752 1549 1822 1646 spi-

244 1665 358 1737 ritales
375 1691 460 1739 oves
470 1692 489 1738 a
500 1667 592 1767 lupis
604 1670 831 1768 spiritalibus,
848 1671 1041 1742 invisibiles
1055 1669 1343 1744 abinvisibilibus
1361 1666 1539 1740 custodire
1550 1667 1723 1739 sufficiat?
1736 1670 1823 1756 Quis

243 1799 420 1882 raptorem
432 1813 506 1859 non
521 1790 662 1884 timeat,
683 1793 745 1889 qui
761 1791 926 1864 infestare
944 1816 1019 1863 non
1033 1805 1166 1882 cessat,
1188 1815 1295 1888 quem
1317 1789 1416 1861 nullo
1436 1813 1626 1887 possumus
1639 1787 1825 1861 excludere

242 1907 355 2000 vallo,
390 1910 489 1982 nullo
521 1911 720 1987 interficere
750 1913 806 1986 vel
837 1913 966 1986 laedere
989 1911 1134 2010 gladio?
1163 1937 1271 2010 quern
1296 1913 1513 1983 incessanter
1537 1910 1766 1982 insidiantem
1791 1925 1825 1982 et

244 2030 394 2101 maxime
412 2031 593 2128 religiosos
611 2049 908 2132 persequentem,
927 2034 1026 2130 juxta
1051 2031 1140 2104 illud
1158 2033 1366 2104 Habacuc’:
1389 2061 1407 2100 κ
1422 2033 1517 2103 Escae
1536 2028 1629 2101 illius
1647 2030 1766 2103 electae
1780 2085 1789 2119 ,
1805 2061 1823 2098 a

246 2154 365 2221 Petrus
384 2153 567 2250 apostolus
589 2154 789 2226 cavendum
808 2154 1041 2242 adhortatur,
1065 2153 1235 2226 dicens⁸:
1260 2182 1278 2221 α
1295 2152 1521 2225 Adversarius
1535 2165 1650 2224 vester
1662 2151 1827 2224 diabolus

244 2286 410 2368 tanquam
435 2273 492 2345 leo
518 2275 681 2372 rugiens,
703 2276 827 2347 circuit
849 2300 1011 2373 quaerens
1033 2299 1141 2372 quern
1168 2274 1364 2347 devoret.»
1393 2272 1501 2370 Cujus
1519 2287 1653 2370 quanta
1673 2274 1716 2344 sit
1739 2297 1827 2371 prae-

244 2393 397 2490 sumptio
425 2394 462 2464 in
489 2393 721 2468 devoratione
746 2411 889 2486 nostra,
919 2397 998 2495 ipse
1019 2396 1196 2468 Dominus
1214 2394 1321 2467 beato
1340 2393 1408 2466 Job
1426 2393 1559 2465 dicit⁸2
1583 2422 1601 2462 a
1620 2392 1828 2466 absorbebit

246 2510 390 2584 lluvium
400 2566 410 2602 ,
432 2528 467 2584 et
485 2538 560 2612 non
575 2515 781 2608 mirabitur,
804 2531 840 2588 et
857 2515 963 2588 habet
984 2515 1152 2588 fiduciam
1166 2514 1266 2613 quod
1284 2515 1411 2586 inlluat
1427 2513 1590 2586 Jordanis
1604 2514 1641 2583 in
1654 2537 1695 2584 os
1706 2513 1794 2610 ejus.
1808 2542 1826 2580 n

243 2631 338 2718 Quid
361 2633 459 2716 enim
477 2635 620 2732 aggredi
637 2661 711 2710 non
732 2653 944 2736 praesumat,
969 2637 1032 2735 qui
1051 2637 1169 2736 ipsum
1189 2658 1334 2733 quoque
1352 2635 1549 2706 Dominum
1572 2659 1754 2730 aggressus
1777 2649 1829 2706 est

245 2753 405 2824 tentare?
431 2757 502 2844 Qui
531 2755 577 2828 de
604 2757 770 2855 paradiso
789 2759 906 2830 statim
927 2759 1063 2858 primos
1083 2771 1248 2858 parentes
1271 2747 1482 2855 captivavit,
1506 2770 1541 2828 et
1565 2754 1611 2827 de
1633 2754 1829 2852 apostolico

244 2886 336 2944 coetu
363 2873 482 2971 ipsum
510 2877 639 2968 etiam,
668 2905 777 2976 quem
799 2881 975 2952 Dominus
1001 2878 1173 2976 elegerat,
1201 2877 1403 2976 apostolum
1428 2875 1570 2974 rapuit?
1600 2876 1688 2962 Quis
1716 2874 1830 2946 abeo

243 2990 342 3064 locus
360 2994 480 3066 tutus?
497 3000 583 3083 Quae
601 2995 753 3072 claustra
771 2999 822 3071 illi
840 3023 914 3072 non
934 3014 1017 3072 suut
1035 2998 1182 3097 pervia?
1201 2998 1289 3086 Quis
1307 2995 1353 3069 ab
1372 2996 1447 3091 ejus
1465 2995 1601 3067 insidiis
1620 2994 1828 3092 providere,

243 3114 323 3210 quis
350 3116 425 3210 ejus
453 3115 651 3192 fortitudini
668 3121 762 3193 valet
780 3122 968 3196 resistere?
992 3127 1071 3220 lpse
1090 3135 1142 3192 est
1158 3121 1222 3218 qui
1246 3143 1321 3190 uno
1339 3117 1494 3216 impulsu
1515 3117 1724 3188 concutiens
1747 3140 1834 3214 qua·

186 3303 189 3309 .
244 3249 327 3305 tuor
344 3235 493 3332 angulos
512 3238 644 3311 domus
662 3242 774 3312 sancti
791 3242 857 3314 viri
876 3240 986 3332 Job⁸,
1016 3239 1109 3312 filios
1127 3253 1163 3312 et
1180 3238 1269 3310 filias
1293 3239 1502 3310 innocentes
1520 3237 1695 3333 oppressit
1719 3251 1756 3307 et
1777 3261 1835 3308 ex·

246 3355 357 3426 tinxit.
380 3355 475 3443 Quid
495 3383 598 3430 sexus
623 3359 800 3433 infirmior
819 3364 988 3436 adversus
1007 3335 1125 3460 ipsum
1144 3358 1305 3458 poterit?
1327 3358 1392 3428 Cui
1411 3356 1573 3428 seductio
1595 3354 1671 3450 ejus
1695 3369 1834 3427 tantum

244 3477 402 3550 timenda
419 3495 496 3572 est,
519 3497 694 3579 quantum
712 3484 877 3557 femine?
892 3489 993 3556 Hanc
1010 3485 1144 3583 quippe
1162 3485 1238 3582 ipse
1250 3484 1405 3582 primum
1421 3480 1581 3572 seduxit,
1598 3495 1709 3578 etper
1722 3483 1834 3578 ipsam

243 3596 358 3670 virum
385 3599 461 3696 ejus
486 3602 640 3700 pariter,
668 3617 703 3674 et
730 3617 844 3676 totam
873 3605 1118 3701 posteritatem
1140 3601 1342 3701 captivavit.
1375 3598 1558 3698 Cupiditas
1579 3598 1725 3696 majoris
1746 3597 1836 3671 boni

244 3719 466 3813 possessione
492 3723 641 3793 minoris
666 3723 853 3796 mulierem
877 3723 1041 3821 privavit.
1063 3726 1138 3793 Hac
1158 3745 1304 3818 quoque
1324 3733 1398 3791 arte
1414 3743 1511 3792 nunc
1530 3719 1630 3790 facile
1648 3717 1834 3791 mulierem

244 3836 412 3929 seducet,
439 3865 551 3937 quum
571 3865 722 3939 praeesse
744 3843 856 3940 magis
877 3865 986 3940 quam
1010 3841 1180 3941 prodesse
1209 3841 1383 3939 cupierit,
1415 3864 1536 3912 rerum
1557 3839 1752 3912 ambitione
1776 3840 1833 3912 rel

244 3955 390 4029 honoris
411 3959 458 4030 ad
479 3959 552 4030 hoc
571 3961 736 4059 impulsa.
754 3961 863 4050 Quod
880 3977 1000 4034 autem
1022 3960 1153 4032 horum
1172 3961 1390 4059 precesserit
1408 3961 1593 4058 sequeutia
1612 3959 1830 4059 probabunt.

243 4077 277 4146 Si
297 4101 383 4148 vero
402 4077 586 4182 delicatius
605 4082 731 4154 vixerit
751 4081 896 4179 praelata
922 4105 1032 4180 quam
1051 4079 1230 4177 subjecta,
1253 4080 1311 4152 vel
1334 4081 1364 4152 si
1381 4105 1489 4179 supra
1506 4081 1753 4152 necessitatem
1772 4081 1834 4152 ali-

244 4197 330 4293 quid
352 4197 419 4270 sibi
437 4200 617 4298 peculiare
641 4202 895 4294 vindicaverit,
919 4227 994 4275 non
1023 4201 1173 4273 dubium
1199 4215 1251 4272 est
1268 4200 1340 4272 hoc
1358 4225 1436 4272 eam
1454 4201 1680 4300 concupisse.
1702 4201 1737 4272 Si
1755 4225 1835 4299 pre·
1943 4203 1948 4214 '

246 4319 389 4390 tiosiora
417 4320 651 4418 postmodum
676 4347 785 4420 quam
813 4338 918 4396 antea
943 4323 1121 4420 quaesierit
1143 4335 1376 4411 ornamenta,
1407 4321 1569 4418 profecto
1599 4345 1690 4392 vana
1722 4337 1835 4393 tumet

247 4437 368 4534 gloria.
391 4438 513 4525 Qualis
526 4440 625 4539 prius
639 4442 791 4513 extiterit
803 4442 1037 4541 postmodum
1050 4439 1245 4540 apparebit.
1263 4441 1372 4528 Quod
1385 4441 1484 4538 prius
1497 4438 1697 4532 exhibebat,
1714 4455 1836 4511 utrum

248 4561 354 4632 virtus
372 4558 476 4632 luerit
494 4585 541 4632 an
566 4562 769 4652 simulatio,
797 4561 970 4635 indicabit
993 4561 1163 4659 praelatio.
1192 4560 1365 4633 Trahatur
1388 4560 1434 4632 ad
1458 4560 1700 4659 praelationem
1724 4561 1836 4658 magis

246 4704 353 4775 quam
371 4681 513 4771 veniat,
533 4680 673 4753 dicente
691 4683 851 4754 Domino
863 4687 896 4750 ⁷:
919 4686 1088 4754 «Omnes
1106 4695 1286 4779 quotquot
1297 4682 1462 4770 veniunt,
1479 4681 1574 4751 sures
1586 4694 1717 4752 suntet
1729 4679 1835 4751 latro·

247 4825 346 4872 nes.»
363 4803 568 4892 Venerunt,
590 4803 707 4899 inquit
726 4802 987 4898 Hieronymus,
1010 4831 1028 4870 κ
1046 4824 1121 4874 non
1139 4802 1202 4899 qui
1215 4801 1313 4872 missi
1330 4817 1424 4874 sunt.
1440 4829 1459 4868 a
1475 4804 1643 4872 Sumatur
1655 4801 1775 4900 potius
1788 4803 1835 4874 ad

246 4917 424 4992 honorem
444 4945 554 5018 quam
577 4920 643 4993 sibi
663 4936 781 4994 sumat
800 4920 1003 4994 honorem:
1024 4925 1174 4994 «Nemo
1192 4922 1340 5014 neuim,
1361 4922 1477 5020 inquit
1491 4919 1679 5020 Apostolus
1690 4923 1719 5010 ⁸,
1738 4922 1834 4994 «sibi

280 5149 287 5174 ⁶
306 5149 471 5219 llatth.,‘cap.
484 5168 550 5216 x‚r.
561 5153 708 5216 28.-Luc.,
719 5167 775 5219 cap.
788 5169 837 5216 ιιι,
849 5167 875 5222 r.¹
886 5150 1025 5203 l.-¹Sa-
1058 5169 1080 5205 t.
1106 5157 1144 5205 ta.
1161 5179 1189 5190 -
1207 5153 1215 5181 ¹
1232 5154 1314 5214 loeo„
1329 5169 1386 5222 cap.
1407 5169 1443 5215 ι,
1467 5169 1491 5206 r.
1506 5155 1535 5204 .8.
1548 5177 1580 5196 -·-
1595 5153 1605 5180 ⁸
1619 5154 1705 5212 Hebe,
1728 5168 1783 5220 cap.
1802 5169 1816 5204 t
1825 5189 1832 5214 ,

246 5240 331 5295 piena,
342 5251 399 5302 cap.
412 5251 435 5297 ι,
447 5251 470 5286 r.
486 5235 692 5298 tl.·-¹llabae.‚
704 5253 759 5303 cap.
771 5253 793 5300 r,
805 5253 829 5287 r.
843 5238 882 5288 16.
892 5235 1025 5297 -‘Petr.,
1059 5253 1082 5288 v.
1101 5238 1127 5288 l.

207 5317 212 5324 '
249 5320 1025 5387 eap.v,v.s.-·toe,eap.xt,v.1t.-·1btd.,cap.·1‚

367 5425 379 5469 ι
1676 5407 1716 5468 22
