4522 6102
469 647 516 716 68
1012 638 1204 712 rlNDREAE
1229 636 1503 724 eutecetis}

469 788 538 858 ejus.
552 807 564 833 n
579 785 696 856 Ipseque
707 783 789 836 etiam
803 778 969 834 monialibus
982 777 1037 834 illis
1051 778 1177 834 modium
1189 777 1323 833 frumenti
1338 776 1455 850 singuiis
1474 777 1571 844 annis,
1590 787 1620 830 et
1636 783 1723 831 totam
1735 775 1924 848 *piscationem
1939 778 1969 831 in
1982 795 2045 832 mo-

470 876 592 932 lendinis
603 876 660 930 suis
671 873 744 947 apud
758 875 858 927 Pontes
870 871 964 937 dedit,
981 883 1011 926 ut
1024 873 1053 927 in
1066 871 1167 926 litteris
1179 870 1286 925 domini
1298 871 1417 943 Eugenii
1431 870 1474 924 111
1486 887 1560 943 pape
1573 885 1655 942 supra
1670 869 1763 924 relatis
1775 871 1945 925 continetur.

504 969 548 1025 Ad
567 970 641 1030 haec,
661 989 674 1016 a
685 965 757 1022 Galo
768 975 796 1018 et
810 963 961 1019 Adelaudis
972 983 1042 1020 uxor·
1052 965 1113 1035 ejus
1125 982 1205 1019 soror
1220 962 1364 1018 Ermelinas
1375 981 1436 1038 qne
1450 979 1478 1018 se
1491 964 1550 1018 Deo
1566 973 1596 1018 et
1609 961 1728 1017 ecclesiae
1741 962 1875 1018 paracleti
1893 964 1923 1018 in
1941 968 2042 1020 mndi-

469 1063 615 1119 monialem
636 1060 727 1125 dedit,
750 1059 932 1114 laudaverunt
951 1070 978 1114 et
996 1069 1191 1114 concesserunt
1209 1059 1268 1114 Deo
1289 1068 1317 1113 et
1339 1057 1419 1114 dicte
1442 1057 1560 1113 ecclesie
1582 1057 1717 1113 Paracleti
1739 1067 1768 1112 et
1784 1057 2042 1114 sanctimonialibus

466 1155 570 1211 ibidem
584 1155 643 1208 Dec
655 1153 839 1208 servientibus
851 1151 1027 1206 medietatem
1039 1151 1191 1207 molendini
1204 1150 1239 1206 de
1247 1152 1398 1218 Creuecor‚
1411 1161 1440 1206 et
1449 1151 1541 1206 vineas
1554 1151 1637 1205 etiarn
1652 1149 1686 1206 de
1696 1151 1848 1218 Crcveccr,
1862 1160 1891 1205 et
1899 1167 1930 1204 xc
1939 1149 2042 1206 solidos

465 1265 578 1303 census:
594 1258 623 1302 et
636 1248 664 1301 in
677 1247 733 1300 hoc
746 1263 830 1300 censu
843 1245 1002 1300 babuerunt
1015 1245 1235 1300 sanctimoniales
1249 1243 1383 1299 Paracleti
1396 1261 1509 1300 censum
1522 1245 1656 1312 Pruvini,
1676 1253 1705 1298 et
1717 1243 1770 1298 hoc
1784 1243 1860 1316 quod
1874 1241 1994 1298 restabat
2007 1245 2041 1300 ad

464 1339 673 1413 percipiendum
695 1337 730 1392 de
751 1356 782 1390 xa
800 1337 895 1392 solidis
914 1336 1049 1409 ceperunt
1070 1336 1145 1408 apud
1167 1338 1284 1391 letinae.
1306 1337 1426 1410 Heoque
1446 1336 1587 1392 concessio
1606 1336 1677 1391 lacta
1694 1346 1738 1390 est
1756 1333 1831 1408 apud
1842 1335 1998 1390 Provinum
2013 1338 2040 1392 in

464 1433 607 1504 presentia
627 1429 737 1484 comitis
748 1427 902 1484 Theobaldi
915 1471 922 1493 ,
937 1439 966 1484 et
979 1428 1121 1483 Mathildis
1138 1429 1282 1484 comitisse
1291 1430 1385 1484 uxoris
1404 1429 1479 1501 ejus,
1492 1439 1521 1484 et
1533 1447 1584 1500 per
1596 1446 1710 1483 manum
1723 1429 1807 1483 etiarn
1819 1429 1906 1500 ipsios
1919 1429 2040 1486 comitis.

464 1524 520 1594 Qui
532 1540 640 1588 comes,
656 1531 688 1574 ut
701 1522 759 1574 lraec
771 1520 877 1574 stabilis
890 1533 919 1576 et
932 1520 1090 1576 inconvulsa
1104 1531 1289 1592 permaneret,
1313 1539 1373 1575 eam
1387 1521 1470 1594 sigilli
1485 1523 1527 1576 sni
1543 1521 1710 1577 auctoritate
1723 1519 1898 1576 corroborari
1912 1525 2041 1594 precepit

462 1633 535 1670 anno
549 1615 583 1669 ab
600 1615 706 1670 incarn.
722 1613 835 1666 Domini
848 1631 982 1680 noxrxrrr,
998 1624 1133 1686 regnante
1146 1611 1287 1666 Lndovico
1305 1631 1370 1684 rege
1384 1614 1573 1682 Francorum,
1588 1613 1722 1669 Heinricc
1735 1611 1944 1686 archiepiscopo
1958 1631 2040 1668 seno-

463 1707 540 1761 nensi
555 1704 685 1761 cathedra
700 1703 852 1772 residente,
865 1705 975 1759 Hatone
987 1722 1051 1759 vero
1063 1703 1193 1777 episcopo
1207 1703 1388 1759 Trecsnsium
1402 1705 1546 1760 existente.
1561 1727 1574 1756 a

497 1797 652 1852 Ludovicns
666 1813 777 1870 qnoque
790 1798 848 1868 ipse
862 1797 1032 1850 Francorum
1045 1814 1092 1850 rex
1108 1795 1213 1850 eisdem
1235 1818 1248 1844 a
1260 1795 1515 1851 sanctimonialibus
1534 1795 1569 1851 de
1584 1796 1726 1852 Paracleto
1746 1799 1774 1850 in
1790 1807 1955 1870 perpetuum
1970 1815 2040 1852 con-

462 1889 556 1956 cessit,
569 1900 601 1944 ut
614 1906 757 1963 nunqnam
770 1889 805 1942 de
818 1887 990 1961 quibuslibet
1001 1889 1092 1956 rebus,
1107 1906 1176 1962 quas
1187 1890 1252 1961 ipsae
1264 1888 1307 1942 rel
1320 1889 1469 1944 servientes
1479 1889 1600 1962 ipsarum
1615 1888 1650 1944 ad
1664 1907 1730 1944 usus
1741 1889 1901 1946 earumdem
1914 1903 2040 1946 emerent

380 2026 388 2034 .
461 1982 501 2036 vel
515 1983 635 2054 proauis
648 1982 857 2037 necessitatibus
868 1981 903 2036 de
916 1983 973 2036 suis
985 1981 1107 2054 propriis
1120 1981 1202 2036 rebus
1212 1980 1377 2051 venderent,
1392 1981 1513 2056 aliquam
1524 1981 1565 2037 illi
1579 1982 1622 2037 vel
1635 1982 1839 2038 successoribus
1852 1984 1908 2038 suis
1919 2000 2038 2038 consue·

460 2074 586 2130 tudinem
600 2077 628 2129 in
642 2085 699 2130 tota
714 2085 788 2130 terra
798 2093 845 2128 sua
861 2073 1057 2146 persolverent.
1072 2073 1156 2144 Quod
1170 2084 1203 2129 ut
1216 2085 1309 2130 ratum
1321 2085 1350 2129 et
1358 2075 1557 2130 inconcussum
1569 2087 1761 2148 permaneret,
1779 2076 1885 2148 scripto
1896 2093 2039 2132 commen-

459 2167 518 2222 dari
536 2169 679 2240 praecepit,
703 2178 731 2222 et
743 2185 778 2221 ne
791 2175 884 2239 posset
899 2184 914 2218 a
933 2168 1049 2238 posteris
1069 2165 1199 2238 iniringi,
1220 2167 1304 2240 sigilli
1323 2169 1365 2222 sui
1378 2168 1545 2223 auctoritate
1557 2168 1748 2223 corroboravit
1759 2167 1870 2242 publice
1882 2166 1958 2240 apud
1968 2168 2038 2224 San-

459 2271 534 2316 ctum
547 2261 721 2317 Germanum
733 2262 762 2314 in
773 2261 858 2331 Leya,
874 2279 946 2314 anno
957 2261 1092 2314 incarnati
1105 2259 1192 2316 Verbi
1206 2279 1327 2329 ncrxxv,
1350 2262 1430 2334 regni
1446 2264 1487 2317 sui
1505 2279 1596 2328 nvn,
1612 2262 1752 2318 Ludovico
1767 2261 1888 2318 filiosuo
1902 2263 1930 2318 iu
1943 2281 2037 2338 regern

460 2354 637 2428 sublimsat]o
650 2372 724 2410 anno
736 2372 777 2410 nr.
795 2377 808 2406 a

492 2449 626 2504 Praeterea
643 2449 785 2504 Mathildis
798 2449 949 2515 comitissa,
966 2449 1120 2504 Tlrecbaldi
1134 2451 1246 2523 conjux,
1267 2451 1405 2506 abbatiam
1420 2453 1448 2504 in
1462 2449 1523 2505 loco
1536 2450 1657 2505 Pomerii
1671 2460 1857 2505 constructam
1871 2469 1887 2503 a
1900 2467 1937 2518 se,
1956 2467 2037 2523 para·

459 2541 571 2597 aletensi
594 2541 720 2596 coenobio
742 2540 882 2595 subditam
898 2559 956 2595 esse
970 2541 1067 2597 voluit.
1082 2542 1117 2596 Et
1130 2559 1182 2614 pro
1196 2545 1373 2598 concessione
1388 2541 1512 2614 predicti
1525 2541 1594 2610 loci,
1615 2560 1699 2616 quem
1717 2541 1842 2597 Heloissa
1858 2543 1932 2616 ipsa,
1947 2544 2036 2616 prima

459 2634 592 2689 Paracleti
606 2634 760 2703 abbatissa,
777 2633 970 2706 religiosorum
985 2636 1144 2688 interventu
1157 2637 1279 2689 virorum
1293 2637 1318 2689 ei
1334 2633 1448 2690 dederat
1460 2632 1495 2688 ad
1505 2635 1757 2702 constructionem,
1778 2657 1791 2684 a
1803 2632 1881 2688 dedit
1900 2637 2038 2692 comitissa

459 2726 578 2782 ecclesie
597 2725 730 2780 Paracleti
749 2735 806 2779 tres
824 2723 931 2779 modios
950 2725 1084 2779 frumenti
1101 2741 1151 2797 pcr
1169 2726 1292 2798 singulos
1310 2743 1397 2780 annos
1408 2727 1438 2780 in
1457 2723 1617 2780 molendino
1632 2743 1682 2781 suo
1693 2727 1806 2782 Provini
1820 2727 1872 2783 sub
1884 2729 2037 2795 Crevecor,

458 2821 540 2874 laude
559 2819 679 2875 filiorum
705 2835 820 2873 suorum
840 2818 973 2872 comitum
995 2817 1125 2886 chrici,
1148 2817 1318 2887 Theobaldi,
1341 2828 1370 2873 et
1388 2818 1537 2891 Stephani,
1549 2839 1563 2869 s
1586 2819 1658 2873 sicut
1677 2831 1719 2874 est
1740 2821 1770 2874 in
1790 2819 1890 2875 litteris
1909 2821 2039 2894 Hngonis

457 2912 657 2985 archiepiscopi
672 2912 832 2966 senonensis
844 2910 896 2964 bac
909 2909 944 2963 de
958 2927 989 2964 re
1001 2908 1149 2976 coniectis;
1168 2928 1236 2983 quas
1247 2911 1330 2965 etiam
1344 2928 1426 2982 supra
1439 2928 1503 2964 cum
1516 2909 1681 2982 pontificum
1696 2928 1874 2966 romanorum
1895 2913 2038 2986 rescriptis

457 3006 577 3076 integras
591 3002 749 3056 retulimus.
762 3004 772 3073 [
783 3001 857 3056 Vide
870 3001 905 3055 ad
917 3000 1019 3055 calcem
1036 3001 1151 3071 hujusce
1164 3000 1312 3055 voluminis
1332 3001 1360 3055 in
1378 3001 1560 3074 appendice]
1580 3003 1698 3074 Insuper
1716 3003 1888 3058 confirmavit
1901 3003 2037 3060 decimam

456 3098 490 3152 de
502 3099 603 3153 Sancto
616 3098 737 3151 lilartino
750 3096 785 3150 de
797 3096 909 3167 Campis
920 3106 949 3149 et
961 3094 997 3148 de
1009 3095 1087 3162 Boal,
1103 3112 1186 3167 quam
1198 3092 1367 3148 Guillelmns
1381 3093 1499 3148 clericus
1511 3095 1570 3166 ejus
1588 3094 1668 3150 dedit
1685 3105 1748 3168 post
1761 3095 1905 3151 decessum
1919 3097 2038 3153 ecclesia

456 3191 587 3246 Paracleti
596 3201 625 3244 et
637 3187 893 3244 sanctimonialibus
905 3186 1009 3240 ibidem
1023 3187 1081 3240 Deo
1093 3187 1284 3256 servientibus,
1297 3205 1370 3242 anno
1384 3189 1467 3254 lilii,
1480 3198 1615 3260 regnante
1625 3187 1764 3243 Lndovico
1776 3189 1946 3244 Francorum
1961 3207 2037 3264 rege,

456 3285 576 3356 lingone
588 3281 797 3354 archiepiscopo
809 3279 953 3334 senonensi
967 3279 1111 3334 existente.
1128 3262 1251 3334 Necnon
1266 3290 1295 3334 et
1307 3265 1359 3334 alia
1374 3279 1494 3352 plurima
1504 3280 1577 3336 bona
1587 3279 1679 3335 eidem
1694 3280 1821 3336 coenobio
1836 3282 1966 3354 contulit,
1978 3301 2037 3356 que

457 3378 573 3432 recitare
583 3375 698 3447 longum
710 3392 742 3428 ac
754 3371 926 3428 fastidiosum
938 3372 1021 3426 loret.

490 3469 617 3542 Denique
632 3491 645 3518 a
657 3468 732 3522 Hato
745 3467 803 3538 ipse
815 3467 948 3521 trecensis
962 3467 1109 3538 episcopus
1119 3464 1295 3522 medietatem
1308 3468 1399 3522 omnis
1407 3467 1519 3522 decime
1530 3467 1566 3522 de
1575 3469 1677 3524 Sancto
1687 3468 1805 3537 Albino,
1821 3481 1849 3525 et
1859 3469 2035 3526 medietatem

456 3564 631 3620 candelarum
648 3564 677 3617 in
687 3561 881 3635 purificatione
891 3561 977 3615 beate
990 3561 1082 3614 Mariae
1092 3560 1170 3616 dedit
1189 3585 1195 3615 ι
1217 3562 1285 3617 Milo
1298 3561 1332 3617 de
1346 3563 1502 3633 Quinceio,
1517 3563 1611 3632 miles,
1627 3562 1662 3620 de
1674 3581 1785 3620 assensu
1800 3565 1893 3619 uxoris
1914 3583 1967 3621 sue
1982 3567 2036 3623 Pe-

456 3656 587 3724 tronillae,
603 3666 631 3710 et
646 3653 694 3710 srlii
708 3655 749 3707 sui
763 3654 910 3721 (lornarii,
926 3663 954 3706 et
969 3651 1028 3706 liiias
1042 3671 1095 3707 suae
1108 3653 1211 3723 Isabcl,
1223 3655 1358 3729 quicquid
1370 3655 1489 3712 hahebat
1502 3659 1532 3711 in
1545 3655 1653 3710 decima
1669 3656 1704 3710 de
1716 3657 1865 3728 Quinceio.
1878 3680 1892 3708 a
1908 3657 2037 3714 Ansellus

454 3735 584 3807 dominus
602 3747 748 3820 Trianguli
769 3747 924 3820 prioratum
943 3746 1151 3801 conventualem
1164 3747 1249 3802 Beate
1262 3747 1355 3802 illaria
1368 3747 1405 3803 de
1418 3745 1572 3822 Triangnlo
1591 3749 1619 3804 in
1638 3750 1757 3804 trecensi
1775 3748 1896 3818 diocesi,
1913 3769 1963 3806 nec
1980 3771 2037 3808 non

455 3843 583 3900 Ansellns
600 3842 672 3897 filius
689 3841 763 3914 ejus,
784 3841 962 3896 medietatem
978 3843 1064 3897 totius
1074 3844 1195 3897 nemoris
1206 3843 1283 3918 quod
1296 3853 1409 3898 vocatur
1421 3844 1581 3918 Conldroy,
1602 3846 1631 3900 in
1643 3847 1788 3902 territorio
1801 3847 1837 3902 de
1850 3847 2035 3906 Marcelliaco.

457 3937 520 4004 alit,
536 3953 656 4010 quornm
669 3935 782 3990 nomina
795 3952 850 3988 non
867 3936 974 4007 reperi,
987 3937 1129 4008 prioratus
1143 3935 1179 3990 de
1192 3935 1329 4002 leavalle,
1345 3937 1374 3991 in
1389 3937 1486 3992 eadem
1499 3937 1618 4006 diocesi,
1633 3937 1669 3993 de
1681 3938 1828 3995 Ncolortic
1840 3941 1870 3995 in
1880 3938 2035 4007 Meldensi,

455 4041 483 4085 et
501 4030 594 4086 Sancti
615 4029 727 4082 Martini
745 4027 780 4082 de
797 4028 933 4082 Beaurain
954 4027 981 4082 iu
1003 4027 1169 4082 Belvacensi.
1191 4029 1354 4084 «Manasses
1370 4028 1520 4084 Meldensis
1539 4031 1685 4103 episcopus
1706 4041 1829 4088 octavam
1852 4043 1959 4106 partem
1978 4043 2037 4087 tam

455 4141 559 4196 magnae
571 4141 654 4198 quam
668 4139 756 4194 parvae
767 4121 880 4176 decimas
892 4121 927 4176 de
939 4120 1083 4190 lilelnillo,
1098 4131 1126 4174 et
1140 4119 1316 4176 medietatem
1329 4123 1442 4176 minute
1455 4120 1567 4178 decime
1578 4121 1615 4178 de
1627 4123 1737 4189 Tilliis,
1749 4135 1779 4180 et
1790 4135 1916 4198 quartam
1927 4133 2036 4198 partem

453 4219 566 4272 minutas
578 4215 691 4271 decime
703 4213 738 4270 de
750 4215 851 4269 Sancto
865 4215 994 4270 Maximo.
1007 4213 1167 4279 Eeucelina‚
1183 4231 1253 4268 uxor·
1264 4214 1396 4270 Guerrici
1411 4215 1446 4270 de
1460 4216 1610 4284 Pontibus,
1626 4235 1687 4290 que
1700 4235 1729 4273 se
1744 4217 1892 4274 monialem
1906 4219 1934 4272 in
1947 4219 2036 4274 Para·

382 4293 388 4302 ⁶
453 4310 524 4364 cleto
536 4307 674 4376 reddidit,
685 4307 798 4362 domum
812 4325 876 4360 cum
889 4306 1001 4361 cellario
1014 4305 1140 4362 Sesamiae
1155 4305 1246 4360 sitam.
1260 4305 1368 4361 Nobilis
1381 4306 1483 4360 mulier
1494 4307 1575 4363 Helia
1585 4306 1621 4363 de
1630 4308 1805 4365 Villamauro
1815 4310 1911 4365 relicta
1919 4309 2035 4366 Milonis

452 4403 487 4456 de
504 4403 627 4456 Pruvino
642 4399 784 4476 quondam
800 4398 955 4453 marescalci
969 4398 1125 4470 Campaniae
1139 4396 1234 4451 decem
1251 4396 1337 4452 libras
1356 4399 1442 4452 annui
1463 4398 1588 4456 redditus
1608 4399 1643 4454 de
1657 4401 1772 4474 proprio
1789 4401 1959 4474 patrimonio
1972 4417 2033 4458 suo.

453 4497 538 4550 Maria
551 4494 683 4550 trecensis
692 4493 829 4548 comitissa
841 4491 959 4565 plateam
971 4507 1047 4544 suam
1059 4491 1181 4544 Prorini.
1195 4490 1313 4544 Demum
1327 4492 1421 4563 Agnes
1433 4489 1468 4546 de
1479 4491 1649 4565 Marigniaoo
1661 4511 1712 4565 pro
1723 4494 1899 4566 susceptione
1911 4493 1952 4549 sui
1964 4491 2035 4548 duas

451 4599 542 4660 partes
555 4590 666 4642 minutae
679 4585 792 4640 decimae
811 4584 879 4638 villae
894 4583 1076 4655 Mavigniacy.
1092 4583 1229 4637 Manasses
1245 4598 1331 4656 nepos
1344 4583 1404 4656 ejus
1416 4585 1528 4639 tertiam
1549 4595 1674 4658 partem,
1688 4585 1869 4641 Theobaldns
1887 4588 1947 4659 ejas
1961 4585 2036 4641 iilius

451 4680 562 4735 tertiaria
573 4688 681 4752 partem
693 4677 825 4732 laudante
839 4677 947 4731 Letuisa
963 4691 1048 4729 uxore
1063 4673 1147 4729 illins.
1163 4698 1176 4725 a
1189 4677 1282 4750 Atque
1295 4675 1324 4729 hi
1340 4686 1405 4730 sunt
1415 4677 1546 4751 precipui
1561 4677 1757 4750 paracletensis
1772 4679 1934 4733 monasterii
1945 4677 2033 4734 bene·

450 4773 566 4826 factores
578 4793 584 4822 z
595 4769 697 4842 quibus
710 4780 739 4823 et
754 4770 861 4844 aliquot
873 4768 941 4822 aiios
953 4766 1056 4822 addere
1069 4785 1185 4840 possem.
1201 4768 1256 4823 Sed
1270 4767 1304 4822 ad
1317 4786 1348 4824 ea
1361 4787 1421 4844 quae
1433 4769 1556 4826 notanda
1570 4781 1736 4844 supersunt,
1750 4771 1863 4828 festinat
1876 4773 1974 4843 stylus.

1087 4928 1159 4982 Nota
1174 4927 1253 4996 Llli,
1270 4946 1331 5002 pag.
1347 4933 1391 4986 st.

486 5061 535 5116 Illi
549 5063 639 5116 sorori
651 5067 754 5113 nostre
768 5076 831 5131 que
845 5061 954 5112 ceteris
970 5067 1101 5129 praeerat.
1110 5087 1146 5100 ·-
1158 5056 1309 5114 Heloissam
1329 5057 1397 5113 dicit
1413 5061 1534 5131 primam
1549 5060 1686 5116 Paracicti
1704 5061 1940 5131 abbatissam,·de
1953 5064 2036 5136 cnjus

450 5151 576 5207 doctrina
598 5161 627 5206 et
646 5150 781 5224 reiigione
795 5150 834 5204 sic
852 5149 946 5222 paneis
958 5150 1057 5204 Petrus
1075 5149 1266 5205 cluniacensis
1286 5149 1368 5206 abbas
1391 5149 1427 5206 ad
1446 5169 1507 5206 eam
1528 5151 1652 5208 scnbens
1672 5177 1678 5207 ι
1702 5177 1716 5204 a
1727 5153 1854 5210 Necdum
1866 5175 1901 5223 ,a
1920 5156 2036 5230 inquit,

451 5269 464 5294 v
479 5256 566 5301 metas
578 5243 766 5300 adolescentie
784 5261 967 5311 excesseram,
990 5241 1109 5298 necdum
1122 5243 1152 5297 in
1160 5242 1297 5314 juveniles
1313 5261 1400 5300 annos
1417 5260 1570 5314 evaseram,
1591 5246 1706 5320 qnando
1724 5265 1826 5303 nomen
1846 5266 1902 5304 non
1916 5247 2033 5323 quidem
