4590 6106
874 617 1110 692 EPlSTOLAE.
1512 677 1516 684 .
1740 611 1784 680 19

203 788 301 852 rum,
319 757 420 857 qnod
433 755 479 828 de
498 756 651 828 trinitate
668 779 959 854 composueram,
979 784 1120 831 mecum
1134 757 1310 830 afferrem.
1328 760 1371 828 Et
1388 755 1520 826 iactum
1538 767 1592 824 est
1604 752 1663 824 ita.
1682 755 1786 822 Ante·

203 908 312 980 quam
334 893 453 954 autem
472 875 556 950 illuc
580 877 822 976 pervenirem,
843 877 917 950 duo
943 879 994 950 illi
1011 878 1171 976 predicti
1196 877 1313 952 aemuli
1340 876 1450 948 nostri
1478 875 1527 946 ita
1549 897 1608 944 me
1634 873 1671 944 in
1690 870 1786 942 clero

205 1017 241 1074 et
263 998 397 1100 populo
420 995 710 1086 diffamaverunt,
732 1012 770 1068 ut
796 1021 888 1096 pene
909 1021 967 1070 me
995 997 1151 1097 populus
1178 1021 1382 1095 paucosque
1409 995 1472 1093 qui
1498 993 1715 1066 advenerant
1742 1016 1785 1062 ex

206 1119 384 1220 discipulis
407 1118 558 1205 nostris,
582 1117 696 1214 prima
718 1117 776 1188 die
794 1118 907 1190 nostri
925 1117 1099 1190 adventus
1121 1117 1338 1217 lapidarent,
1355 1115 1513 1188 dicentes
1529 1138 1586 1186 me
1603 1127 1673 1184 tres
1691 1114 1786 1182 Deos
1819 1203 1828 1226 ι

116 1263 120 1272 ’
204 1241 397 1342 predicare
413 1254 448 1312 et
466 1238 662 1337 scripsisse,
683 1239 774 1312 sicut
788 1238 872 1336 ipsis
890 1263 1097 1338 persuasum
1119 1239 1243 1311 fuerat.
1266 1237 1404 1310 Accessi
1425 1249 1560 1316 autem,
1583 1259 1668 1306 mox
1689 1248 1726 1304 ut
1740 1233 1786 1304 ad

205 1365 383 1436 civitatem
397 1361 496 1449 veni,
517 1358 564 1432 ad
582 1358 759 1457 legatum3
781 1359 884 1457 eique
902 1359 1062 1432 libellum
1082 1375 1244 1432 nostrum
1262 1355 1522 1456 inspiciendum
1540 1369 1574 1426 et
1592 1353 1787 1450 dijudican-

206 1483 293 1554 dum
317 1479 468 1568 tradidi;
489 1493 525 1552 et
543 1503 619 1570 me,
649 1480 679 1550 si
695 1479 830 1577 aliquid
848 1481 1064 1579 scripsissem
1089 1478 1188 1579 qnod
1214 1504 1235 1550 a
1260 1476 1436 1550 catholica
1460 1473 1531 1546 lide
1551 1473 1751 1546 dissentiret
1763 1475 1784 1562 ¹,

207 1615 368 1698 paratum
383 1623 460 1670 esse
473 1596 521 1669 ad
539 1598 827 1696 correptionem¹
845 1598 900 1670 vel
918 1598 1189 1672 satisfactionem
1208 1597 1332 1670 obtuli
1355 1595 1415 1668 llle
1427 1610 1546 1666 antem
1564 1593 1682 1666 statim
1700 1591 1788 1664 mihi

208 1721 372 1820 precepit
395 1716 555 1790 libellum
576 1718 694 1817 ipsum
719 1717 986 1817 archiepiscopo
1010 1719 1149 1816 illisque
1170 1717 1305 1790 aemulis
1325 1717 1412 1790 meis
1433 1715 1589 1804 deferre,
1613 1728 1788 1811 quatenus

208 1841 272 1939 ipsi
293 1864 351 1912 me
367 1837 585 1934 judicarent,
606 1839 668 1934 qui
688 1863 746 1910 me
766 1863 873 1936 snper
890 1838 962 1912 hoc
980 1839 1219 1912 accusabant:
1247 1853 1287 1911 ut
1309 1837 1398 1910 illud
1415 1838 1452 1908 in
1476 1862 1534 1910 me
1561 1837 1668 1910 etiam
1689 1861 1789 1908 com·

209 1961 382 2059 piaretur,
401 1990 417 2028 a
435 1973 470 2032 et
488 1958 620 2030 inimici
639 1958 751 2030 nostri
769 1973 853 2030 sunt
866 1958 1035 2054 judices³.
1055 1990 1072 2026 n
1094 1960 1226 2056 Saepius
1239 1975 1359 2030 autem
1376 1958 1425 2028 illi
1443 1958 1669 2056 inspicientes
1680 1973 1786 2054 atque

211 2079 430 2152 revolventes
448 2077 624 2168 libellum,
654 2103 719 2150 nec
742 2077 830 2175 quid
851 2079 887 2150 in
909 2079 1112 2152 audientia*
1133 2079 1293 2178 prolerre
1318 2078 1509 2152 adversum
1534 2101 1593 2150 me
1617 2075 1790 2150 auderent

211 2186 446 2289 invenientes,
471 2197 684 2271 distulerunt
707 2222 818 2294 nsque
844 2199 880 2270 in
909 2197 1016 2272 finem
1042 2199 1182 2271 concilii
1209 2199 1308 2288 libri,
1335 2197 1381 2272 ad
1411 2221 1520 2295 quam
1549 2197 1784 2290 anhelabant,

210 2319 486 2392 damnationem.
509 2321 584 2415 Ego
604 2332 723 2390 autem
744 2316 889 2415 singulis
911 2317 1038 2392 diebus
1059 2334 1250 2416 antequam
1272 2317 1430 2391 sederet⁸
1443 2317 1651 2406 concilium,
1669 2318 1705 2388 in
1724 2343 1789 2415 pu·

209 2439 302 2510 blico
327 2437 495 2510 omnibns
522 2437 720 2510 secundum
747 2462 856 2534 quam
883 2441 1092 2538 scripseram
1119 2438 1228 2512 fidem
1252 2438 1463 2511 catholicam
1495 2437 1729 2526 disserebam,
1756 2455 1789 2510 et

210 2585 291 2632 cum
317 2583 446 2656 magna
474 2557 708 2632 admiratione
736 2582 864 2632 omnes
892 2559 955 2655 qui
979 2559 1189 2650 audiebant,
1220 2575 1291 2632 tam
1327 2558 1518 2631 verbomm
1548 2559 1790 2657 apertionem⁶

210 2704 317 2776 quam
334 2703 478 2752 sensum
492 2693 654 2752 nostrum
669 2677 982 2752 commendabant.
995 2679 1104 2768 Quod
1117 2705 1231 2777 quum
1245 2680 1401 2778 populus
1410 2696 1446 2752 et
1457 2679 1572 2752 clerus
1585 2681 1786 2779 inspiceret,

210 2817 394 2900 ooeperunt
411 2801 610 2874 adinvicem
629 2799 766 2874 dicere:
783 2805 874 2873 Ecce
892 2827 989 2874 nunc
1007 2801 1125 2901 palam
1143 2803 1314 2900 loquitur,
1328 2816 1364 2874 et
1381 2825 1490 2874 nemo
1503 2805 1539 2873 in
1554 2827 1637 2874 eum
1653 2801 1788 2899 aliquid

210 2921 306 2996 dicit.
324 2927 368 2994 Et
380 2921 572 2996 concilium
585 2921 633 2994 ad
645 2920 755 2994 finem
775 2921 934 3011 festinat,
964 2923 1117 2995 maxime
1139 2924 1176 2994 in
1202 2945 1303 3013 eum,
1334 2937 1374 2994 ut
1393 2921 1612 3010 audivimus,
1639 2947 1788 3020 congre·

1842 763 1977 815 Concilium

1830 839 1914 880 cunin
1927 843 1991 880 eum.

209 3060 345 3140 gatum.
371 3043 540 3139 Nunquid
564 3042 700 3139 judices
729 3058 976 3140 cognovemnt
997 3045 1080 3140 quia
1102 3046 1169 3144 ipsi
1194 3045 1312 3142 potius
1341 3067 1450 3141 quam
1476 3042 1535 3114 ille
1559 3044 1707 3116 errant?
1738 3047 1786 3114 Ex
1839 3127 1842 3138 Δ

210 3188 285 3259 quo
310 3161 428 3234 emuli
448 3163 558 3234 nostri
585 3162 746 3258 quotidie
769 3163 878 3260 magis
901 3187 943 3235 ac
966 3163 1078 3262 magis
1099 3161 1413 3236 inflammabantur
1425 3167 1447 3232 ⁷.
1477 3162 1640 3249 Quadam
1670 3178 1788 3234 autern

211 3283 280 3370 die,
302 3281 483 3354 Albericus
501 3281 547 3354 ad
567 3307 624 3354 me
647 3283 768 3356 animo
794 3281 1063 3356 intentandum⁸
1081 3309 1165 3356 cum
1184 3283 1398 3381 quibusdam
1411 3281 1591 3382 discipulis
1608 3285 1679 3354 suis
1697 3307 1792 3355 acce·

211 3403 314 3493 dens,
336 3417 418 3500 post
438 3401 602 3499 quiedam
620 3401 753 3474 blanda
773 3402 969 3501 colloquia,
992 3403 1079 3476 dixit
1101 3429 1139 3474 se
1161 3405 1280 3476 mirari
1298 3403 1502 3500 quoddam,
1527 3402 1627 3501 quod
1647 3405 1683 3474 in
1702 3403 1793 3474 libro

212 3521 270 3593 illo
284 3536 468 3594 notaverat
485 3551 492 3592 :
513 3520 611 3618 qnod
624 3521 771 3612 scilicet,
786 3546 899 3619 quum
912 3525 1008 3596 Deus
1023 3527 1139 3596 Deum
1152 3525 1329 3620 genuerit,
1346 3547 1413 3596 nec
1426 3524 1493 3594 nisi
1510 3547 1603 3594 unus
1614 3527 1710 3594 Deus
1725 3525 1787 3611 sit,

213 3663 377 3736 negarem
400 3654 518 3712 mmen
543 3645 660 3712 Deum
682 3642 837 3739 seipsum
868 3642 1042 3738 genuisse.
1065 3645 1130 3713 Cui
1156 3645 1274 3714 statim
1298 3641 1489 3742 respondi:
1511 3645 1627 3740 Super
1652 3642 1739 3730 hoc,
1763 3647 1790 3714 si

212 3761 331 3850 vultis,
353 3761 528 3832 rationem
546 3761 724 3858 proferam
732 3763 753 3832 ⁹.
775 3765 854 3832 Non
871 3785 1058 3846 curamus,
1075 3763 1190 3859 inquit
1211 3763 1288 3854 ille,
1304 3763 1481 3834 rationem
1492 3761 1707 3853 humanam,
1728 3782 1786 3836 aut

211 3905 352 3952 sensum
367 3894 528 3951 nostrum
547 3881 583 3950 in
602 3879 747 3969 talibus,
764 3880 828 3952 sed
842 3879 1058 3952 auctoritatis
1073 3879 1182 3952 verba
1196 3875 1436 3953 solummodo.
1455 3883 1520 3954 Cui
1531 3873 1616 3979 ego:
1635 3885 1785 3972 Vertite,

211 4002 375 4096 inquam,
402 3999 526 4070 lolium
547 3997 643 4089 libri,
673 4015 708 4072 et
733 4001 917 4072 invenietis
942 4000 1187 4072 auctoritatem
1201 4005 1230 4070 ¹⁰.
1253 4007 1297 4073 Et
1316 4018 1391 4075 erat
1415 4018 1542 4101 presto
1567 4003 1657 4076 liber
1681 4029 1789 4102 quem

211 4143 331 4190 secum
349 4119 424 4214 ipse
445 4115 629 4190 detulerat.
661 4117 807 4190 Revolvi
831 4119 878 4192 ad
903 4118 1024 4192 locum
1052 4144 1160 4217 quem
1185 4145 1374 4212 noveram,
1400 4146 1507 4220 quem
1539 4125 1614 4223 ipse
1644 4123 1789 4195 minime

213 4253 457 4336 compererat,
485 4253 545 4309 aut
573 4237 730 4336 quinon
756 4237 822 4311 nisi
842 4240 929 4312 mihi
959 4241 1120 4313 nocitura
1146 4241 1336 4338 quaerebat.
1360 4247 1402 4314 Et
1422 4241 1584 4315 voluntas
1610 4244 1677 4315 Dei
1706 4241 1786 4336 fuit,

213 4376 251 4430 ut
278 4360 349 4430 cito
372 4372 572 4431 occurreret
597 4359 684 4430 mihi
709 4360 809 4457 quod
828 4359 1004 4433 volebam.
1028 4367 1110 4433 Erat
1137 4377 1255 4434 antem
1280 4363 1453 4434 sententia
1472 4362 1645 4435 intitulata
1654 4367 1672 4402 ¹¹
1690 4392 1697 4433 :
1714 4371 1788 4434 Au-

208 4482 368 4578 ,pnainus
398 4477 441 4548 de
475 4479 646 4550 Trinitate
679 4479 736 4550 lib.
765 4483 837 4550 1¹¹:
853 4511 869 4548 a
892 4483 963 4570 Qui
984 4497 1086 4580 putat
1109 4483 1185 4579 ejus
1216 4483 1382 4582 potentiae
1411 4486 1544 4572 Deum,
1577 4499 1615 4553 ut
1634 4483 1788 4581 seipsum

211 4599 283 4696 ipse
302 4597 481 4694 genuerit,
502 4622 546 4669 eo
571 4597 650 4697 plus
678 4614 771 4670 errat
798 4599 897 4696 quod
922 4625 996 4670 non
1019 4599 1136 4672 solum
1158 4605 1255 4676 Deus
1277 4603 1324 4673 ita
1347 4627 1420 4672 non
1441 4617 1517 4691 est;
1550 4599 1612 4672 sed
1630 4627 1697 4673 nec
1721 4605 1790 4702 spi·

245 4814 253 4842 ¹
266 4815 399 4873 &thence
413 4825 436 4866 et
446 4819 573 4878 reoefidet
583 4820 705 4868 diuam
716 4817 786 4870 11118.
797 4845 828 4856 -
839 4818 849 4846 ¹
861 4818 903 4870 Sic
913 4819 987 4872 habet
1018 4833 1085 4874 certe
1093 4823 1166 4875 lectio
1176 4823 1375 4876 εει-’1111111110
1384 4821 1475 4875 Gallica
1487 4844 1494 4875 ι
1505 4843 1516 4869 ι
1526 4823 1580 4890 ling
1586 4827 1642 4891 jour
1652 4825 1724 4878 vinti
1734 4843 1789 4895 moy

213 4899 287 4949 editio
304 4899 426 4950 Orelliana
441 4915 455 4949 e
472 4901 574 4950 variant.
590 4901 648 4951 lect.
661 4901 774 4953 Ambocs.
784 4905 986 4956 -Gorrecn'onem
1018 4927 1030 4952 a
1046 4907 1154 4974 aubery,
1168 4923 1265 4976 arque
1286 4925 1364 4960 aucun
1380 4910 1433 4959 sien
1449 4909 1565 4975 disciple,
1587 4925 1616 4960 en
1632 4911 1746 4976 couraige
1758 4913 1789 4963 de

215 4982 276 5033 Edit.
290 4981 362 5034 Anah.
375 5009 403 5020 —
413 4983 423 5010 ¹
433 4983 529 5034 Deuter-
542 4999 598 5051 cap.
611 5001 693 5046 saxu,
704 5005 728 5038 v.
739 4990 766 5038 3¹
775 4986 831 5034 .-⁴
840 4988 904 5038 Coetn
913 4987 985 5042 lttts.
1019 5011 1031 5037 ι
1044 5005 1100 5058 moy
1115 5001 1250 5058 temptem
1264 4991 1313 5028 -⁸
1328 4995 1366 5044 lc
1377 4993 1424 5044 hoc
1433 4997 1598 5056 metandum.
1610 5001 1631 5046 ει·
1642 4997 1730 5052 eduis,
1748 5011 1789 5045 ar-

214 5068 256 5102 -¹
266 5067 421 5120 CedmillS.
430 5068 751 5134 dnh-‘liminacaesar
761 5072 877 5124 ntis-⁷
887 5075 988 5124 decenti
1018 5088 1130 5138 panentu
1144 5092 1193 5126 noa
1209 5081 1338 5140 sophetim
1352 5079 1411 5128 aedi
1425 5077 1495 5128 lildS.
1507 5105 1536 5114 -
1548 5078 1571 5106 ‘⁰
1580 5080 1707 5130 lavatorem
1720 5079 1787 5130 ABG.

211 5154 308 5211 suerunt
319 5151 440 5203 tatis-¹
451 5153 491 5204 Sic
499 5153 565 5205 Edit.
575 5155 649 5208 Orell.
661 5169 686 5208 et
697 5157 746 5208 llS.
760 5158 986 5218 amb-latentem,
1020 5187 1048 5196 -
1063 5161 1083 5186 ‘¹
1100 5161 1177 5212 Gessit
1194 5161 1258 5210 hirae
1277 5165 1370 5212 malim
1388 5167 1506 5213 enitentia
1525 5161 1596 5214 ltus.
1609 5189 1639 5200 -
1650 5161 1671 5189 ¹¹
1683 5162 1743 5228 Gap.
1765 5181 1788 5222 v,

216 5236 278 5299 qnod
290 5237 314 5286 in
326 5239 421 5288 ceteris
430 5237 577 5292 editionibus
586 5251 611 5290 et
623 5244 794 5309 manuscriptis
805 5245 902 5310 iegitur,
913 5260 988 5310 prava
1022 5245 1092 5308 opp„
1105 5245 1216 5304 Parisiis,
1234 5247 1311 5308 tots,
1326 5245 1419 5307 inici,
1431 5255 1450 5298 t.
1462 5245 1532 5307 Vlll,
1544 5246 1592 5298 col.
1604 5246 1661 5297 7111.
