4536 6102
497 589 568 660 562
1089 580 1217 652 PETlll
1247 577 1476 650 ABAELARDI

496 727 707 798 vestimento
728 723 912 796 dominico
933 722 978 792 sit
998 717 1339 806 connumerandus¹,
1362 738 1471 812 quam
1491 715 1529 785 in
1550 709 1725 809 superiori
1748 721 1869 805 parte,
1889 707 1990 804 quasi
2008 729 2070 778 co·

495 871 602 934 rona,
626 843 871 919 collocandus.
896 840 999 911 Unde
1021 854 1057 912 ct
1078 837 1312 911 immaculatae
1331 860 1403 909 suae
1422 835 1539 908 carnis
1560 832 1680 904 hostia
1700 827 1833 900 caeteris
1858 825 2072 922 martyribus

492 963 672 1062 praeponi,
686 977 722 1032 et
738 962 776 1033 in
791 959 954 1055 catalogo
971 974 1108 1056 septem
1124 957 1360 1030 diaconorum
1372 970 1544 1052 tanquam
1560 941 1688 1024 eorum
1700 946 1986 1036 archidiaconus,
2000 961 2071 1018 tam

493 1084 545 1153 rei
565 1107 675 1180 quarn
696 1081 833 1153 ordinis
854 1081 1001 1152 nomine
1018 1079 1147 1150 meruit
1163 1079 1347 1175 anteponi.
1372 1075 1531 1147 Decdrat
1553 1074 1686 1171 quippe
1707 1085 1748 1141 ut
1763 1069 1881 1142 caeteri
1896 1094 1980 1140 cum
1995 1069 2072 1165 ipso

494 1200 624 1290 vobis',
643 1216 683 1272 ut
698 1200 869 1288 diximus,
889 1199 1068 1296 deputati,
1087 1197 1162 1293 ejus
1184 1197 1360 1294 praecipue
1376 1207 1583 1290 regerentur
1599 1190 1747 1264 arbitrio
1779 1190 1842 1286 qui
1857 1187 2072 1260 castimoniae

494 1318 727 1417 praeminebat
742 1319 886 1390 virtute.
906 1322 1001 1390 Bene
1016 1317 1136 1414 itaque
1152 1316 1273 1388 divina
1289 1313 1554 1412 dispensatione
1570 1326 1691 1384 actum
1707 1246 1788 1398 ε.
1797 1324 1838 1379 ut
1852 1309 1891 1378 in
1911 1304 2072 1404 exemplo

495 1437 710 1533 martyribus
724 1437 781 1509 ille
795 1438 933 1534 primus
948 1435 1187 1526 exhiberetur,
1207 1435 1269 1532 qui
1284 1435 1457 1506 virtutum
1474 1432 1585 1528 gratia
1601 1427 1826 1528 praecedens,
1844 1451 1907 1498 eos
1923 1425 2072 1524 amplius

494 1558 710 1645 roborarct³,
728 1555 824 1630 etad
839 1579 1013 1630 coronam
1030 1569 1255 1653 provocaret.
1270 1559 1314 1624 Et
1329 1577 1471 1624 sursum
1489 1551 1637 1623 intuitus
1653 1554 1790 1636 lesum,
1809 1545 1936 1618 tamin
1953 1569 2073 1616 occur·

494 1701 591 1764 sum,
615 1698 725 1771 quam
745 1675 783 1746 in
805 1675 974 1745 auxilium
992 1674 1048 1744 sui
1067 1673 1200 1770 pariter
1222 1652 1393 1760 stanlem,
1417 1670 1511 1741 hanc
1534 1667 1790 1741 revelationem
1811 1664 1879 1736 sibi
1900 1663 1977 1735 heri
1998 1688 2071 1734 non

494 1794 632 1866 distulit
646 1792 830 1891 profiteri:
850 1818 922 1890 qua
937 1791 1102 1864 videlicet
1122 1815 1292 1888 sequaces
1312 1814 1396 1862 suos
1417 1789 1465 1862 ad
1484 1787 1779 1886 compatiendum
1799 1783 1951 1882 amplius
1971 1783 2072 1855 robo-

494 1926 607 2000 raret,
625 1927 662 1983 et
675 1911 896 1984 adversarios
912 1913 950 1982 in
962 1937 1000 1984 se
1012 1912 1131 2008 ipsum
1146 1908 1393 1982 vehementius
1411 1909 1681 1980 commoveret⁸.
1700 1906 1927 1990 Meminerat,
1948 1904 1987 1974 ni
2006 1901 2072 1976 sal·

495 2034 563 2121 lor,
593 2032 721 2104 lsaiam
741 2055 764 2104 a
784 2031 913 2104 lndaeis
934 2031 1110 2118 occisum,
1133 2054 1177 2102 eo
1198 2029 1299 2126 quod
1316 2054 1353 2101 se
1374 2029 1440 2100 Dei
1463 2029 1701 2123 majestatem⁸
1721 2026 1851 2098 vidisse
1870 2026 2067 2122 scripserat.
2171 2067 2175 2078 ·

497 2149 601 2222 Unde
616 2151 744 2246 etipse
762 2148 914 2244 amplius
934 2147 1020 2216 istos
1040 2146 1324 2218 commovendos
1341 2171 1384 2216 ex
1399 2145 1454 2216 his
1472 2144 1590 2216 verbis
1612 2147 1684 2216 suis
1703 2144 1904 2242 Stephanus
1925 2145 2070 2215 aestima

495 2268 577 2356 bat,
596 2268 688 2338 sicut
711 2279 747 2334 et
771 2265 892 2335 statim
915 2286 1092 2334 annexum
1125 2277 1179 2332 est
1202 2288 1315 2359 quum
1341 2261 1511 2334 dichur‘:
1533 2291 1551 2329 n
1569 2262 1813 2334 Exclamantes
1842 2278 1964 2334 autem
1987 2286 2070 2334 voce

497 2408 648 2479 magna,
671 2381 928 2454 continuerunt
949 2404 1051 2451 aures
1068 2403 1172 2466 suas,
1192 2394 1227 2450 ct
1249 2381 1424 2478 impetum
1449 2379 1609 2452 fecerunt
1625 2381 1842 2454 unanimiter
1858 2381 1897 2452 in
1913 2405 2008 2452 eum.
2031 2384 2070 2450 Et

497 2504 676 2599 ejicientes
689 2526 773 2572 eum
789 2515 887 2572 extra
900 2499 1093 2586 civitatem,
1104 2497 1325 2596 lapidabant.
1346 2527 1364 2566 n
1379 2503 1480 2569 Hane
1496 2499 1660 2572 camdem
1676 2515 1820 2598 portam
1835 2501 1986 2588 aestimo,
2006 2524 2072 2598 qua

497 2639 533 2694 ct
548 2623 709 2695 Christus
725 2620 771 2692 ad
787 2617 1068 2716 crucifigendum
1084 2641 1244 2714 egressus
1261 2632 1336 2691 est:
1356 2634 1395 2690 ut
1411 2634 1447 2691 et
1462 2621 1537 2716 regi
1553 2635 1588 2691 et
1604 2619 1706 2690 militi
1722 2620 1820 2691 idem
1837 2621 2012 2717 passionis
2027 2618 2072 2691 lo

497 2767 560 2812 cus
577 2755 669 2813 esset
688 2739 904 2810 communis.
923 2736 1151 2835 Completum
1167 2751 1219 2809 est
1236 2739 1273 2809 in
1290 2763 1334 2811 eo
1346 2739 1448 2835 juxta
1464 2739 1578 2836 ipsam
1594 2763 1738 2837 quoque
1754 2738 1960 2828 historiam,
1978 2737 2071 2838 quod

497 2860 544 2932 ad
565 2859 741 2932 Haebraeos
763 2857 922 2930 scribens
936 2856 1141 2955 Apostolus,
1166 2858 1248 2928 aith
1271 2860 1466 2944 «Quorum
1485 2858 1693 2930 animalium
1711 2858 1861 2930 insertur
1878 2861 2020 2954 sanguis
2036 2862 2070 2930 in

496 2993 619 3050 sancta
635 3003 700 3076 per
714 2975 944 3075 pontificem,
957 2975 1091 3048 horum
1103 3000 1258 3076 corpora
1273 2993 1479 3050 cremantur
1498 2993 1598 3050 extra
1615 2993 1742 3050 castra.
1763 2981 1911 3077 Propter
1927 2979 2026 3076 quod
2040 2992 2071 3050 et

497 3100 614 3184 lesus,
637 3110 678 3166 ut
701 3093 954 3185 sanctificaret,
978 3120 1042 3192 per
1064 3118 1170 3166 suum
1186 3096 1423 3192 sanguinem,
1448 3095 1641 3195 populum,
1664 3111 1763 3169 extra
1786 3111 1929 3196 portam
1956 3121 2072 3196 passus

497 3232 563 3289 est.
579 3221 753 3288 Exeamus
768 3217 874 3310 igitur
885 3215 932 3287 ad
949 3241 1033 3287 eum
1048 3231 1147 3288 extra
1162 3231 1294 3306 castra,
1309 3217 1568 3314 improperium
1583 3219 1658 3314 ejus
1668 3233 1865 3317 portantes.
1885 3223 1965 3290 Non
1983 3219 2073 3289 enim

438 3387 442 3396 .
498 3334 673 3408 habemus
693 3334 752 3406 hic
772 3349 978 3406 manentem
995 3335 1192 3424 civitatem,
1216 3335 1280 3406 sed
1304 3334 1461 3408 suturam
1478 3336 1704 3440 inquirimus.
1726 3365 1744 3404 n
1764 3338 1800 3408 Si
1820 3361 1905 3432 ergo
1925 3337 1999 3428 his,
2016 3338 2074 3435 qui

500 3454 657 3526 suturam
673 3454 860 3548 inquirunt
871 3451 891 3541 ,'
901 3467 1002 3523 tanto
1019 3451 1197 3524 desiderio
1213 3454 1483 3552 properandum
1504 3470 1575 3552 est,
1595 3471 1732 3554 quanto
1751 3457 1861 3552 magis
1880 3457 2071 3555 Stephane,

499 3574 562 3670 qui
573 3574 651 3668 jam
667 3595 747 3642 eam
762 3572 801 3642 in
820 3570 918 3645 coelis
934 3587 1146 3668 presentem
1166 3573 1355 3663 cernebat,
1372 3575 1435 3672 qui
1450 3575 1519 3648 sibi
1538 3592 1799 3673 assurgentem,
1818 3602 1881 3649 seu
1898 3578 1936 3648 in
1957 3603 2076 3651 occur-

498 3717 579 3764 sum
595 3692 671 3786 ejns
685 3703 839 3762 stantem
856 3713 897 3761 ae
913 3706 1079 3789 paratum
1101 3691 1246 3766 videbat
1266 3693 1466 3766 Christum?

549 3817 692 3898 Quanta
706 3824 827 3882 autem
841 3811 1072 3906 promotione
1085 3812 1122 3882 in
1137 3837 1221 3884 eum
1233 3812 1554 3904 debaccharentur,
1573 3815 1649 3912 ipsa
1662 3817 1955 3914 persequentium
1965 3818 2075 3916 impa-

501 3933 624 4006 tientia
639 3945 800 4020 testatur,
813 3955 926 4028 quum
937 3931 1089 4003 dicitur:
1107 3961 1125 4000 a
1143 3938 1187 4004 Et
1204 3935 1384 4029 ejicientes
1399 3959 1483 4008 eum
1495 3951 1593 4006 extra
1604 3935 1801 4028 civitatem,
1820 3935 2075 4034 lapidabant.»

500 4053 595 4123 N0n⁸
612 4052 710 4124 enim
721 4049 808 4122 dicit
812 4051 889 4146 jam
898 4051 1050 4146 ejectum
1058 4051 1230 4148 lapidari,
1245 4053 1309 4124 sed
1320 4079 1433 4150 quum
1443 4053 1562 4128 adhuc
1571 4055 1756 4152 ejiceretur
1767 4057 1943 4130 inchoari.
1957 4056 2077 4155 Ejecto

501 4183 621 4240 autem
632 4166 709 4256 illo,
727 4183 862 4264 quanta
873 4167 1099 4240 festinatione
1112 4169 1158 4242 ad
1168 4172 1243 4266 ejus
1256 4171 1440 4243 interitum
1453 4190 1713 4264 convocarent,
1732 4174 1910 4272 depositio
1927 4179 2079 4249 vestium

500 4311 627 4359 eorum
646 4288 763 4360 innuit
780 4313 852 4384 qua
876 4287 1006 4360 aulerci
1030 4287 1219 4362 videbatur
1240 4291 1375 4389 aliquid
1402 4293 1662 4391 impedimenti.
1682 4300 1824 4383 Quanta
1842 4321 1929 4368 vero
1945 4298 1993 4370 sit
2008 4297 2082 4394 ejus

500 4408 719 4514 caritaslquae
738 4434 746 4477 :
768 4435 786 4474 o
799 4408 931 4482 Omnia
940 4407 1076 4497 suffert,
1088 4409 1211 4480 omnia
1220 4426 1357 4507 sperat,
1372 4413 1495 4484 omnia
1506 4415 1656 4486 sustinet
1664 4417 1686 4506 ⁰,
1700 4443 1718 4482 n
1733 4419 1845 4487 exitus
1862 4416 2079 4488 manifestat.

502 4525 658 4596 «Positis
678 4525 813 4622 quippe
834 4523 983 4620 genibus
1004 4527 1213 4600 exclamavit
1233 4552 1322 4600 voce
1340 4555 1470 4626 magna
1485 4531 1608 4604 dicens
1628 4562 1635 4602 :
1658 4535 1856 4624 «Domine,
1880 4559 1927 4606 ne
1948 4549 2084 4606 statuas

502 4673 519 4712 o
537 4642 605 4715 illis
615 4643 687 4716 hoc
698 4658 899 4740 peccatum3
914 4673 931 4712 n
943 4660 979 4716 et
990 4670 1104 4742 quum
1112 4645 1183 4718 hoc
1193 4646 1337 4720 dixisset
1353 4648 1574 4722 obdormivit
1584 4652 1620 4722 in
1636 4653 1806 4724 Domino.
1819 4657 1865 4718 ¹⁰»
1878 4655 2084 4726 Monstrant

534 4880 541 4904 ¹
565 4880 744 4930 Conversnndua
762 4879 811 4931 ns.
825 4879 893 4930 Eius.
909 4883 958 4918 -'
970 4883 1020 4932 MS.
1032 4885 1099 4934 Eine.
1112 4911 1128 4923 -
1139 4886 1213 4935 Nobis
1226 4887 1268 4936 ed.
1308 4903 1331 4936 r.
1347 4893 1385 4938 ΙΙ.
1402 4915 1432 4925 -
1443 4888 1453 4914 ⁸
1464 4889 1498 4938 lla
1510 4901 1705 4956 quarequuntnr
1719 4892 1743 4940 in
1757 4890 1848 4942 Codice
1861 4878 1965 4945 Einsilll.
1986 4909 2088 4964 reperta

501 4961 571 5013 hmb.
583 4989 614 5000 -
627 4962 802 5014 ‘Proecederet
810 4976 834 5014 et
842 4979 883 5015 eor
892 4969 994 5029 ammira
1003 4970 1128 5018 coroboree
1136 4967 1187 5018 llS.
1200 4969 1268 5020 Eine.
1309 4985 1372 5020 nunc
1382 4970 1485 5036 primum
1496 4973 1520 5022 in
1530 4973 1609 5024 lucem
1619 4975 1762 5024 edimus·-
1774 4974 1785 5002 ⁹
1800 4977 1910 5028 Connth.
1922 4980 1947 5038 l,
1960 4997 2022 5046 cap.
2034 4998 2087 5040 xm,
2233 5029 2234 5048 ,

501 5073 529 5082 -
538 5043 702 5096 ‘Accendant
711 5047 763 5097 ns.
775 5047 953 5100 llius—'lis
964 5049 1132 5102 Eion-Deum
1145 5051 1185 5102 ed.
1197 5052 1267 5103 hmb.
1309 5071 1332 5105 v.
1346 5057 1369 5101 t.
1380 5083 1409 5091 -
1424 5054 1446 5081 ¹⁰
1457 5057 1512 5107 Act.
1524 5059 1618 5120 apost..
1630 5073 1686 5123 cap.
1702 5074 1732 5107 vn
1742 5095 1748 5119 ,
1758 5073 1781 5108 v.
1794 5059 1834 5108 59.
2233 5049 2234 5135 j

499 5156 532 5168 -
542 5129 552 5156 ⁶
562 5131 616 5181 Aet.
630 5133 723 5192 Aperi„
738 5145 794 5197 cap.
813 5147 861 5194 tn,
880 5149 902 5183 v.
920 5133 1003 5184 66.-
1013 5133 1021 5161 ¹
1033 5136 1117 5194 Heln,
1134 5152 1189 5201 cap.
1210 5153 1268 5199 sur,
1813 5149 1818 5158 '
