4522 6102
466 644 535 716 456
710 723 712 728 Ι
895 639 1022 710 PETRI
1050 639 1283 711 ABAELARDl
1309 639 1365 710 ΕΤ
1389 640 1614 712 HELOlSSAE

461 783 764 881 concupiscentias
784 795 860 850 tuas
878 801 953 850 non
971 801 1052 870 eas,
1075 793 1112 851 et
1125 803 1145 850 a
1159 778 1341 852 voluntate
1360 795 1419 852 tua
1440 796 1609 853 avertere.
1628 782 1664 853 si
1679 796 1822 881 praestes
1833 782 1960 852 animae
1977 797 2044 854 tuae

462 901 766 1001 concupiscentias
791 900 886 995 ejus,
913 899 1015 971 faciet
1041 913 1075 970 te
1102 900 1140 970 in
1164 900 1338 997 gaudium»
1352 901 1503 1000 inimicis
1523 903 1602 974 tuis.
1624 929 1641 969 >r
1662 906 1783 990 Quum
1802 927 1887 975 vero
1904 904 1951 974 ita
1973 919 2044 974 tam

381 1087 389 1096 .
463 1023 567 1094 rebus
588 1021 717 1093 nostris
737 1044 847 1116 quam
866 1020 1070 1119 nobisipsis
1085 1021 1228 1117 penitus
1243 1023 1505 1112 renuntiamuS,
1522 1037 1609 1094 tuno
1622 1047 1705 1095 vere
1717 1024 1817 1094 omni
1830 1024 2045 1122 proprietate

461 1144 609 1239 abjecta,
627 1143 734 1213 vitam
754 1141 850 1212 illam
868 1140 1100 1239 apostolicam
1118 1142 1268 1232 inimus,
1289 1169 1367 1241 quae
1382 1145 1504 1216 omnia
1517 1145 1553 1215 in
1571 1169 1765 1216 commune
1781 1143 1940 1235 reducit,
1956 1145 2046 1216 sicut

460 1264 630 1361 scriptum
649 1267 720 1333 est¹
743 1289 750 1331 :
775 1259 1044 1333 «Multitudinis
1070 1261 1292 1334 credentium
1313 1279 1388 1335 erat
1419 1290 1484 1336 cor
1513 1289 1627 1336 unum
1654 1279 1690 1336 et
1717 1265 1836 1336 anima
1866 1289 1949 1336 una.
1974 1269 2046 1336 Nec

459 1387 646 1482 quisquam
668 1407 816 1472 eorum,
846 1407 924 1478 quae
948 1381 1177 1482 possidebat,
1208 1383 1341 1481 aliquid
1364 1409 1469 1456 suum
1491 1409 1567 1458 esse
1587 1384 1739 1457 dicebat.
1760 1385 1831 1457 Sed
1851 1399 1952 1456 erant
1978 1384 2046 1456 illis

459 1507 580 1577 omnia
592 1505 810 1577 communia.
824 1501 1059 1576 Dividebatur
1073 1519 1192 1576 autem
1204 1505 1349 1602 singulis
1361 1521 1470 1602 prout
1481 1506 1610 1603 cuique
1623 1531 1714 1604 opus
1728 1520 1814 1578 erat.
1828 1533 1848 1573 u
1857 1508 1937 1577 Nou
1950 1507 2046 1576 enim

458 1625 638 1724 aequaliter
660 1650 785 1697 omnes
812 1623 983 1722 egebant,
1009 1639 1043 1696 et
1061 1623 1144 1696 ideo
1170 1649 1243 1696 non
1265 1625 1445 1722 aequaliter
1465 1626 1633 1698 omnibus
1656 1625 1954 1717 distribuebatur,
1982 1627 2046 1700 sed

459 1745 604 1843 singulis
624 1761 731 1844 prout
751 1769 843 1844 opus
861 1759 947 1817 erat.
970 1749 1042 1816 Cor
1059 1769 1172 1817 unum
1188 1743 1281 1836 lide,
1302 1746 1386 1843 quia
1402 1747 1512 1818 corde
1529 1746 1696 1818 creditur.
1713 1748 1840 1820 Anima
1856 1772 1946 1838 una,
1962 1750 2048 1845 quia

461 1853 586 1940 eadem
608 1891 649 1938 ex
669 1864 839 1937 charitate
859 1865 1026 1938 voluntas
1044 1865 1264 1955 adinvicem,
1285 1891 1395 1963 quum
1416 1867 1487 1938 hoc
1508 1869 1752 1965 unusquisque
1775 1868 1835 1938 alii
1858 1867 1958 1965 quod
1980 1867 2047 1939 sibi

401 2060 405 2070 ,
458 1986 586 2076 vellet,
612 2011 679 2058 nec
698 2010 762 2059 sua
780 1986 891 2083 magis
913 2009 1023 2083 quam
1043 1985 1197 2058 aliorum
1223 1986 1416 2058 commoda
1436 2003 1629 2084 quaereret,
1661 1987 1717 2060 vel
1745 1987 1790 2058 ad
1816 2013 2048 2060 communem

459 2101 644 2178 utilitatem
663 2105 709 2177 ab
727 2104 895 2177 omnibus
911 2105 1031 2177 omnia
1051 2105 1289 2178 referrentur:
1311 2106 1455 2178 nemine
1475 2132 1553 2204 quae
1572 2131 1635 2178 sua
1652 2121 1754 2197 sunt,
1781 2106 1844 2178 sed
1865 2131 1943 2204 quae
1965 2112 2047 2178 lesu

459 2228 598 2312 Christi,
621 2241 801 2324 quaerente
819 2251 880 2298 seu
895 2226 1094 2298 allectante.
1113 2225 1277 2323 Alioquin
1295 2251 1521 2324 nequaquam
1536 2228 1611 2299 sine
1624 2228 2046 2327 proprietateuiveretur,

459 2373 537 2445 quae
557 2350 667 2445 magis
684 2349 720 2419 in
740 2346 960 2437 ambitione,
989 2371 1098 2444 quarn
1126 2349 1162 2418 in
1188 2349 1412 2447 possessione
1436 2349 1610 2421 consistit.
1632 2350 1796 2420 Otiosum
1815 2347 1966 2421 verbum
1985 2375 2048 2422 seu

459 2469 680 2567 superfluum
695 2467 790 2539 idem
805 2467 970 2565 estquod
985 2466 1264 2564 multiloquium.
1281 2467 1384 2540 Unde
1398 2469 1610 2566 Augustinus
1624 2471 1927 2540 Retractutionum
1936 2468 1998 2540 lib.
2012 2475 2025 2540 Ι
2037 2499 2045 2540 :

461 2619 477 2654 a
504 2588 622 2678 Absit,
642 2618 660 2655 »
691 2587 847 2683 inquit¹,
872 2615 891 2654 u
913 2601 952 2658 ut
977 2585 1244 2684 multiloquium
1265 2587 1456 2686 deputem,
1475 2579 1623 2685 quando
1641 2588 1834 2660 necessaria
1856 2587 2047 2678 dicuntur,

459 2708 678 2805 quantalibet
707 2731 915 2779 sermonum
942 2706 1171 2779 multitudine
1192 2733 1234 2779 ac
1254 2707 1453 2806 prolixitate
1480 2708 1656 2780 dicantur.
1679 2737 1696 2776 u
1719 2709 1809 2780 Hinc
1835 2723 1954 2782 autem
1986 2736 2053 2809 per

461 2828 692 2900 Salomonem
710 2827 888 2899 dicitur³2
916 2856 933 2894 α
951 2831 991 2897 ln
1011 2826 1238 2922 multiloquio
1260 2852 1334 2899 non
1352 2827 1464 2900 deerit
1484 2843 1681 2927 peccatum.
1700 2830 1770 2914 Qui
1789 2844 1908 2902 autem
1925 2829 2054 2902 mode·

459 2963 556 3020 ratur
574 2949 666 3020 labia
684 2972 768 3037 sua,
791 2946 1089 3045 prudentissimus
1109 2962 1172 3019 est.
1194 2976 1211 3014 u
1235 2948 1386 3020 Multum
1409 2973 1493 3046 ergo
1515 2948 1716 3021 cavendum
1738 2962 1790 3022 est
1812 2950 1848 3020 in
1870 2974 1944 3046 quo
1964 2975 2055 3049 pec-

457 3085 576 3141 catum
595 3095 670 3142 non
690 3068 809 3158 deest,
831 3082 866 3140 et
885 3082 985 3140 tanto
999 3045 1191 3140 studiosius
1209 3067 1294 3139 huic
1315 3067 1443 3140 morbo
1462 3068 1727 3168 providendum
1742 3083 1814 3161 est,
1832 3083 1968 3167 quanto
1983 3095 2054 3168 pe·-

457 3190 644 3262 riculosius
677 3193 749 3261 est*
787 3204 823 3261 et
854 3187 1031 3260 difficilius
1057 3187 1221 3259 evitatur.
1262 3187 1370 3275 Quod
1400 3188 1525 3281 beatus
1556 3188 1749 3288 providens
1776 3190 2043 3262 Benedictus⁵t

461 3340 478 3376 u
496 3312 606 3383 Omni
624 3324 806 3408 tempore,
823 3339 841 3378 u
868 3311 1006 3406 inquit,
1036 3338 1054 3377 a
1071 3307 1211 3380 silentio
1236 3307 1369 3381 debent
1393 3308 1535 3382 studere
1562 3310 1740 3382 monachi.
1763 3339 1781 3378 u
1811 3311 1893 3382 Plus
1917 3313 2057 3410 quippe

457 3453 533 3501 esse
561 3444 700 3502 constat
727 3429 867 3501 silentio
887 3428 1030 3500 studere
1052 3453 1159 3526 quarn
1183 3428 1362 3500 silentium
1387 3429 1531 3502 babere.
1558 3435 1618 3502 Est
1639 3432 1737 3503 enim
1755 3430 1914 3502 studium
1937 3431 2057 3504 vehe-

459 3574 561 3621 mens
581 3548 771 3648 applicatio
788 3549 899 3619 animi
917 3547 964 3619 ad
984 3547 1119 3646 aliquid
1142 3546 1353 3644 gerendum.
1378 3548 1487 3622 Multa
1505 3575 1591 3622 vero
1612 3551 1829 3649 negligenter
1842 3553 1980 3649 agimus
1995 3552 2059 3626 vel

458 3671 579 3759 inviti,
602 3669 666 3741 sed
684 3669 781 3741 nulla
796 3668 953 3741 studiose
973 3667 1042 3741 nisi
1056 3667 1218 3741 volentes
1236 3669 1292 3742 vel
1312 3670 1451 3742 intenti.
1470 3675 1654 3758 Quantum
1670 3697 1757 3744 vero
1771 3671 1914 3746 difficile
1932 3673 1976 3745 sit
1997 3673 2061 3745 vel

463 3790 547 3862 utile
558 3790 715 3887 linguam
727 3787 928 3879 refrenare,
949 3787 1132 3886 apostolus
1149 3788 1303 3860 lacobus
1321 3767 1509 3887 diligenter
1521 3791 1728 3882 attendens,
1743 3792 1825 3862 ait⁶z
1846 3820 1864 3860 a
1875 3796 1914 3862 ln
1929 3792 2060 3864 multis

427 3991 429 3994 ,
461 3910 557 3980 enim
576 3907 791 3980 offendimus
814 3931 952 3980 omnes.
976 3909 1012 3978 Si
1032 3909 1111 4006 quis
1129 3909 1166 3979 in
1185 3909 1296 3981 verbo
1316 3933 1391 3980 non
1411 3908 1580 4000 offendit,
1603 3911 1663 3982 bic
1681 3911 1858 4010 perlectus
1875 3926 1928 3982 est
1946 3913 2014 3982 vir.
2037 3943 2059 3980 n

462 4028 560 4102 ldem
580 4029 652 4100 ita:
676 4029 836 4100 «Omnis
856 4043 984 4100 natura
1003 4027 1219 4119 bestiarum,
1243 4044 1281 4100 et
1299 4029 1509 4120 volucrum,
1533 4045 1568 4102 et
1592 4031 1831 4130 serpentium,
1853 4045 1888 4104 et
1904 4045 2065 4104 caetero-

461 4175 560 4240 rum,
594 4149 809 4237 domantur,
840 4162 876 4219 et
905 4147 1041 4219 domita
1061 4161 1143 4219 sunt
1165 4173 1185 4218 a
1206 4163 1332 4219 natura
1355 4149 1526 4221 humana.
1546 4179 1564 4218 »
1589 4151 1659 4237 Qui
1688 4150 1794 4222 simul
1821 4151 2064 4224 considerans

411 4358 414 4363 .
461 4286 594 4369 quanta
612 4272 656 4341 sit
671 4271 706 4340 in
726 4269 846 4366 lingua
865 4268 1041 4339 malorum
1063 4266 1228 4357 materia,
1247 4283 1283 4339 et
1297 4269 1459 4340 omnium
1478 4268 1661 4342 bonorum
1675 4271 1924 4370 consumptio,
1945 4295 2067 4368 supra

462 4393 511 4462 sic
532 4406 567 4462 et
586 4390 676 4461 insra
695 4388 881 4487 loquitur:
915 4390 1091 4485 «Lingua
1117 4388 1264 4485 quidem
1285 4388 1471 4462 modicum
1491 4390 1720 4484 membrum,
1754 4407 1910 4488 quantus
1933 4392 2061 4488 ignis,

460 4536 569 4610 quam
600 4535 765 4608 magnam
792 4509 917 4582 silvam
937 4507 1163 4582 incenditl...
1187 4511 1401 4582 Universitas
1421 4512 1638 4608 iniquitatis,
1663 4512 1864 4610 inquietum
1893 4511 2064 4605 malurn,

462 4631 611 4731 plenum
631 4655 771 4703 veneno
791 4630 985 4702 mortifero.
1006 4659 1024 4697 a
1049 4629 1144 4717 Quid
1159 4646 1279 4702 autem
1292 4655 1431 4703 veneno
1445 4631 1678 4731 periculosius
1693 4631 1749 4704 vel
1763 4630 1963 4704 cavendum
1980 4657 2071 4706 am-

463 4753 581 4850 plius?
609 4752 706 4824 Sicut
733 4777 817 4849 ergo
837 4775 1018 4823 venenum
1037 4750 1146 4821 vitam
1168 4751 1361 4848 extinguit,
1390 4753 1440 4824 sic
1459 4751 1656 4850 loquacitas
1681 4752 1890 4850 religionem
1909 4755 2072 4851 penitus

383 4911 406 4960 ς
463 4873 601 4944 evertit.
625 4869 727 4942 Unde
745 4870 842 4943 idem
861 4870 1069 4968 superius⁷z
1094 4899 1112 4936 u
1129 4869 1164 4939 si
1186 4870 1266 4967 quis
1286 4885 1388 4969 putat
1405 4895 1461 4961 se,
1481 4899 1499 4940 »
1522 4872 1659 4969 inquit,
1683 4901 1701 4940 u
1727 4871 1930 4970 religiosum
1949 4895 2036 4946 esse
2056 4931 2070 4966 ,

406 5157 408 5162 V
499 5188 508 5215 ¹
527 5192 579 5238 Act.
599 5189 694 5251 Aport,
709 5201 766 5252 cap.
785 5201 818 5250 iv,
836 5203 860 5236 v.
876 5189 917 5237 39.
929 5213 961 5224 -
976 5186 986 5214 ¹
1000 5188 1027 5238 ln
1041 5188 1158 5254 prologo,
1175 5188 1244 5250 Opp..
1272 5189 1318 5238 Est
1329 5204 1376 5240 non
1388 5189 1476 5255 legitur
1487 5189 1510 5238 in
1521 5189 1644 5240 edin-⁸
1657 5189 1744 5256 Regul.
1758 5189 1784 5242 S.
1799 5189 1905 5251 bened,
1921 5203 1979 5256 sap.
1993 5207 2077 5246 ιιιι.

468 5287 484 5325 t.
506 5275 530 5336 l,
554 5274 602 5325 col.
625 5279 646 5323 Ι.
660 5271 713 5309 -⁸
733 5273 818 5332 Pruv„
835 5286 889 5339 cap.
915 5289 946 5336 x,
963 5288 986 5323 r.
1006 5275 1043 5323 19.
1057 5301 1085 5312 -·
1104 5272 1165 5323 ‘Sic
1181 5271 1208 5322 B.
1221 5299 1238 5310 -
1272 5272 1422 5336 ·-⁸Jacob.‚
1436 5291 1490 5340 cap.
1507 5291 1549 5336 ur,
1564 5277 1611 5325 v.2
1625 5284 1749 5342 etsqq.-
1761 5275 1769 5303 ¹
1781 5273 1923 5331 lbid..cao.
1936 5291 1957 5324 ι.
1971 5291 1994 5322 v.
2012 5279 2075 5324 2&
