4590 6106
924 575 1072 704 uero.
1185 692 1190 703 .

832 830 905 886 Nota
924 829 1013 902 XLV,
1032 849 1096 908 pag.
1116 833 1159 890 25.

245 971 404 1026 Ormnrirur
415 965 560 1042 quoddam
570 968 599 1019 ira
612 967 723 1021 nomiae
733 975 841 1023 aurctae
856 968 1039 1024 Trinitatis...
1051 969 1243 1024 construxi-
1252 967 1338 1022 Tacet
1348 966 1403 1021 boc
1411 964 1488 1033 Ιοιιιι,
1497 964 1574 1039 qund
1585 963 1653 1022 alibi
1664 964 1750 1024 relat
1759 985 1790 1024 ac

208 1083 278 1139 sepe
288 1063 401 1138 repetit,
416 1061 571 1118 oratorium
583 1057 654 1114 illud
665 1075 702 1126 se,
717 1077 805 1134 quum
819 1060 849 1114 iu
861 1061 975 1116 nomine
987 1069 1085 1116 sauma
1098 1059 1245 1116 Trinitatis
1257 1058 1405 1117 fundatum
1415 1076 1448 1115 ac
1459 1056 1619 1114 dedicatum
1629 1067 1714 1127 uret
1722 1060 1790 1132 quic

207 1169 301 1214 umen
313 1155 353 1211 ibi
365 1154 502 1228 prologus
517 1171 549 1208 en
566 1151 624 1226 jam
641 1151 803 1226 desperatus
813 1152 913 1210 diviua
926 1155 1016 1226 gratia
1027 1152 1224 1210 consnlatinuia
1237 1151 1440 1226 aliquantulum
1453 1152 1627 1224 respirasset,
1641 1151 1671 1206 in
1683 1168 1790 1208 menn·

208 1249 277 1304 mam
292 1247 376 1318 hujus
391 1245 520 1301 benefici
533 1244 706 1300 Paracletum
720 1245 776 1300 aire
788 1245 956 1302 paraclitum
968 1247 1138 1304 nominasse.
1149 1243 1234 1316 Quod
1248 1255 1375 1300 arserunt
1394 1245 1479 1300 etiam
1498 1243 1639 1300 Robertaa
1650 1242 1789 1300 Autissio-

206 1341 347 1408 dareaaia,
362 1339 517 1394 cbrnninen
533 1337 626 1394 Sancti
641 1337 717 1392 Petri
731 1337 796 1394 Viri
809 1337 965 1408 Senonum,
979 1339 1077 1394 etalii.
1091 1337 1311 1412 construxitque
1330 1336 1399 1392 illud
1417 1337 1445 1390 in
1459 1353 1532 1409 pago
1550 1336 1685 1403 trecensi,
1706 1353 1791 1408 super

206 1431 321 1487 darium
334 1431 514 1487 Ardunonem
528 1429 583 1485 aire
596 1428 782 1498 Ardicnnem,
796 1429 825 1486 in
844 1430 976 1504 parocbia
992 1429 1140 1501 Quinccii,
1158 1429 1246 1486 meina
1268 1429 1399 1502 lingente
1418 1445 1503 1502 super
1520 1427 1686 1501 Sequanam.
1706 1427 1791 1484 Guil-

206 1523 304 1580 lelmus
325 1523 452 1596 Nacgiua
472 1523 502 1577 iu
521 1521 656 1576 chronico
669 1545 674 1576 :
690 1543 704 1572 r
715 1522 916 1579 construxerat
927 1524 1003 1580 eninr
1016 1523 1217 1578 monasterinm
1231 1523 1261 1578 in
1273 1523 1435 1596 episcopatu
1450 1518 1569 1576 uecrnai
1584 1519 1665 1590 jaus
1677 1519 1791 1590 Nogea-

204 1627 264 1672 tum
278 1633 364 1688 super
374 1615 531 1689 Sequanam
545 1614 573 1669 in
587 1613 710 1688 quodam
722 1624 803 1686 prato
815 1614 865 1669 ubi
877 1614 970 1688 legere
986 1615 1084 1671 solitus
1095 1614 1196 1670 iuerat.
1208 1637 1221 1666 a
1233 1613 1268 1670 Et
1279 1613 1461 1670 Innocentius
1472 1611 1516 1680 ll,
1529 1610 1559 1668 iu
1570 1610 1670 1668 littaris
1683 1611 1719 1668 ad
1732 1611 1791 1670 ila·

202 1707 312 1763 leimam
325 1730 331 1758 ι
344 1727 358 1756 a
370 1705 515 1775 lleloiaaa,
529 1729 542 1756 ι
555 1705 664 1780 iuquit,
681 1727 695 1756 e
706 1705 861 1775 abbatisse,
876 1709 1036 1782 ceterisque
1050 1707 1193 1762 sororibus
1211 1707 1239 1762 in
1256 1706 1381 1762 oratorio
1394 1703 1472 1780 qued
1483 1705 1513 1759 in
1524 1719 1598 1777 pago
1610 1701 1727 1758 trecensi
1738 1743 1745 1772 ,
1762 1703 1790 1758 in

202 1797 347 1872 parrcebia
357 1798 501 1869 Quiuneii‚
512 1815 595 1872 snpra
609 1798 727 1854 flumem
738 1797 916 1854 Arduennam
930 1799 1016 1856 situm
1028 1810 1079 1856 eet.
1093 1821 1106 1852 ι
1121 1799 1233 1858 Vocant
1243 1807 1337 1854 autem
1350 1795 1421 1852 illud
1433 1796 1540 1852 romani
1552 1793 1710 1868 pontifices,
1723 1812 1793 1866 spa·

203 1891 355 1948 racletense
366 1892 541 1960 omnobium,
554 1891 708 1948 eunitae
722 1892 828 1947 Sancte
839 1893 1003 1964 Trinitatis,
1016 1891 1205 1957 Paracletum,
1216 1901 1246 1946 et
1254 1891 1409 1946 nmtnriuna
1419 1889 1513 1946 Sancti
1525 1887 1677 1961 Spiritus.»
1689 1885 1745 1942 Sed
1756 1884 1793 1942 de

202 2003 237 2040 en
250 1983 329 2058 plura
345 1984 437 2040 adbuc
450 1993 554 2058 postea.
571 1983 669 2058 [Adde
681 1984 758 2060 quod
769 1985 870 2041 Petrus
883 1995 978 2040 noster
995 1983 1115 2059 effigiem
1127 1984 1304 2040 sanctissimae
1316 1983 1464 2038 Trinitatis
1476 1983 1505 2038 ἰιι
1515 1981 1640 2038 oratorio
1659 1978 1793 2038 Pramo

201 2075 334 2131 collocari
348 2087 499 2144 curaverat,
507 2093 592 2150 quam
605 2076 740 2132 blabillon
753 2075 798 2131 his
811 2076 902 2132 verbis
913 2076 1056 2146 describit,
1068 2079 1179 2133 Annol.
1193 2075 1285 2133 ordio.
1301 2077 1332 2132 S.
1342 2075 1450 2132 Bened.
1459 2075 1509 2130 lib.
1522 2073 1653 2140 LXXIV,
1663 2089 1724 2144 cap.
1736 2089 1791 2138 ara,

200 2179 221 2223 t.
239 2169 296 2236 Vl,
311 2189 338 2242 p.
351 2172 400 2225 85:
416 2173 602 2242 aAntequam
616 2166 754 2225 Abalardi
767 2171 943 2226 Paracletum
961 2169 1154 2239 dimittamus,
1168 2170 1245 2226 baud
1258 2169 1294 2225 ab
1307 2187 1337 2226 re
1349 2168 1463 2224 videtur
1476 2167 1524 2222 hic
1540 2167 1686 2222 observare
1705 2167 1791 2220 trium

199 2261 375 2318 murima
395 2261 543 2318 Trinitatis
556 2262 603 2318 cui
617 2261 776 2320 dedicatum
789 2262 850 2334 ejus
861 2262 918 2320 loci
929 2263 1084 2320 oratorium
1103 2274 1163 2332 ast,
1177 2271 1359 2336 perrenorum
1372 2271 1498 2318 extantes
1509 2260 1625 2334 Liguras,
1642 2257 1678 2314 ad
1689 2257 1791 2314 huna·

200 2369 262 2408 urm
275 2359 412 2408 staturam
424 2370 457 2410 ea
471 2369 529 2410 uno
543 2351 636 2424 lapide
651 2351 830 2420 fabrefactas,
846 2369 916 2426 quaa
927 2352 1090 2410 Almlardua
1107 2355 1167 2426 ipse
1185 2353 1315 2410 fabricari
1333 2354 1455 2420 curarit,
1470 2351 1595 2420 insolito,
1610 2360 1642 2406 ut
1655 2350 1684 2404 in
1697 2349 1791 2407 omni-

198 2443 250 2500 bus
268 2443 399 2500 iaanlitua
420 2453 494 2512 erat,
514 2443 608 2502 modo.
630 2445 711 2502 Pater
730 2445 761 2500 in
778 2443 872 2502 medin
891 2444 999 2518 pnriuia
1018 2455 1062 2500 est
1078 2461 1143 2500 cunr
1162 2455 1228 2518 toga
1242 2444 1337 2512 talari,
1352 2444 1422 2502 stola
1434 2462 1449 2499 c
1461 2443 1534 2500 collo
1549 2442 1690 2518 pendente
1707 2452 1735 2496 et
1756 2441 1792 2496 ad

199 2546 294 2608 pennae
306 2535 460 2603 commu,
471 2546 556 2610 aque
565 2534 602 2590 ad
611 2534 756 2608 cingulum
768 2534 916 2605 adstricta3
925 2553 990 2592 cnm
1006 2553 1109 2594 corona
1121 2534 1212 2590 clausa
1224 2536 1255 2592 in
1268 2536 1357 2609 capite
1372 2547 1400 2592 et
1416 2535 1498 2608 globo
1510 2536 1542 2590 in
1556 2533 1668 2590 sinistra
1688 2550 1789 2600 mauu,

197 2627 281 2701 pallio
291 2627 510 2702 superindutus,
527 2629 604 2703 qnod
621 2626 657 2684 ad
668 2627 738 2684 dune
751 2628 818 2686 inde
829 2646 961 2700 personas
976 2628 1152 2698 extenditur,
1167 2628 1276 2700 cujuse
1291 2628 1375 2684 fibula
1393 2627 1493 2702 pendit
1514 2626 1621 2684 lembus
1642 2625 1790 2682 deauratus

197 2722 240 2778 bia
260 2721 352 2778 rethia
374 2720 523 2794 adscriptis
537 2745 542 2778 ι
558 2721 650 2778 Fun
664 2740 742 2778 naeus
755 2740 786 2778 cs
800 2731 840 2780 tu.
853 2721 899 2778 nd
911 2721 1002 2778 Patris
1014 2720 1156 2780 dexteram
1169 2732 1224 2778 stat
1238 2721 1326 2780 Filius
1339 2739 1402 2776 cum
1416 2721 1500 2778 simili
1519 2731 1599 2796 toga,
1618 2718 1666 2776 sed
1687 2717 1789 2792 absque

197 2817 327 2891 cingulo,
341 2817 447 2874 babens
458 2818 490 2876 in
502 2819 632 2874 manibus
643 2835 757 2874 crucem
770 2819 877 2892 pectori
888 2820 1060 2894 appetitam,
1072 2829 1102 2874 et
1113 2817 1150 2876 ad
1163 2820 1303 2876 sinistram
1317 2829 1427 2894 partem
1446 2818 1570 2876 lembum
1584 2836 1649 2876 curu
1667 2818 1711 2874 bis
1727 2835 1789 2874 rcr-

195 2907 237 2964 bia
249 2933 255 2963 :
268 2909 357 2964 Pater
370 2927 448 2966 meua
458 2929 489 2966 aa
502 2919 543 2966 tu.
554 2909 601 2968 Ad
613 2909 754 2966 sinistrum
772 2920 846 2966 extat
857 2911 980 2983 Spiritus
997 2921 1109 2968 uncus
1123 2929 1190 2968 cum
1204 2911 1287 2968 simili
1301 2922 1366 2986 toga
1379 2910 1513 2978 indutus,
1531 2909 1688 2966 decmsatas
1706 2899 1790 2984 super

196 3011 295 3074 pectus
314 3000 419 3057 habena
432 3019 529 3058 manua
546 3019 610 3058 cum
629 3002 683 3058 boc
704 3001 781 3060 dicto
795 3026 800 3056 :
816 3003 884 3076 Ego
897 3005 1041 3078 utriusque
1054 3005 1235 3076 spiraculum.
1249 3003 1339 3062 Filius
1359 3021 1487 3062 coronam
1507 3003 1645 3076 spiceum,
1667 3002 1789 3074 Spiritus

196 3103 310 3149 mantua
322 3093 441 3151 olearum
455 3095 535 3167 gerit.
551 3095 678 3170 Uterque
695 3095 809 3169 respicit
821 3096 949 3166 Patrem,
964 3097 1014 3172 qui
1028 3095 1164 3154 cuntur
1182 3107 1240 3165 eat,
1263 3115 1320 3154 unu
1332 3095 1394 3152 dua
1414 3094 1473 3152 alia
1493 3111 1624 3168 persona.
1641 3091 1744 3150 Eadem
1758 3094 1788 3150 in

199 3187 292 3244 uibus
303 3187 397 3244 rullus
407 3189 511 3262 qineina
522 3199 552 3246 et
563 3187 665 3246 forma.
677 3211 692 3240 r
705 3187 780 3248 Vide
795 3188 882 3246 etiam
897 3207 959 3264 quar
975 3188 1010 3246 de
1022 3189 1120 3246 endem
1134 3200 1301 3264 argumento
1318 3189 1512 3246 disseruerunt
1524 3187 1560 3244 D.
1572 3187 1720 3252 Gerraise,
1737 3185 1789 3242 Vis

198 3279 396 3350 d'Aberllcrri,
410 3290 433 3338 t.
446 3281 490 3350 Π,
504 3300 533 3354 p.
546 3285 617 3352 aar,
635 3281 792 3340 Abaaudre
805 3283 916 3352 Lenoir‚
937 3283 1037 3340 Muse'e
1049 3282 1101 3340 des
1112 3293 1289 3342 ιιιιιιιιιιιιιιιιι
1297 3283 1442 3361 srurpuis.
1464 3291 1484 3338 t.
1498 3281 1530 3350 Ι,
1546 3280 1603 3338 leb·
1620 3288 1651 3333 ¹¹⁰
1671 3281 1740 3348 5⁴⁶3
1760 3288 1789 3336 ²¹

196 3371 301 3428 dariis.
310 3373 353 3429 rir
364 3373 514 3443 Remusat,
529 3375 558 3430 iu
572 3393 657 3450 opere
668 3391 738 3450 sepe
749 3374 875 3444 laudato,
887 3386 909 3432 t.
921 3375 951 3444 1,
965 3393 993 3449 p.
1006 3379 1058 3434 tna
1067 3386 1097 3432 et
1108 3375 1164 3450 aq]

824 3543 897 3600 Nota
916 3543 1022 3614 XLVI,
1041 3563 1106 3620 pag.
1126 3547 1171 3604 25.

232 3677 315 3753 Quod
327 3697 413 3752 quum
425 3683 619 3754 cognoscerent
630 3679 787 3748 scholares,
809 3691 952 3754 coeperunt
965 3682 1088 3755 ωιάίᾳιιιι
1103 3701 1277 3740 concurrere.
1288 3713 1324 3728 -·
1332 3683 1495 3740 Franciacua
1507 3683 1668 3754 Petrarcba,
1680 3681 1729 3738 lib.
1742 3683 1785 3750 11,

196 3769 230 3826 de
249 3771 318 3829 Vita
336 3771 479 3828 solitaria:
495 3795 509 3823 e
523 3774 581 3844 Qui
599 3773 699 3830 Petrae
718 3772 922 3844 abelardus
939 3775 1047 3849 iuquit,
1071 3776 1209 3832 cindalia
1227 3775 1341 3846 oedena,
1365 3775 1523 3832 solitudinis
1542 3777 1675 3833 trecensis
1693 3775 1788 3831 abdita

194 3865 367 3935 penetrarit,
380 3866 433 3920 etsi
456 3881 513 3920 nou
532 3865 593 3921 aine
605 3881 707 3940 magno
720 3867 847 3941 undique
860 3865 1049 3922 studiosorum
1062 3879 1216 3938 censemu,
1236 3887 1306 3944 quos
1322 3888 1338 3925 e
1354 3870 1450 3924 multis
1467 3869 1586 3924 urbibus
1603 3869 1729 3925 solitario
1745 3867 1786 3924 illi

193 3954 345 4028 discipulos
362 3956 496 4013 doctr-ina
508 3957 711 4014 celebrisiarua
722 3970 914 4031 contraxerat,
927 3960 989 4015 eine
1009 3960 1106 4035 requie
1124 3971 1220 4016 tamen
1241 3973 1351 4035 optata,
1370 3979 1456 4038 quam
1476 3961 1529 4018 sibi
1551 3962 1685 4020 radicitus
1705 3973 1786 4018 unas

195 4050 285 4128 livor,
299 4049 450 4126 odiumque
464 4051 669 4109 convulnerant.
688 4075 702 4103 a

812 4157 885 4213 Nota
904 4155 1032 4228 XLVII,
1052 4175 1117 4233 pag.
1136 4161 1181 4217 28.

232 4293 318 4350 Alter
339 4294 513 4368 regularium
532 4297 730 4352 amnicorum
746 4299 849 4366 vitam,
867 4297 943 4352 alter
957 4297 1157 4354 monachorum
1173 4316 1203 4354 re
1225 4301 1406 4354 morianna
1428 4297 1613 4372 gloriabatur.
1628 4327 1664 4342 -
1676 4298 1790 4356 sanctos

202 4385 389 4444 tormentum
401 4388 539 4446 cannuica
552 4391 857 4462 premonstratensium
873 4391 1098 4465 congregationis
1118 4391 1321 4460 taurinenrem,
1341 4401 1372 4446 et
1392 4391 1565 4450 Bernardum
1584 4391 1728 4448 monastici
1750 4392 1791 4448 ci.

199 4479 394 4538 mersium
406 4479 516 4540 ordinis
530 4493 721 4556 prommorem
740 4485 912 4558 precipuum
931 4483 1077 4558 iutelligit.
1098 4485 1227 4558 Quorum
1247 4485 1294 4540 hic
1316 4485 1424 4558 primus
1443 4484 1650 4544 clarevallensis
1669 4481 1788 4540 noenobii

199 4571 294 4640 thas,
310 4571 475 4630 benedictus
492 4583 535 4630 eat
549 4593 566 4630 a
581 4573 738 4634 Guillelmn
757 4576 793 4632 de
811 4576 965 4651 campellis
984 4578 1115 4652 episcopo
1137 4577 1324 4634 catalaunensi
1337 4576 1391 4634 sub
1403 4595 1507 4634 aunum
1526 4577 1611 4638 llll.
1628 4576 1789 4650 episcopatu

196 4661 356 4738 lingonensi
370 4676 499 4735 vacante,
519 4668 592 4724 unet
603 4667 632 4724 in
645 4667 782 4724 chronico
798 4669 951 4728 victoriano
964 4669 1079 4744 legitur,
1095 4681 1246 4746 posteaque
1259 4681 1450 4730 trecentorum
1463 4680 1493 4728 et
1504 4668 1624 4744 amplius
1636 4666 1775 4723 monacho

203 4775 264 4814 ran
278 4767 360 4832 pater
370 4775 429 4814 esee
443 4760 620 4819 mercialis
633 4779 711 4831 reru,
727 4772 797 4820 teste
811 4763 896 4820 veteri
908 4761 1088 4820 nmmum
1106 4764 1226 4822 ecclesia
1244 4765 1392 4834 canonico,
1408 4773 1497 4838 «post
1508 4780 1610 4837 panem
1624 4777 1711 4817 annos
1726 4761 1789 4814 novi

199 4847 314 4908 lacinia
324 4891 334 4918 ,
346 4867 478 4924 nornque
489 4853 693 4922 conversionis,
710 4872 763 4910 nec
775 4854 866 4912 solum
878 4855 1011 4926 interius,
1027 4857 1076 4914 red
1088 4859 1174 4914 etiam
1186 4859 1308 4916 exterius
1322 4857 1451 4914 madoris
1467 4874 1555 4914 unrua
1567 4857 1696 4912 inventor
1708 4859 1735 4909 et
1746 4852 1790 4907 in-

200 4952 317 5016 captor,
332 4942 465 5002 domiuus
475 4946 582 5004 scilicet
593 4947 780 5018 Nortbertua,
794 4948 830 5004 de
844 4949 1024 5025 Letharingia
1036 4952 1182 5010 Franciam
1196 4950 1358 5022 ιάιειιίοιιι,
1373 4950 1465 5008 diviua
1478 4948 1650 5025 precedente
1662 4959 1692 5003 et
1703 4945 1791 5003 comi·

195 5043 271 5094 uate
284 5038 374 5110 gratia
387 5038 419 5098 iu
430 5039 594 5113 episcopatu
609 5037 775 5098 laudunensi
793 5041 914 5115 primum
935 5042 1011 5100 illam
1031 5044 1139 5100 vineam
1160 5042 1309 5117 plautavit,
1332 5061 1392 5118 qua
1413 5044 1443 5103 in
1465 5043 1601 5104 murcie
1620 5039 1742 5098 radicata
1762 5049 1789 5093 et

198 5125 313 5186 inchoa
324 5129 385 5202 jara
397 5131 491 5190 emisit
502 5133 671 5206 propagines
683 5150 762 5202 auae,
775 5143 805 5192 et
818 5133 882 5202 rino
893 5134 1069 5194 fortitudinis
1081 5153 1151 5205 tua,
1165 5135 1243 5211 quod
1254 5135 1374 5194 letificat
1383 5153 1433 5192 cor
1445 5135 1584 5206 bominis,
1594 5134 1653 5206 jam
1667 5131 1788 5188 ubertim

198 5221 349 5282 inebriavit
361 5224 458 5298 platea
469 5225 611 5300 principer
623 5236 652 5286 et
660 5225 771 5300 juttae·
783 5237 877 5299 terras,
888 5228 1019 5301 juvenes,
1034 5240 1064 5288 et
1076 5230 1209 5306 virgines,
1226 5247 1304 5286 oenea
1317 5247 1381 5286 cunr
1392 5229 1564 5302 junioribus.
1577 5229 1620 5284 Ita
1634 5238 1667 5284 ut
1678 5223 1791 5282 sortiter
