4486 6100
280 785 319 841 Ex
331 803 429 842 eorum
443 785 532 842 intelli
536 789 635 861 gentle

279 878 385 934 Cantus
399 889 509 934 nostros
520 879 618 935 condis
630 876 788 934 dulcedine.

316 1025 382 1080 Tibi
396 1027 433 1082 ait
442 1027 624 1102 acceptabile,

315 1113 404 1171 Nobis
415 1117 455 1171 sie
468 1115 516 1172 liet
528 1115 597 1172 utile

282 1203 365 1274 Quod
378 1205 413 1260 de
425 1206 481 1262 tuis
492 1205 630 1262 solvemus
643 1201 786 1274 laudibus,

280 1295 308 1350 Si
321 1295 398 1369 qnod
411 1307 490 1352 sonat
502 1293 733 1352 intellexerimus.

317 1441 431 1515 Triplex
444 1441 630 1516 intelligentia

316 1530 429 1587 Diversa
441 1531 546 1606 prebet
556 1531 669 1588 fercula.

283 1619 396 1677 Deliciis
406 1619 530 1677 abundat
541 1622 625 1678 variis

283 1711 371 1767 Sacre
382 1729 476 1768 mensu
489 1712 638 1786 Scripturas
650 1707 759 1765 fertilis.

315 1862 404 1918 Alunt
415 1879 513 1936 parvos
524 1859 675 1928 historica,

318 1951 440 2007 Pascunt
452 1951 562 2007 adultos
572 1949 703 2022 mystica,

283 2041 475 2097 Perfectorum
488 2041 621 2097 ferventi¹
636 2036 730 2094 studio

283 2130 442 2205 Suscipitur
453 2127 566 2186 moralis
576 2129 669 2184 lectio.

319 2279 378 2335 Illis
391 2279 460 2335 fides
471 2278 622 2344 astruitur,

319 2371 360 2426 En
373 2369 427 2426 bac
437 2369 546 2424 fruetus
557 2365 714 2440 colligitur,

285 2462 405 2518 Fructus
416 2459 465 2515 hic
477 2467 519 2515 est
530 2467 560 2514 et
571 2454 789 2518 consummatio,

285 2553 376 2623 Quam
388 2549 438 2606 des
448 2548 544 2618 nobis,
558 2563 670 2602 morum
681 2541 841 2599 instructio.

319 2700 385 2756 Haeo
396 2698 494 2770 nobis,
504 2697 593 2764 Deus,
608 2692 712 2750 fercula

321 2791 383 2846 Tua
396 2788 505 2863 paravit
516 2785 619 2861 gratis,

286 2881 326 2936 Ut
336 2879 382 2935 bis
394 2889 488 2935 nostra
499 2873 688 2950 peregrinatio

286 2969 465 3027 sustentetur
475 2966 555 3042 quasi
568 2964 677 3020 viatico.

320 3119 364 3174 Sit
375 3130 474 3191 perpes
485 3116 545 3171 Deo
556 3079 658 3188 gloria,
671 3121 723 3166 etc.

606 3299 659 3353 111.

322 3451 356 3504 In
369 3457 462 3505 ortum
475 3446 576 3504 mundi
589 3443 698 3502 sensilis

322 3537 445 3594 Mundus
457 3535 653 3611 intelligibilis,

286 3630 366 3688 culo
379 3628 462 3684 simul
473 3637 503 3684 et
513 3637 590 3683 terra
601 3624 716 3681 condito
727 3665 734 3692 ,

287 3720 330 3776 De
343 3719 438 3775 divino
448 3717 507 3790 jam
519 3715 615 3790 prodit
627 3715 730 3769 animo.

324 3849 434 3906 Coelum
449 3864 513 3903 mox
524 3841 696 3920 spiritalibus

325 3939 500 3996 Redimitum
515 3944 558 3991 est
568 3932 694 4000 eiribrrs;

287 4032 355 4088 llaee
367 4038 510 4086 auctorem
522 4041 605 4080 mum
617 4020 759 4078 laudantia

288 4119 430 4177 Matutina
441 4127 507 4172 sunt
518 4113 566 4170 illu
577 4112 677 4169 sidem.

327 4259 424 4318 Tellus
436 4257 541 4326 inanis,
555 4270 656 4321 vacua,

326 4349 442 4406 Latebat
453 4347 533 4421 aquis
545 4344 634 4401 obsita
646 4365 654 4409 ;

285 4443 351 4498 Hae
364 4439 448 4496 iacies
458 4434 592 4510 profundi
600 4431 726 4508 gurgitis

283 4529 437 4606 Caligabat
447 4525 575 4583 obductis
587 4522 720 4580 tenebris.

326 4663 424 4736 Aqna²
438 4656 533 4712 invene
545 4651 669 4709 vivificus

327 4751 391 4806 lam
404 4743 585 4805 incumbebat
596 4741 725 4816 spiritus,

281 4841 335 4898 Ut
343 4840 413 4896 binc
427 4854 504 4912 aquae
513 4836 654 4908 jamtunc
666 4831 845 4902 conciperent

279 4929 377 4989 Unde
388 4925 497 5002 prolem
510 4941 588 4982 nnnc
601 4937 705 4978 sacram
720 4926 860 4992 parerent.

275 5167 285 5193 ¹
312 5164 448 5215 Ferbuene'
460 5157 523 5212 God.
547 5155 620 5208 Brun.
641 5181 671 5193 -
694 5151 704 5180 ¹
725 5151 766 5203 Sic
785 5152 847 5204 God.
866 5149 940 5202 brux.
959 5172 992 5192 -ι

236 5257 332 5308 brux.

925 637 1136 713 cunutus.

1123 782 1157 836 ln
1168 787 1177 816 ³
1191 777 1289 834 mundi
1301 792 1414 852 quoque
1427 745 1579 848 primordia

1128 871 1209 925 Lucis
1221 877 1369 924 venustans
1383 865 1485 938 gratia,

1090 960 1168 1016 Dixit
1179 960 1254 1015 Dens
1266 981 1272 1012 z
1286 957 1328 1014 Sit
1339 955 1398 1024 lux,
1414 964 1443 1008 et
1453 953 1523 1008 lacta
1534 963 1590 1020 est,
1698 995 1700 1000 .

1090 1053 1114 1107 A
1129 1049 1252 1106 tenebris
1265 1046 1332 1103 inde
1345 1043 1431 1101 divisa
1443 1054 1495 1100 est.

1120 1189 1164 1246 Sit
1174 1206 1273 1263 perpes
1285 1187 1344 1242 Deo
1358 1185 1460 1259 gloria,
1475 1193 1528 1238 etc.

1414 1363 1467 1420 lv.

1128 1523 1163 1578 ln
1176 1529 1312 1598 coaeterno
1323 1516 1462 1573 Dominus

1129 1611 1227 1669 Verbo
1241 1609 1312 1666 dixit
1322 1606 1472 1664 altissimus
1487 1626 1494 1658 :

984 1761 985 1766 ,
1095 1702 1316 1758 Firmamentum
1328 1698 1365 1752 sit
1376 1692 1590 1766 interpositum,

1096 1793 1136 1849 Ut
1148 1791 1255 1848 dividat
1266 1805 1402 1864 aquarum
1415 1781 1550 1840 medium.

1124 1933 1238 1987 Dictum
1251 1928 1364 1985 effectus
1378 1924 1516 1999 sequitur.

1014 2085 1017 2093 ,
1129 2022 1250 2094 Abyssus
1261 2014 1463 2078 interceditur;

1094 2107 1255 2166 decentibus
1270 2103 1350 2179 aquis
1362 2099 1480 2157 inferius

1095 2195 1313 2272 suspenduntur
1323 2208 1399 2266 aque
1413 2185 1550 2261 superius.

1132 2344 1243 2417 Quibus
1256 2343 1307 2397 has
1318 2357 1403 2416 aquas
1417 2337 1513 2392 usibus

1132 2434 1278 2501 Reservet‚
1293 2430 1370 2486 novit
1382 2428 1529 2484 Dominus.

985 2519 987 2524 ¹
1097 2525 1214 2582 Constat
1225 2532 1318 2578 autem
1332 2530 1362 2575 et
1374 2519 1446 2586 hac,
1459 2526 1488 2572 et
1501 2524 1598 2572 caetera

1098 2615 1185 2672 Nobis
1197 2631 1273 2681 esse,
1287 2609 1427 2678 nonsibi,
1443 2603 1565 2664 condita.

1134 2761 1245 2818 Nostris
1261 2755 1471 2815 necessitatibus

1133 2849 1302 2908 Providetur
1314 2850 1344 2903 in
1358 2844 1509 2911 omnibus,

1099 2944 1155 2998 Pro
1168 2939 1285 3016 singulis
1298 2959 1313 2994 a
1326 2936 1407 2993 nobis
1419 2934 1540 2991 Domino

1099 3035 1264 3092 Gratiarum
1279 3029 1398 3098 debetur
1413 3027 1495 3081 actio.

1135 3184 1178 3240 Sit
1191 3197 1289 3256 perpes
1301 3178 1361 3234 Deo
1374 3175 1475 3250 gloria,
1488 3181 1542 3228 etc.

1431 3373 1468 3430 V.

1139 3537 1184 3595 Ad
1194 3535 1290 3592 laudes
1303 3533 1349 3590 die
1362 3533 1446 3590 tertia

1138 3627 1196 3682 Nos
1209 3625 1270 3698 ejus
1282 3632 1398 3679 monent
1409 3638 1493 3694 opera
1506 3641 1513 3686 ;

1041 3785 1044 3791 ¹
1102 3713 1287 3790 Congregatis
1299 3707 1481 3766 inferioribus

1103 3806 1192 3881 Aquis
1204 3815 1307 3859 terram
1318 3799 1426 3856 detexit
1437 3796 1582 3853 Dominus.

1137 3965 1225 4018 Terre
1237 3958 1346 4015 detecta
1357 3955 1503 4031 pululat⁴;

1135 4050 1257 4109 Herbam
1271 4058 1300 4104 et
1312 4047 1420 4125 lignum
1435 4045 1590 4120 germinat;

1100 4146 1194 4204 Omne
1207 4155 1294 4216 genus
1304 4137 1397 4194 herbe
1409 4135 1576 4209 producitur
1587 4159 1595 4204 ;

1103 4235 1197 4292 Omne
1207 4229 1279 4304 ligni
1293 4243 1380 4302 genus
1389 4225 1540 4281 emittitur.

1138 4396 1173 4449 In
1185 4403 1259 4448 terra
1272 4401 1351 4447 terre
1365 4386 1521 4462 prinoipem

1141 4481 1335 4539 Collocuturus
1345 4477 1505 4548 hominem,

1105 4577 1209 4630 Locum
1221 4571 1295 4626 Deus
1308 4566 1435 4626 ornando
1449 4575 1584 4640 preparat

1104 4661 1177 4720 Vite
1190 4669 1289 4716 nostre
1299 4675 1384 4732 quern
1396 4673 1462 4712 usus
1474 4654 1610 4728 postulat.

1142 4822 1315 4878 Recusamur
1327 4819 1358 4873 in
1370 4815 1502 4874 omnibns

1143 4910 1172 4968 Si
1183 4911 1317 4966 factorem
1329 4907 1549 4972 contaminem

1012 5149 1076 5200 'Sic
1091 5147 1153 5200 Cod.
1172 5147 1244 5198 Brun.
1256 5172 1270 5183 ·
1280 5147 1307 5196 ln
1321 5145 1453 5198 delendum
1466 5159 1520 5196 esse
1533 5143 1629 5196 ridetur

1631 5179 1637 5193 .
1658 5142 1704 5179 -⁴
1722 5143 1763 5195 Sin
1780 5143 1842 5194 Gud.
