4574 6110
457 605 528 674 :roo
598 573 601 582 ’

491 737 576 811 Apud
590 737 676 793 lsrael
688 747 787 794 notum
799 749 890 807 autea,

490 827 600 882 Nomen
615 828 728 884 Domini
741 846 817 884 nuno
827 829 862 885 ad
875 831 969 886 omnia

490 917 544 971 Per
562 917 614 973 hos
628 919 735 992 prodiit
747 919 846 976 muudi
864 919 985 977 climata.

491 1063 536 1122 nd
549 1064 603 1120 hoo
615 1066 744 1121 omnium
755 1067 860 1142 linguis
872 1069 981 1143 prediti

491 1153 525 1210 Et
538 1155 678 1211 miraculis
690 1168 770 1212 erant
788 1158 942 1231 splendidi,

492 1245 588 1330 Verbo
601 1249 707 1318 pariter
719 1259 748 1303 et
765 1267 795 1304 re
809 1251 932 1306 maximi.

492 1393 593 1465 Perpes
608 1394 708 1466 gloria,
725 1407 779 1450 etc.

790 1593 894 1652 ixit-3

489 1749 599 1822 Regum
613 1750 694 1816 solia,
710 1750 897 1825 philosophici

488 1839 581 1893 Celsas
595 1839 698 1895 modo·
713 1839 859 1896 cathedras
872 1843 1040 1915 magisterii,

490 1929 527 1984 lli
540 1929 694 2001 subjiciunt
704 1931 774 2004 jugo
787 1931 910 1987 Domini.
1010 1943 1012 1948 ’

488 2079 517 2132 Si
531 2041 576 2132 res
592 2077 703 2133 bellicas
716 2079 794 2152 plebs
806 2079 939 2148 invalida,

489 2165 683 2240 Eloquentiam
696 2167 791 2240 lingua
806 2171 927 2238 rustica,

487 2255 626 2309 Mundum
640 2256 746 2329 subigit
756 2257 839 2312 turba
852 2257 971 2314 modica.

488 2405 556 2461 lude
574 2406 673 2479 gladiis
684 2424 763 2480 reges
775 2406 925 2474 dimicant,

489 2495 563 2550 lliuc
575 2495 736 2569 philosophi
750 2495 841 2552 verbis
851 2495 999 2564 intonant,

485 2584 540 2640 Sed
555 2585 696 2640 miraculis
710 2587 774 2641 vieti
788 2583 954 2660 supplicant.

482 2733 586 2806 Perpes
599 2732 685 2804 gloria
699 2735 759 2806 regi
773 2736 898 2808 perpeti,
910 2745 964 2791 etc.

793 2941 884 2999 LXV.

484 3103 574 3160 Stulta
587 3104 691 3172 sarculi,
707 3104 806 3160 mundi
821 3103 931 3170 infima,

483 3194 614 3250 Christus
627 3193 733 3268 eligens
747 3195 881 3268 sapientia

485 3285 608 3356 Qonque
625 3285 746 3339 conterit
759 3293 787 3339 et
800 3283 941 3340 sublimia.

484 3431 532 3486 itit
543 3431 687 3486 urbanitas
705 3431 753 3486 hic
766 3431 926 3497 rhetoricae,

485 3521 532 3576 Nil
544 3519 716 3577 verbositas*
732 3519 845 3593 logicae,

485 3609 540 3666 Sed
554 3609 716 3684 simplicitas
736 3609 800 3664 fidei
820 3627 912 3664 sacre.

484 3756 649 3830 Eloquentia
663 3757 747 3812 cessit
759 3754 862 3824 Tullii,

478 3847 558 3922 ‚Tace
572 3845 679 3902 dictum
693 3857 734 3901 est
747 3844 909 3914 Aristoteli,

486 3914 571 4010 leges
582 3934 729 4010 proferunt
740 3935 846 3990 mundo
860 3939 969 3994 rustici.

487 4086 587 4157 Perpes
602 4085 703 4156 gloria,
718 4095 772 4138 etc.

786 4283 889 4340 LXVl.

484 4443 636 4498 Piscatoria
651 4442 735 4497 modo
746 4443 827 4508 linia,

484 4533 664 4605 imperatoris
679 4550 748 4606 saepe
762 4550 852 4605 genua

484 4621 542 4677 Deo
553 4620 711 4693 supplicant
726 4621 947 4694 procumbentia.

482 4769 546 4824 Nou
559 4770 651 4842 impar
665 4768 765 4824 Paulus
778 4770 838 4825 vitae
852 4771 955 4828 merito

483 4859 645 4918 Diademate
663 4858 749 4933 pollet
763 4863 891 4936 gemino,

484 4951 575 5020 Virgo
589 4949 724 5020 candido,
741 4962 845 5024 martyr
858 4951 972 5007 rubeo⁸.

1057 605 1185 676 PE'l'Rl
1211 605 1446 726 ABAELAllDl

1304 748 1480 805 Beatissimos
1495 749 1593 806 mundi
1606 751 1746 825 principes

1304 837 1380 895 Delio
1392 841 1498 908 socios,
1516 851 1605 897 morte
1619 842 1750 908 comites,

1306 928 1371 984 llec
1381 927 1417 984 ad
1434 947 1549 1005 superos
1566 932 1721 988 transmisit
1732 931 1802 986 dies.

1306 1075 1408 1150 Perper
1422 1077 1522 1150 gloria,
1538 1089 1591 1134 etc.

1602 1265 1722 1321 LXVll.

1307 1413 1439 1485 Princeps
1452 1414 1537 1486 apicis
1551 1411 1709 1485 apostolici,

1303 1504 1403 1558 Pastor
1414 1503 1507 1558 ovium
1521 1503 1614 1576 gregis
1628 1501 1756 1566 Domini,

1305 1593 1364 1648 llas
1375 1592 1502 1648 custodia
1514 1609 1589 1647 serra
1605 1591 1692 1664 uigili.

1303 1747 1373 1798 Arte
1385 1741 1485 1797 melius
1497 1751 1578 1796 utens
1589 1742 1725 1813 pristina,

1304 1830 1417 1887 Piscans
1430 1831 1558 1886 homines
1573 1831 1653 1886 trahe
1665 1831 1749 1898 retia,

1305 1921 1456 1994 Complens
1467 1921 1582 1978 Domini
1593 1922 1631 1975 sic
1643 1919 1776 1994 pollicita.

1307 2070 1390 2126 Forte
1403 2069 1522 2142 claviger
1537 2069 1604 2125 aula
1616 2069 1728 2137 coelice,

1304 2161 1390 2216 Fores
1403 2161 1496 2233 aperi,
1511 2178 1625 2215 manum
1643 2159 1771 2233 porrige3

1309 2251 1388 2320 Quos
1400 2250 1435 2305 ad
1447 2249 1600 2306 Dominum
1613 2247 1693 2304 ducis
1706 2249 1825 2320 suscipe.

1305 2399 1408 2474 Perpes
1421 2399 1522 2474 gloria,
1536 2410 1591 2454 etc.

1587 2599 1719 2654 LXVlll.
1783 2588 1787 2596 ’

1306 2759 1385 2814 Tubu
1399 2758 1526 2824 Domini,
1541 2755 1642 2826 Paule,
1657 2756 1793 2821 maxima,

1304 2849 1345 2904 De
1359 2847 1517 2904 coelestibus
1529 2845 1597 2902 dans
1609 2847 1747 2914 tonitrua,

1308 2938 1407 2993 Hostes
1418 2936 1554 3010 dissipans
1565 2937 1637 2991 cives
1649 2953 1779 3010 aggrega.

1301 3084 1406 3140 Ductor
1422 3084 1548 3158 gentium
1565 3100 1595 3138 es
1608 3083 1780 3154 precipuus,

1305 3173 1405 3230 Vasio
1416 3170 1547 3247 poculum
1562 3171 1651 3227 lactus
1662 3167 1807 3233 omnibus,

1304 3263 1449 3337 Sapientiae
1461 3262 1575 3336 plenum
1587 3259 1743 3316 haustibus.

1305 3416 1386 3471 Mane
1400 3415 1544 3487 Beniamin
1562 3413 1682 3489 predam
1695 3411 1802 3486 rapuit,

1303 3506 1384 3562 Escas
1395 3523 1508 3580 vespere
1520 3503 1610 3579 largas
1621 3503 1736 3572 dividit,

1302 3595 1376 3652 vua
1387 3594 1500 3650 ferculis
1511 3593 1649 3650 mundum
1661 3592 1759 3648 reficit.

1302 3743 1342 3798 Ut
1354 3743 1515 3799 rhinoceros
1527 3753 1569 3800 est
1581 3741 1753 3812 indomitus,

1302 3835 1393 3904 Quem
1406 3831 1443 3887 ad
1453 3843 1577 3888 aratrum
1591 3831 1681 3905 ligans
1692 3832 1843 3896 Dominus,

1302 3922 1406 3978 Glebas
1418 3921 1529 3978 vallium
1544 3919 1650 3994 frangit
1668 3922 1804 3994 protinus.

1300 4069 1383 4126 Nunc
1396 4069 1526 4144 nequitie
1537 4067 1632 4124 laudat
1643 4068 1780 4134 villicum,

1301 4162 1394 4231 Quem
1408 4159 1563 4234 prudentie
1575 4158 1646 4213 dicit
1659 4157 1805 4232 preditum

1299 4253 1340 4304 Ac
1353 4266 1405 4322 pro
1421 4248 1485 4305 liliis
1500 4247 1569 4304 brois
1582 4247 1741 4320 providum.

1302 4399 1405 4472 Perper
1423 4398 1525 4472 gloria,
1538 4407 1592 4452 eto.

1601 4608 1704 4684 sxrx,

1303 4775 1380 4832 Caelo
1393 4771 1492 4828 celsius
1505 4769 1598 4825 volans
1614 4767 1722 4843 aquila,

1297 4863 1342 4920 Ad
1354 4863 1489 4920 dominici
1502 4862 1580 4917 sinus
1593 4857 1689 4916 abdite

1302 4951 1367 5007 Nidi
1381 4950 1500 5006 contulit
1510 4948 1679 5012 habitacula.

435 5202 443 5225 '
481 5225 486 5249 ¹
507 5225 719 5280 uorodstmdum
736 5237 782 5279 ert.
798 5227 902 5279 -¹llic
916 5229 1015 5280 verbum
1030 5230 1118 5282 deesse
1130 5229 1232 5284 videm.
1246 5229 1369 5298 -⁸Cod.
1381 5233 1451 5282 rute.
