4510 6108
417 553 459 625 lN
484 551 627 622 SEXTA
654 549 786 621 FElllh
812 547 921 619 POST
947 548 1148 622 octavas
1174 548 1452 621 ASCENSIONlS
1476 544 1639 616 SERMO.
1747 542 1820 614 479

194 735 199 744 ·
237 690 318 764 coeli
333 691 445 786 janua
464 688 626 788 patebat,
645 703 819 784 tanquam
840 687 879 756 in
900 687 1204 784 peregrinatione,
1224 711 1299 758 non
1320 677 1358 758 in
1382 685 1499 785 patria
1520 683 1597 754 suit.
1626 681 1822 754 Subsecuta

239 835 324 882 vero
341 811 501 906 gentium
516 807 689 896 Ecclesia,
708 831 787 905 quae
803 820 885 905 post
900 807 1104 905 passionem
1130 808 1276 880 Domini
1294 807 1369 904 jam
1386 832 1406 879 a
1422 831 1534 902 regno
1552 828 1626 876 non
1644 801 1820 892 differtur,

239 947 275 1004 et
295 931 340 1005 ad
357 931 487 1004 coelum
507 928 670 1027 quotidie
692 929 836 1024 migrat,
854 929 977 1026 patriae
998 930 1110 1024 magis
1133 952 1243 1026 quam
1263 928 1560 1027 peregrinationis
1581 925 1823 1022 solemnitates

239 1050 410 1139 celebrat,
429 1075 542 1147 quum
564 1048 690 1120 futurae
707 1049 786 1122 vitae
809 1047 937 1145 gaudia
954 1049 991 1118 in
1013 1048 1180 1122 natalitiis
1201 1063 1408 1122 sanctorum
1428 1048 1647 1145 frequentat,
1666 1059 1823 1116 nectam

239 1170 339 1269 quod
364 1171 467 1242 terris
489 1172 564 1242 uati
589 1184 690 1257 sunt,
713 1193 823 1265 quam
839 1168 939 1266 quod
959 1168 1051 1240 coelo
1073 1184 1285 1259 nascuntur,
1309 1183 1433 1241 nostra
1449 1169 1525 1265 jam
1546 1167 1690 1239 devotio
1707 1179 1820 1238 curat.

240 1296 377 1362 Domus
399 1291 519 1387 itaque
550 1288 776 1360 mansionem
803 1288 915 1384 magis
940 1311 1048 1385 quam
1074 1287 1167 1361 exilii
1193 1289 1519 1387 peregrinationem
1548 1284 1728 1357 celebrare
1758 1307 1825 1362 nos

240 1409 582 1507 convenit,·quihus
599 1407 749 1480 coelestis
762 1407 836 1504 jam
858 1405 955 1506 patet
972 1408 1119 1480 felicitas
1136 1410 1172 1480 in
1190 1410 1378 1507 praemium
1394 1408 1606 1493 constituta,
1625 1429 1737 1503 quum
1753 1419 1825 1476 ter-

242 1554 328 1602 rena
342 1543 484 1601 tantum
498 1529 715 1628 prosperitas
731 1528 768 1599 in
783 1529 1073 1602 remuneratione
1089 1529 1174 1625 legis
1191 1531 1340 1626 antiquo
1357 1526 1493 1627 populo
1510 1527 1616 1600 suerit
1630 1550 1652 1597 a
1667 1524 1825 1596 Domino

242 1650 429 1749 promissa.

291 1771 527 1841 praetermissa
546 1769 666 1863 itaque
686 1766 1014 1841 Tabernaculorum
1035 1767 1240 1857 festivitate,
1264 1768 1310 1840 ad
1332 1767 1575 1866 suprapositas
1597 1766 1686 1837 duas
1701 1789 1826 1836 rever-

242 1893 373 1976 tentes,
398 1888 539 1960 Paschae
554 1887 720 1959 videlicet
740 1901 847 1984 atque
869 1891 1113 1976 Pentecostes,
1132 1887 1319 1984 diligenter
1335 1912 1394 1960 eas
1417 1889 1510 1959 inter
1526 1911 1563 1958 se
1580 1885 1823 1974 conseramus,

243 2023 283 2079 ut
298 2007 392 2079 hanc
412 2005 472 2080 illa
493 2021 567 2078 tam
587 2007 624 2077 in
641 2006 761 2077 Veteri
781 2031 890 2102 quam
907 2008 943 2078 in
966 2011 1068 2078 Novo
1084 2011 1310 2080 Testamento
1327 2031 1402 2078 non
1427 2006 1633 2078 inferiorem
1650 2028 1726 2076 esse
1741 2029 1834 2102 pro·.

243 2126 386 2215 heman,
409 2127 484 2198 imo
504 2126 733 2224 praecaeteris
754 2125 949 2222 quamdam
970 2125 1134 2197 obtinere
1155 2128 1427 2224 praerogativam
1448 2139 1702 2197 monstremus.
1726 2124 1826 2220 Legi*

244 2251 340 2320 mus¹
356 2248 553 2319 Dominum
569 2246 683 2342 Moysi
699 2246 926 2345 praecepisse,
945 2261 984 2317 ut
1000 2246 1177 2345 populum
1192 2245 1441 2338 sanctificaret,
1461 2269 1616 2343 eumque
1632 2245 1826 2316 vestimen·

243 2369 287 2440 tis
307 2367 379 2439 suis
400 2366 529 2438 ablutis
550 2366 596 2439 ab
617 2364 789 2437 uxoribus
810 2365 1067 2455 abstinentem,
1090 2369 1141 2438 sic
1157 2368 1203 2440 ad
1224 2367 1340 2464 legem
1360 2380 1577 2466 praepararet
1592 2366 1629 2436 in
1647 2365 1752 2436 tertio
1769 2363 1828 2436 die

243 2488 518 2588 suscipiendam.
539 2487 679 2559 Nullam
695 2502 815 2560 autem
836 2487 943 2560 aliam
964 2487 1190 2561 festivitatem
1212 2490 1261 2561 ita
1276 2489 1332 2560 lex
1348 2479 1597 2575 commendat,
1617 2501 1657 2558 ut
1671 2485 1779 2571 talem
1796 2485 1828 2555 ei

244 2607 532 2680 sanctificationis
545 2607 843 2704 praeparationem
856 2608 1034 2697 instituat,
1050 2609 1246 2706 praesertim
1258 2634 1355 2698 cum,
1373 2606 1543 2706 Apostolo
1560 2619 1761 2695 attestante,
1777 2605 1829 2676 in·

245 2743 298 2800 ter
313 2730 479 2800 universa
494 2727 559 2798 Dei
576 2726 674 2798 dona
689 2726 818 2796 ludaeis
834 2727 1030 2823 antiquitus
1046 2726 1189 2814 collata,
1207 2727 1296 2800 illud
1311 2729 1470 2826 primum
1485 2727 1548 2815 sit,
1562 2725 1633 2796 hoc
1651 2740 1704 2796 est
1720 2725 1828 2797 maxi·

245 2871 356 2937 mum,
378 2875 397 2916 u
409 2849 495 2944 quia
509 2845 646 2918 credita
661 2859 745 2916 sunt
761 2845 828 2916 illis
845 2844 988 2942 eloquia
1003 2847 1095 2936 Der,
1106 2875 1124 2914 u
1139 2846 1210 2918 hoc
1227 2862 1280 2919 est
1292 2847 1430 2919 Veteris
1440 2844 1654 2917 Testamenti
1664 2842 1828 2914 doctrina

244 2964 328 3054 illis,
352 2991 426 3036 non
448 2965 582 3036 caeteris
603 2967 792 3037 nationum
812 2965 955 3063 populis
971 2965 1067 3037 data.
1094 2966 1163 3037 Sed
1180 2991 1247 3036 nec
1263 2965 1321 3037 ille
1338 2964 1431 3054 dice,
1449 2965 1512 3062 qui
1527 2963 1673 3063 proprie
1694 2961 1829 3034 Pascha

245 3086 457 3178 vocabatur,
481 3110 614 3181 agnum
634 3084 691 3156 vel
710 3084 860 3158 lroedum
881 3085 1072 3158 immolans
1094 3087 1141 3158 ad
1161 3111 1350 3184 vesperum
1370 3101 1507 3185 septem
1528 3098 1716 3182 sequentes
1737 3083 1826 3173 dies,

245 3207 307 3302 qui
323 3230 531 3303 azymorum
558 3205 791 3294 dicebantur,
821 3203 956 3301 aliquid
982 3205 1113 3276 sestivae
1137 3205 1386 3278 celebrationis
1411 3229 1454 3276 ex
1478 3219 1656 3304 praecepto
1683 3204 1829 3276 Domini

245 3323 388 3414 hahuit,
402 3324 466 3414 sed
482 3326 519 3396 in
536 3348 578 3397 ea
593 3339 734 3396 tantum
750 3323 926 3396 immolati
942 3326 1024 3420 agni
1041 3323 1088 3395 ad
1103 3349 1291 3422 vesperum
1303 3325 1401 3420 jussa
1417 3339 1470 3396 est
1486 3323 1575 3398 fieri.
1595 3329 1723 3396 Nostra
1738 3349 1829 3421 quo·

245 3470 316 3541 que
335 3445 542 3517 solemnitas
560 3451 784 3516 Pentecostes
805 3444 894 3541 quid
910 3445 1070 3518 utilitatis
1090 3444 1147 3516 vel
1167 3445 1349 3541 dignitatis
1370 3470 1442 3543 prae
1463 3445 1597 3518 caeteris
1613 3444 1744 3544 adepta
1763 3445 1827 3535 sit,

247 3564 367 3636 multis
377 3564 513 3636 clarum
530 3579 583 3636 est
598 3563 751 3636 indiciis.
767 3568 839 3636 Lex
855 3562 965 3635 hodie
981 3564 1017 3635 in
1036 3579 1160 3636 monte
1176 3565 1273 3637 Sinai
1289 3564 1352 3636 uni
1367 3563 1519 3665 populo,
1533 3565 1617 3636 etin
1629 3563 1832 3661 unalingua

247 3683 379 3756 tradita
389 3728 405 3776 ,·
430 3683 656 3756 obscuritatis
681 3683 831 3779 caligine
858 3684 925 3754 fuit
956 3683 1134 3773 involuta,
1164 3699 1199 3757 et
1230 3699 1305 3757 tam
1337 3684 1437 3756 fumo
1468 3685 1722 3783 potiusquam
1752 3684 1832 3756 luce

248 3801 393 3892 referta,
421 3803 512 3875 sicut
537 3817 572 3873 et
592 3815 755 3901 patenter
779 3800 1073 3899 praefigurahatur
1098 3827 1211 3898 quum
1227 3803 1304 3900 ipsa
1324 3800 1536 3876 traderetur.
1571 3803 1721 3901 Spiritus
1745 3827 1831 3874 vero

248 3948 355 4022 super
370 3922 552 4022 apostolos
567 3923 677 3995 bodie
697 3923 918 3996 descendens
939 3936 1013 3994 tam
1028 3922 1115 4018 legis
1131 3947 1241 4019 quam
1256 3938 1467 3996 ceterorum
1480 3924 1686 3996 divinorum
1700 3923 1834 3998 verho-

249 4068 331 4119 rum
357 4043 626 4141 intelligentiam
653 4040 787 4131 attulit,
814 4057 850 4113 et
875 4042 999 4114 omnia
1027 4065 1158 4138 genera
1183 4041 1403 4140 linguarum,
1432 4043 1564 4142 quibus
1593 4043 1668 4116 haec
1699 4044 1832 4141 ubique

250 4167 540 4264 praedicarentur,
568 4163 750 4262 discipulis
770 4162 939 4252 contulit,
965 4177 1001 4234 et
1026 4177 1153 4234 notum
1180 4164 1279 4262 prius
1309 4165 1347 4236 in
1375 4165 1496 4236 Judaea
1523 4168 1639 4236 Deum
1666 4165 1832 4238 universo

250 4285 390 4357 mundo
405 4282 618 4373 declaravit,
639 4296 675 4352 et
689 4282 808 4380 ipsum
833 4282 866 4352 ei
891 4281 1089 4379 acquisivit.
1118 4283 1184 4354 Die
1210 4283 1373 4376 Paschae,
1400 4285 1598 4356 Dominum
1622 4285 1833 4381 incorpore

250 4405 480 4476 resurrexisse
496 4403 676 4475 novimus.
691 4405 766 4472 Hac
786 4425 873 4472 vero
887 4401 964 4490 die,
988 4401 1027 4473 id
1043 4416 1163 4473 actum
1179 4417 1233 4475 est
1247 4428 1311 4502 per
1327 4405 1439 4476 sancti
1456 4404 1606 4503 Spiritus
1621 4402 1830 4492 adveutum,

251 4547 316 4622 per
331 4523 431 4621 quod
447 4523 633 4594 universus
654 4518 812 4592 mundus
833 4519 968 4592 felicius
983 4521 1020 4591 in
1045 4522 1163 4593 anima
1185 4523 1465 4598 resuscitaretur.
1485 4525 1550 4595 Die
1566 4523 1835 4596 resurrectionis

251 4644 326 4715 sive
342 4644 571 4732 ascensionis,
590 4640 679 4713 fides
695 4656 732 4712 et
746 4665 827 4739 spes
843 4641 1100 4740 discipulorum
1116 4641 1329 4716 confirmata
1344 4659 1409 4718 est.
1424 4649 1499 4718 Hac
1514 4669 1601 4716 vero
1618 4644 1690 4734 die,
1708 4644 1835 4716 caritas

252 4789 317 4861 per
333 4764 521 4863 Spiritum,
540 4763 602 4859 qui
619 4785 720 4833 amor
739 4761 805 4832 Dei
822 4760 969 4851 dicitur,
992 4761 1109 4834 infusa
1129 4761 1322 4861 discipulos
1338 4765 1616 4856 consummavit,
1632 4764 1730 4860 juxta
1747 4763 1835 4836 illud

254 4883 454 4982 Apostoli⁸:
477 4883 647 4954 «Caritas
667 4880 732 4952 Dei
754 4878 883 4953 diffusa
907 4894 960 4951 est
980 4882 1018 4953 in
1047 4881 1217 4955 cordibus
1239 4885 1370 4956 nostris
1390 4910 1454 4983 per
1476 4884 1646 4983 Spiritum
1672 4899 1835 4957 sanctum

290 5157 296 5182 ³
315 5155 410 5213 Exod,
424 5169 480 5220 cap.
492 5169 551 5216 ιιι,
563 5169 586 5202 ι.
603 5155 645 5212 10,
660 5154 699 5202 rt.
710 5178 741 5190 -·
754 5149 763 5178 ¹
777 5153 857 5212 Rom,
872 5167 927 5220 cap.
943 5168 985 5217 nr,
999 5167 1022 5203 r.
1038 5153 1062 5202 ἲ.
1073 5152 1121 5190 -⁸
1134 5151 1209 5215 thiu..
1221 5125 1280 5220 ⁸cap.
1295 5170 1319 5216 v,
1333 5169 1355 5204 r.
1367 5155 1392 5206 5.
