4486 6100
638 647 683 718 lN
707 645 1062 720 ANNUNTIATlONE
1087 646 1278 719 VlRGlNlS
1303 645 1465 719 SERMO.
1531 639 1535 650 ’
1771 649 1843 721 353

259 803 314 861 rat
335 789 435 885 virgo
461 789 636 887 virginem
659 789 808 888 loseph,
827 765 937 887 quem
954 812 997 860 ex
1015 789 1231 860 castimoniae
1246 812 1386 878 amore,
1409 802 1445 860 et
1464 788 1685 885 cognationis
1700 790 1846 889 propin·

259 911 393 1005 quitata
412 909 621 984 familiarem
635 899 802 982 babebat.
825 915 929 982 Hunc
947 910 1053 1007 igitur
1075 909 1179 1007 elegit
1197 911 1234 980 in
1252 934 1443 1009 sponsum,
1467 925 1574 1007 quern
1595 911 1757 982 in’suum
1779 926 1846 983 tra·

259 1027 345 1100 here
368 1028 574 1103 confidebat
598 1055 831 1121 consensum,
862 1055 908 1103 ne
943 1030 972 1102 si
1008 1031 1115 1102 alium
1144 1045 1330 1128 cogeretur
1356 1031 1536 1128 accipere,
1574 1029 1675 1128 quod
1700 1048 1847 1104 voverat

259 1151 336 1220 Deo
355 1172 430 1220 non
448 1165 569 1248 posset
588 1149 779 1223 custodire.
802 1154 855 1222 De
873 1175 944 1249 qua
967 1150 1074 1222 etiam
1101 1174 1212 1248 quum
1238 1149 1413 1222 dicitur¹:
1437 1178 1455 1218 u
1472 1154 1517 1220 Et
1535 1151 1711 1248 ingressus
1729 1166 1782 1223 est
1799 1151 1845 1223 ad

260 1292 340 1339 eam
368 1269 536 1366 angelus,
557 1297 574 1338 a
599 1269 786 1368 diligenter
812 1285 975 1342 sanctum
1000 1270 1075 1366 ejus
1102 1269 1327 1369 propositum
1353 1269 1583 1358 describitur,
1608 1295 1688 1368 quae
1710 1294 1784 1342 non
1808 1271 1844 1340 in

260 1385 384 1484 plateis
400 1390 553 1462 exterius
570 1414 654 1461 cum
671 1388 887 1462 secularibus
904 1389 1044 1462 feminis
1063 1389 1254 1488 reperitur,
1274 1389 1336 1460 sed
1352 1386 1478 1460 clauso
1496 1389 1650 1462 cubiculi
1667 1391 1722 1462 sui
1738 1390 1844 1478 ostio,

262 1511 336 1580 Deo
356 1507 486 1582 devote
504 1510 707 1610 supplicans
734 1525 770 1582 et
799 1534 928 1600 orans3
955 1526 995 1581 ut
1017 1511 1245 1582 continentie
1268 1508 1368 1607 quod
1386 1509 1516 1582 fecerat
1534 1525 1657 1582 votum
1684 1527 1756 1582 tam
1781 1509 1847 1581 sibi

261 1652 369 1724 quam
392 1653 525 1728 sponso
544 1655 609 1702 suo
628 1615 814 1702 custodiat'
826 1629 1048 1702 inviolatum.
1077 1630 1181 1702 Unde
1205 1645 1239 1702 et
1261 1630 1298 1701 iu
1324 1630 1408 1727 ipsis
1432 1630 1505 1701 suis
1526 1629 1691 1729 precibus
1713 1629 1760 1704 dc
1784 1656 1848 1703 sua
1925 1698 1930 1706 .

261 1748 432 1845 petitione
450 1751 569 1822 statim
583 1751 867 1823 consolationem
885 1751 1015 1822 meruit
1032 1752 1212 1849 accipere,
1229 1764 1265 1822 et
1277 1751 1501 1823 securitatem
1515 1750 1688 1825 obtinere.
1708 1755 1762 1825 Dc
1777 1752 1847 1824 hoc
1909 1763 1911 1766 ’

261 1883 380 1941 autem
405 1869 560 1942 cubiculi
580 1872 635 1943 sui
654 1886 791 1943 secreto
810 1885 981 1968 tanquam
1006 1871 1152 1943 oraculo
1178 1871 1319 1962 divino,
1341 1897 1450 1970 quam
1468 1887 1591 1944 sancto
1608 1871 1657 1943 ibi
1675 1887 1848 1971 occupata

240 1989 350 2061 'esset
382 1990 524 2081 studio,
552 1990 678 2064 beatus
707 1991 1032 2092 Ambrosiusllibro
1063 1991 1107 2063 de
1136 1996 1348 2092 Virginitate
1377 1997 1407 2062 ll
1434 1991 1491 2064 bis
1522 1991 1645 2064 scribit
1676 1992 1844 2064 verbis²:

171 2124 174 2128 '
264 2139 281 2177 u
299 2116 382 2184 llaec
399 2111 443 2184 ad
464 2113 561 2211 ipsos
575 2115 752 2210 ingressus
770 2112 910 2210 Angeli,
930 2113 1074 2184 inventa
1093 2112 1192 2185 dorni
1216 2115 1251 2184 in
1275 2111 1517 2212 penetralibus
1541 2114 1617 2186 sine
1633 2113 1782 2204 cernite,
1802 2136 1848 2184 ne

263 2233 341 2330 quis
353 2234 589 2306 intentionem
601 2233 856 2332 abrumperct⁸,
876 2258 923 2305 ne
937 2235 1017 2331 quis
1028 2233 1260 2332 obstreperet.
1276 2237 1399 2331 Neque
1414 2234 1512 2307 enim
1533 2235 1682 2306 comites
1701 2233 1849 2306 feminas

262 2350 504 2442 desiderabat,
520 2379 599 2452 quae
610 2352 726 2424 bonas
744 2353 975 2450 cogitationes
992 2351 1159 2425 babebat.
1190 2354 1287 2440 Quin
1310 2353 1416 2424 etiarn
1435 2352 1606 2424 tuncsibi
1629 2354 1747 2425 minus
1774 2352 1849 2425 sola

261 2471 466 2560 videbatur,
485 2497 597 2570 quum
616 2471 691 2544 sola
708 2487 811 2544 esset.
833 2477 921 2544 Nam
940 2471 1249 2569 quemadmodum
1261 2471 1354 2570 sola,
1369 2471 1428 2543 cui
1438 2486 1492 2545 tot
1502 2472 1584 2544 libri
1600 2471 1777 2562 adessent,
1798 2485 1852 2542 tot

262 2592 479 2688 archangeli,
502 2607 554 2664 tot
568 2591 779 2691 prophetae?
800 2591 963 2689 Denique
981 2607 1017 2664 et
1040 2590 1183 2664 Gabriel
1197 2617 1276 2664 eam
1288 2593 1461 2690 virginem
1474 2592 1536 2664 ubi
1549 2594 1702 2666 revisere
1715 2591 1852 2664 solebat

262 2712 414 2802 invenit,
435 2727 470 2784 et
483 2712 649 2810 angelum
665 2713 775 2784 Maria
789 2713 890 2809 quasi
905 2713 1152 2810 virumspecie
1174 2727 1309 2785 mutata
1324 2711 1529 2812 trepidavit,
1549 2714 1651 2811 quasi
1668 2738 1742 2784 uon
1756 2713 1853 2784 inco-

262 2834 399 2928 gnitnm
419 2832 542 2905 audito
558 2833 706 2905 nourine
720 2832 940 2930 recognovit.
961 2837 1011 2904 lta
1026 2833 1249 2931 peregrinata
1263 2847 1315 2905 est
1328 2833 1364 2904 in
1380 2833 1478 2924 viro,
1498 2858 1577 2930 quae
1594 2858 1669 2905 uon
1683 2849 1736 2905 est
1749 2857 1850 2930 pere-

262 2953 399 3049 grinata
425 2955 462 3026 in
487 2931 631 3051 angelo,
661 2970 700 3027 ut
723 2978 895 3052 agnoscas
920 2978 1023 3025 aures
1049 2953 1249 3051 religiosas,
1275 2951 1401 3026 oculos
1425 2951 1660 3026 verecundos.
1690 2952 1853 3048 Denique

262 3073 412 3145 salutata
439 3073 637 3164 obmutuit,
659 3089 694 3146 et
715 3073 891 3174 appellata
911 3063 1111 3173 respondit.¹
1132 3073 1204 3150 vSed
1225 3099 1304 3172 quae
1322 3063 1439 3174 prinio
1463 3072 1677 3146 titubaverat
1692 3071 1853 3158 affectul,

262 3209 387 3290 postea
399 3195 563 3292 promisit
570 3194 801 3292 obsequium.
820 3221 838 3260 a
865 3196 955 3266 Ecce
971 3194 1129 3266 studium
1142 3175 1304 3267 non'tam
1323 3195 1544 3294 desponsatae
1560 3218 1669 3291 quarn
1682 3193 1848 3291 virginis,

262 3336 338 3384 non
356 3336 394 3385 se
410 3311 457 3384 ad
472 3315 615 3412 nuptias
632 3316 879 3414 praeparantis,
901 3312 964 3385 sed
984 3318 1062 3386 Deo
1082 3315 1224 3414 penitus
1244 3315 1423 3407 vacantis3
1443 3337 1518 3388 non
1537 3315 1631 3387 curis
1644 3313 1771 3406 seculi,
1787 3312 1851 3386 sed

261 3457 371 3505 sacrae
390 3456 538 3531 prorsus
556 3434 701 3506 intentae
721 3432 881 3526 lectioni,
912 3459 986 3507 non
1012 3435 1134 3535 sponsi
1158 3437 1347 3534 quaerentis
1372 3434 1537 3507 solatium
1546 3472 1565 3526 ,·
1576 3448 1616 3506 ut
1631 3433 1853 3530 colloquium

263 3569 461 3626 mereretur
481 3553 691 3652 angelicum.
720 3537 910 3647 Attendite,
936 3557 1110 3654 virgines,
1131 3582 1210 3654 quae
1228 3580 1302 3628 non
1322 3557 1457 3647 virum,
1480 3554 1545 3628 sed
1562 3559 1680 3628 Deum
1703 3554 1854 3652 elegistis

262 3696 458 3770 sponsum,
474 3690 625 3746 etsacrae
642 3673 795 3746 formam
808 3674 1039 3772 professionis
1051 3701 1072 3748 a
1084 3675 1193 3747 Maria
1207 3676 1416 3774 sumpsistis.
1437 3679 1661 3774 Desponsata
1673 3672 1857 3745 illabenti-

262 3792 320 3881 ni‚
342 3816 417 3864 non
438 3792 624 3866 hominem
637 3793 673 3864 in
688 3793 852 3892 publico,
874 3793 937 3866 sed
956 3798 1073 3866 Deum
1089 3795 1270 3892 quaerebat
1282 3795 1319 3866 in
1334 3807 1483 3867 temeto.
1505 3799 1585 3869 Non
1603 3793 1726 3868 oculos
1745 3809 1856 3865 retor-

262 3912 396 4009 quebat
407 3912 454 3985 ad
466 3913 656 4002 mundum,
674 3914 736 3987 sed
748 3913 905 4012 erigebat
918 3914 964 3986 ad
980 3913 1122 3986 coelum.
1140 3919 1220 3987 Nou
1233 3915 1379 3987 canticis
1392 3915 1599 4014 nuptiarum
1612 3939 1716 3988 aures
1727 3912 1858 4015 praebe·

262 4033 346 4124 bat,
370 4032 434 4105 sed
456 4059 561 4106 sacre
584 4034 746 4106 lectionis
769 4033 903 4133 pabulo
926 4051 1085 4107 mentem
1104 4033 1296 4106 reficiebat.
1323 4037 1375 4106 Ex
1393 4059 1467 4134 quo
1486 4021 1663 4132 liquidum
1679 4049 1733 4107 est
1747 4057 1856 4128 quam

263 4156 312 4225 sit
335 4179 478 4244 verum,
503 4153 604 4253 quod
628 4155 799 4244 diximus,
827 4179 1013 4253 uunquam
1031 4156 1107 4252 ejus
1125 4155 1286 4227 animum
1306 4155 1352 4226 ad
1370 4155 1512 4251 nuptias
1534 4155 1745 4240 declinasse,
1774 4151 1858 4248 quia

262 4272 403 4344 nullam
416 4288 553 4345 certum
568 4289 621 4346 est
634 4299 757 4346 curam
771 4298 850 4346 eam
866 4277 1073 4373 suscepisse.
1099 4274 1204 4346 Unde
1223 4289 1257 4344 et
1272 4273 1318 4345 ab
1331 4271 1463 4369 angelo
1481 4269 1648 4362 salutata,
1669 4269 1771 4366 cujus
1786 4271 1859 4342 vita

244 4417 342 4466 -nou
370 4393 521 4466 camalis
544 4410 641 4484 erat,
670 4395 732 4466 sed
756 4393 934 4490 angelica,
963 4394 1087 4466 audire
1114 4394 1283 4467 meruit‘:
1310 4421 1327 4462 u
1346 4396 1437 4482 Ave,
1463 4391 1572 4490 gratia
1590 4388 1708 4489 plena.
1728 4417 1746 4460 a
1771 4393 1859 4462 Gra·

258 4516 354 4586 tiam
370 4513 523 4587 dicimus
540 4515 647 4610 gratis
666 4513 807 4604 datam,
823 4514 894 4586 boc
909 4531 961 4587 est
982 4513 1197 4586 beneficium
1217 4513 1381 4586 divinum
1399 4535 1508 4610 supra
1529 4509 1655 4582 merita
1673 4508 1854 4582 collatum.

258 4631 373 4705 Unde
392 4647 429 4704 et
447 4633 655 4732 Apostolus*
674 4661 681 4702 :
706 4663 724 4702 u
741 4635 777 4703 Si
793 4648 911 4705 autem
930 4633 1178 4733 exoperibus,
1197 4634 1273 4730 J'am
1290 4657 1366 4704 non
1385 4657 1429 4704 ex
1447 4631 1570 4730 gratia
1597 4629 1762 4726 Alioquin
1782 4655 1860 4727 gra·

254 4753 320 4824 tia
330 4752 404 4847 jam
422 4776 498 4824 nou
511 4768 603 4824 esset
620 4752 742 4849 gratia.
761 4755 944 4824 »Constat
964 4777 1051 4823 vero
1071 4745 1365 4851 unumquemque
1384 4749 1544 4823 fidelium
1562 4747 1727 4822 nonuibil
1743 4752 1859 4846 gratiae

252 4885 397 4974 prater
419 4872 547 4944 merita
573 4895 638 4943 sua
664 4870 834 4944 collatum
858 4870 1002 4944 habere.
1032 4873 1149 4944 Mariae
1174 4896 1258 4945 vero
1282 4896 1357 4946 nou
1379 4870 1602 4970 participatio
1629 4869 1769 4966 gratiae,
1797 4867 1861 4940 sed

300 5169 310 5195 ⁸
332 5165 406 5230 Luc,
426 5183 482 5235 cup.
503 5185 524 5224 ι.
545 5185 569 5219 v.
593 5170 634 5220 28.
649 5195 681 5208 -
693 5167 703 5194 ¹
715 5149 840 5230 ambros„
863 5173 894 5222 de
922 5169 1048 5235 tentata,
1091 5197 1116 5206 —
1130 5169 1141 5196 ⁴
1153 5169 1220 5222 Edit.
1238 5168 1309 5221 Δηὼ.
1329 5169 1478 5228 lbrbcnerut
1490 5169 1611 5233 effecum
1622 5167 1756 5230 -·tue.,
1767 5181 1822 5235 cap.
1838 5183 1871 5229 r„

247 5255 307 5310 lib.
324 5251 358 5312 ll.
372 5279 396 5289 -
408 5249 488 5304 'itale
498 5253 546 5306 lert
556 5251 632 5310 editio
643 5253 713 5305 Amb.
726 5253 878 5306 :larentinae
892 5265 1048 5326 annumeret.
1090 5253 1328 5315 v.at.-⁸1tom.,
1341 5268 1396 5320 cap·
1411 5269 1451 5316 ιι,
1462 5269 1488 5305 r.
1502 5254 1527 5304 8.

392 5357 440 5403 ι·
1470 5367 1478 5384 ·
1704 5337 1744 5402 46
