4574 6110
965 653 1177 729 CARMINA.
1267 715 1269 720 ,

307 795 366 868 Qui
380 796 402 850 si
415 794 506 870 palma
515 812 572 850 uon
581 793 733 868 pollemus,
748 804 876 851 nostrum

308 886 379 944 Vico
389 885 510 961 quadam
523 885 681 940 assistamus
694 883 836 957 peditum3

308 974 337 1029 Si
350 973 487 1028 victorum
499 991 556 1030 non
569 991 711 1030 meremur
721 971 865 1039 brabium,

310 1063 431 1119 Erasisse
443 1063 509 1119 satis
521 1065 558 1120 sit
568 1063 733 1138 periculum.

380 1193 467 1249 blulta
482 1204 562 1263 sunt,
577 1204 630 1250 etc.

604 1381 749 1438 LXXXII.

290 1551 434 1605 Iustorum
449 1550 612 1604 memoriam
630 1549 744 1623 dignam
758 1548 885 1603 laudibus

290 1638 420 1707 Psalmis,
435 1637 560 1710 hymnis.
577 1639 693 1695 canticis
709 1637 880 1712 spiritalibus

291 1729 380 1783 Mater
389 1745 472 1782 ovans
485 1726 607 1788 celebrat
618 1729 739 1784 Ecclesia
749 1752 757 1796 ς

290 1819 419 1889 Quorum
433 1817 520 1874 fidens
533 1819 655 1892 postulat
663 1817 803 1892 suffragia.

289 1908 403 1964 Summe
411 1917 500 1982 pater,
512 1907 564 1964 tibi
580 1920 672 1984 grates
683 1919 712 1965 et
722 1909 858 1966 solemnes
871 1908 967 1964 hostie

290 1997 330 2053 De
343 1999 449 2054 collatis
461 2010 514 2054 tnae
527 1997 609 2054 donis
621 1999 801 2054 exsolvuntur
816 1998 923 2072 gratiae,

289 2086 343 2142 Per
355 2105 439 2162 quem
452 2097 517 2142 sunt
523 2088 592 2160 justi
607 2089 768 2163 quicunque
780 2096 859 2155 sunt,

289 2176 344 2232 Per
354 2195 439 2252 quem
451 2187 517 2233 sunt
528 2177 602 2234 beati
616 2178 777 2252 quicunque
790 2179 881 2234 sunt¹.

289 2326 398 2381 Horum
409 2325 482 2382 bona
495 2326 568 2381 dona
580 2336 646 2381 sunt
658 2337 712 2381 tue
725 2326 835 2398 gratiss,

288 2415 399 2470 Horum
409 2413 504 2471 landes
517 2415 615 2488 hymni
630 2425 696 2470 sunt
709 2425 760 2470 tuas
774 2413 882 2488 gloriae;

289 2504 395 2560 Laudat
407 2505 546 2580 quisquis,
561 2504 656 2560 laudat
667 2505 720 2560 hos
731 2505 880 2572 veraciter,

289 2589 330 2649 Te
347 2595 377 2648 ln
391 2594 474 2668 ipsis,
491 2595 564 2668 ipsos
577 2594 607 2650 in
620 2604 649 2649 te
660 2595 774 2668 pariter.

288 2683 398 2740 Horum
411 2684 480 2740 lesta
492 2683 651 2741 celebrandi
664 2702 772 2740 summa
783 2702 840 2740 non
853 2693 895 2740 est
908 2683 976 2752 alis,

288 2774 349 2830 Nisi
360 2774 485 2849 quaedam
499 2775 634 2832 recitandi
649 2785 697 2829 tna
714 2773 845 2830 beneficia
969 2777 974 2787 '

289 2865 343 2920 Per
356 2883 441 2940 quem
453 2874 518 2921 sunt
528 2865 597 2938 justi
611 2866 772 2940 quicunque
785 2873 864 2934 sunt,
879 2875 933 2920 etc.

289 3013 323 3066 In
332 3014 436 3068 ,sanctis
447 3013 568 3069 mirabili
583 3014 643 3069 Deo
655 3011 757 3087 gloria,

289 3101 329 3156 ux
342 3119 413 3176 quo,
428 3121 591 3178 perquem,
612 3105 641 3158 in
657 3120 715 3179 quo
727 3113 793 3158 sunt
807 3103 916 3168 omnia,

289 3191 377 3264 Cujus
388 3193 447 3266 agit
457 3192 597 3268 quidquid
609 3191 669 3248 vult
682 3192 822 3266 potentia,

290 3281 462 3358 Optimcque
479 3282 605 3356 disponit
618 3281 785 3356 prudentia,

290 3373 383 3442 Quem
396 3383 426 3428 et
439 3371 506 3428 velle
520 3373 579 3448 geri
588 3373 659 3429 bene
669 3371 835 3448 disponique
847 3369 958 3444 singula

181 3477 184 3484 ’
197 3451 200 3456 ’
288 3461 416 3517 Dubitari
429 3481 484 3518 non
497 3463 638 3538 permittit
646 3463 705 3536 ejus
718 3481 825 3520 summa
838 3462 945 3518 bonita.

594 3652 754 3710 LXXXIII.

360 3803 405 3856 Tu
419 3820 479 3877 quae
491 3821 603 3859 caruem
615 3803 728 3859 edorum

394 3881 616 3952 Abstinentiam,

361 3972 406 4027 Tu
420 3990 480 4048 qna
492 3991 604 4030 carnem
616 3973 730 4029 decoret

394 4063 620 4132 Continentiam,
802 4059 804 4064 ’
888 4130 892 4140 Ι

306 4152 351 4206 Tu
364 4151 433 4209 velle
443 4153 520 4228 quod
531 4153 637 4209 bonum
649 4165 691 4210 est
702 4153 748 4209 his
761 4153 866 4228 ingeris

305 4243 346 4296 Ac
356 4243 447 4315 ipsum
459 4241 592 4316 perficere
604 4251 636 4298 tu
646 4241 757 4298 tribuis.

412 4331 603 4388 Instrumenta

410 4421 483 4478 Sunt
493 4421 524 4477 hi
539 4431 587 4478 tua

358 4513 412 4568 Per
424 4529 494 4585 quos
506 4511 576 4568 mira
590 4513 712 4586 peragis,

409 4601 444 4656 Et
454 4601 578 4657 humana

412 4691 506 4747 Mores
517 4689 603 4746 corda
700 4721 706 4735 ·

361 4781 454 4854 Signis
466 4791 495 4837 et
506 4779 657 4854 prodigiis,

288 4870 342 4926 Per
354 4887 438 4945 quem
453 4880 532 4940 sunt,
546 4880 600 4926 etc.

359 5017 493 5075 Obsessos
506 5017 676 5075 demonibus

393 5107 436 5164 Ab
450 5107 496 5163 his
507 5107 645 5180 liberant,

1121 824 1128 833 -
1172 793 1348 848 Audactum·
1362 790 1544 865 languoribus

1208 885 1324 940 Cunctis
1338 885 1493 956 imperant,

1120 974 1217 1031 Verbo
1228 973 1393 1048 paracliticis
1407 971 1574 1026 subveniunt
1585 993 1592 1036 ;

1120 1065 1213 1139 Lepre
1224 1065 1280 1120 lert
1292 1064 1382 1120 oratio
1393 1062 1548 1120 remedium
1560 1085 1567 1128 ;

1225 1155 1309 1211 Cecis
1321 1155 1409 1210 visum
1422 1195 1430 1221 ,

1225 1243 1339 1302 Claudis
1349 1263 1487 1318 gressum,

1175 1335 1272 1392 Vitam
1285 1332 1408 1390 reddunt
1417 1333 1550 1400 mortuis3

1228 1422 1377 1499 Quidquid
1388 1432 1501 1496 petum,

1226 1515 1280 1571 Per
1292 1524 1320 1570 te
1332 1523 1464 1587 possunt,

1172 1607 1245 1678 Qui,
1258 1623 1319 1681 qua
1328 1604 1427 1679 jubes,
1442 1601 1569 1676 perficis,

1102 1716 1155 1771 Per
1165 1733 1266 1789 quem,
1279 1724 1332 1770 etc.

1103 1865 1136 1918 ln
1149 1866 1265 1932 sanctis,
1280 1874 1333 1920 etc.

1403 2047 1563 2104 LXXXIV.

1102 2219 1223 2274 Praesens
1236 2217 1291 2272 vita
1304 2217 1361 2272 luit
1371 2215 1416 2270 his
1430 2225 1505 2270 sexta
1517 2215 1605 2282 seria,

1011 2337 1013 2340 ·
1102 2309 1166 2380 Qua
1177 2307 1293 2364 Christo
1303 2304 1439 2378 compassi
1453 2314 1518 2360 sunt
1531 2302 1711 2367 abstinentia,

1100 2397 1250 2470 sicutipse
1263 2395 1321 2452 tolli
1334 2413 1447 2452 crucem
1462 2394 1603 2468 precipit,

1101 2489 1137 2544 Et
1149 2507 1178 2544 se
1190 2485 1291 2542 Paulus
1304 2485 1452 2541 crucifixus
1464 2483 1572 2539 asserit.

1100 2579 1168 2634 Post
1180 2577 1253 2633 hauc
1271 2577 1352 2652 quies
1368 2576 1525 2632 animarum
1538 2571 1614 2630 subit
1629 2569 1872 2647 tanquam-sabba-

1100 2679 1330 2816 Stolsiiillandem
1343 2759 1373 2812 in
1385 2767 1479 2812 octava
1491 2753 1591 2810 reddes
1603 2751 1658 2810 ilIis
1671 2769 1830 2826 corporum.

1101 2847 1155 2902 Per
1168 2863 1269 2921 quem,
1284 2856 1339 2903 etc.

1102 2994 1297 3069 Perseqnentis
1311 2990 1420 3068 gladius
1432 2992 1487 3050 illis
1499 2991 1605 3062 deluit,

1102 3085 1157 3143 Sed
1171 3095 1283 3160 paratus
1295 3084 1424 3140 animus³
1438 3085 1527 3140 alluit.

1102 3176 1131 3234 Si
1145 3194 1201 3232 non
1212 3173 1279 3232 tulit
1291 3193 1392 3248 corpus
1404 3176 1477 3230 ictus
1492 3174 1586 3248 gladii,

1100 3266 1226 3322 Palmam
1235 3275 1329 3320 umen
1340 3265 1425 3320 habet
1436 3281 1515 3320 mens
1526 3264 1663 3337 martyrii.

1101 3355 1197 3413 Cesset
1208 3353 1299 3424 lictor,
1313 3364 1420 3411 cessent
1432 3364 1531 3410 cuncta
1543 3363 1748 3411 tormentorum
1760 3371 1870 3426 genera.

1103 3447 1149 3503 Tu
1160 3447 1210 3520 qui
1222 3444 1315 3501 cordis
1326 3463 1356 3502 es
1370 3446 1523 3520 inspector,
1539 3443 1575 3500 ad
1589 3443 1643 3501 hoc
1655 3444 1741 3501 relers
1752 3445 1872 3518 premia.

1101 3537 1157 3593 Per
1168 3554 1268 3612 quem,
1281 3546 1334 3592 etc.

1103 3683 1137 3739 lu
1150 3683 1265 3752 sanctis,
1279 3693 1333 3738 etc.

1415 3893 1561 3951 LXXXV.

1053 4123 1056 4130 ‚
1101 4063 1118 4117 J
1120 4071 1246 4117 ustorum
1257 4061 1378 4134 exequie
1391 4059 1486 4116 laudes
1498 4061 1629 4135 exigunt,

1102 4151 1258 4224 Implornm
1269 4148 1367 4205 lunera
1379 4149 1471 4205 luctus
1485 4151 1635 4222 ingerunt,

1101 4241 1161 4296 llos
1175 4239 1211 4295 ad
1225 4240 1309 4294 vitam
1322 4255 1398 4294 mors
1412 4249 1541 4294 artemam
1553 4241 1661 4308 evehit,

1102 4329 1168 4386 Illos
1182 4329 1285 4403 duplex
1297 4347 1372 4385 mors
1385 4331 1415 4384 in
1426 4336 1516 4386 morte
1529 4331 1659 4385 conterit.

1101 4419 1202 4476 Gravis
1214 4419 1266 4474 ista
1277 4419 1378 4474 sancho
1390 4419 1445 4474 vita
1457 4436 1551 4474 carcer
1563 4420 1606 4476 est
1617 4429 1645 4475 et
1656 4419 1775 4476 vlncula.

1102 4509 1154 4566 His
1165 4509 1294 4565 contritis
1306 4507 1340 4565 ad
1354 4519 1381 4564 te
1393 4509 1467 4583 sugit
1479 4519 1574 4582 crepta
1586 4509 1652 4567 hinc
1665 4511 1766 4568 anima.

1018 4591 1022 4600 ’
1100 4601 1154 4657 Per
1164 4619 1263 4675 quem,
1278 4609 1333 4656 etc.

1098 4750 1144 4805 Ad
1158 4759 1187 4805 te
1199 4765 1287 4823 quum
1300 4748 1458 4820 pervenerit
1470 4744 1536 4802 lelix
1547 4748 1653 4814 anima,

1101 4838 1173 4910 Quis
1186 4855 1299 4893 narrare
1311 4835 1412 4892 sufficit
1420 4837 1481 4910 ejus
1493 4836 1612 4911 gandia?

1101 4929 1171 5001 Qne
1183 4929 1310 5001 majestas
1321 4927 1367 4983 illa
1380 4927 1431 4996 sit,
1444 4945 1529 5002 quam
1543 4929 1695 5001 conspicit,

1100 5020 1168 5091 Qnae
1180 5020 1362 5075 circumstans
1378 5018 1467 5087 curis,
1485 5019 1548 5091 quis
1560 5015 1680 5074 dixerit?

1100 5109 1190 5166 Nemo
1201 5109 1286 5164 miser
1298 5107 1373 5164 illam
1387 5117 1478 5183 potest
1492 5103 1608 5182 gloriam
1621 5111 1779 5182 conspicere

324 5304 331 5330 ¹
345 5305 442 5370 legitur
450 5305 514 5355 inter
525 5305 614 5355 lineas:
628 5305 683 5354 Vel:
692 5307 743 5354 sisse
752 5318 798 5366 quc
808 5305 872 5354 bsuts'
884 5305 945 5354 sulla·
953 5314 1046 5398 sust-0
1053 5301 1128 5370 Ὧς.
1140 5301 1313 5356 astansem-⁸
1324 5295 1369 5353 llic
1381 5301 1472 5368 aliquid
1481 5301 1568 5353 deesse
1576 5303 1671 5354 ridetur
1682 5303 1713 5355 ad
1725 5305 1872 5373 rhythmum.
