4588 6106
914 657 1150 730 EPlSTOLAE.
1756 665 1826 736 tta

243 815 312 862 me.
334 819 351 856 u
372 789 550 863 Officiales
568 817 694 864 omnes
710 807 836 890 praeter
849 797 1040 867 cantricem
1061 796 1106 868 de
1118 796 1173 868 his
1187 800 1436 888 instituentur,
1453 814 1532 897 quae'
1544 800 1668 872 litteris
1682 825 1756 873 non
1775 805 1827 876 in-

242 910 413 1001 tendunt,
431 925 471 983 ut
483 913 512 983 si
525 911 571 983 ad
585 911 656 984 hoc
672 912 758 985 tales
772 915 918 1013 reperiri
929 918 1068 1013 possint
1080 917 1230 1007 idoneae,
1247 920 1370 991 litteris
1383 945 1507 992 vacare
1519 919 1664 992 liberius
1678 939 1822 1018 queant.

289 1032 445 1105 Oratorii
462 1048 673 1105 ornamenta
692 1035 888 1106 necessaria
906 1036 996 1123 sint,
1018 1060 1092 1106 noo
1111 1039 1313 1135 superflua3
1339 1040 1473 1113 munda
1492 1041 1604 1136 magis
1623 1065 1731 1138 quam
1747 1067 1827 1140 pre·

243 1154 343 1226 tiosa.
367 1154 459 1225 Nihil
484 1155 589 1251 igitur
607 1157 643 1226 in
661 1179 705 1227 eo
719 1155 765 1226 de
783 1180 872 1228 auro
886 1157 943 1228 vel
956 1157 1001 1228 de
1020 1175 1166 1255 argento
1180 1161 1419 1257 compositum
1436 1163 1480 1232 sit
1493 1177 1619 1258 praeter
1641 1188 1754 1234 unum
1772 1189 1828 1235 ca·

243 1275 345 1345 licem
359 1290 588 1371 argenteum,
603 1275 659 1347 vel
675 1275 794 1374 plures
812 1279 960 1350 etiamsi
975 1281 1188 1352 necesse-sit.
1208 1281 1310 1351 Nulla
1323 1281 1369 1352 de
1386 1283 1499 1353 serico
1519 1283 1588 1353 sint
1601 1299 1824 1366 ornamenta,

244 1408 369 1492 praeter
382 1394 490 1467 stolas
504 1409 564 1467 aut
582 1396 780 1495 phanones.
799 1396 901 1469 Nulla
920 1399 958 1469 in
979 1423 1022 1471 eo
1041 1400 1111 1470 sint
1126 1401 1321 1496 imaginum
1339 1401 1525 1500 sculptilia.
1542 1384 1635 1474 Crux
1650 1404 1698 1475 ibi
1711 1405 1827 1503 lignea

242 1530 380 1586 tantum
397 1517 552 1613 erigatur
569 1517 615 1587 ad
636 1516 764 1605 altare,
792 1518 826 1589 in
845 1542 917 1614 qua
938 1521 968 1590 si
984 1519 1076 1592 forte
1091 1521 1283 1618 imaginem
1299 1522 1488 1593 Salvatoris
1506 1521 1642 1620 placeat
1659 1525 1823 1624 depingi,

241 1659 315 1706 uon
341 1650 394 1707 est
410 1635 689 1735 prohibendum.
711 1638 829 1709 Nullas
846 1663 932 1710 vero
949 1639 1032 1712 alias
1050 1641 1221 1738 imagines
1238 1640 1360 1720 altaria
1381 1657 1611 1739 cognoscant.
1638 1647 1827 1742 Campanis

241 1753 379 1826 duabus
406 1758 660 1829 monasterium
685 1759 730 1828 sit
753 1773 974 1832 contentum.
996 1764 1064 1831 Vas
1081 1786 1181 1858 aquae
1200 1762 1393 1834 benedictae
1414 1763 1459 1834 ad
1480 1764 1663 1838 introitum
1682 1767 1825 1837 oratorii

242 1891 338 1946 extra
354 1876 572 1969 collocetur,
596 1893 635 1948 ut
651 1902 694 1949 ea
708 1878 973 1950 sanctificentur
992 1903 1096 1952 mane
1119 1883 1345 1978 ingressurae,
1370 1881 1426 1953 vel
1448 1898 1531 1979 post
1551 1883 1825 1982 completorium

241 2019 398 2091 egressae.
422 1996 531 2068 Nullae
549 1996 757 2070 monialium
775 1998 872 2070 horis
895 1998 1011 2072 desint
1028 2001 1232 2089 canonicis;
1250 2001 1313 2072 sed
1331 2003 1448 2074 statim
1471 2016 1509 2072 ut
1526 2002 1704 2100 pulsatum
1724 2003 1827 2076 fuerit

241 2119 401 2214 signum,
429 2118 598 2190 omnibus
621 2120 697 2191 aliis
722 2120 927 2218 postpositis
953 2121 999 2191 ad
1024 2121 1186 2192 divinum
1212 2138 1424 2220 properetur
1449 2121 1629 2211 officium,
1664 2123 1827 2196 modesto

242 2252 360 2309 tamen
387 2238 538 2310 incessu.
565 2243 789 2311 lntroeuntes
817 2255 935 2312 autem
963 2256 1110 2312 secreto·
1126 2242 1344 2330 oratorium,
1371 2242 1493 2312 dicant
1508 2267 1587 2338 quae
1604 2250 1822 2340 poterunt¹:

244 2387 260 2424 u
275 2358 435 2429 lntroibo
452 2359 489 2430 in
506 2359 656 2431 domum
679 2375 801 2448 tuam,
821 2360 981 2433 adorabo
1000 2361 1046 2432 ad
1064 2363 1238 2459 templum
1255 2377 1418 2432 sanctum
1436 2377 1560 2452 tuum,
1579 2378 1646 2434 etc.
1666 2391 1683 2430 u
1704 2364 1827 2436 Nullus

241 2478 276 2549 in
295 2478 408 2550 choro
432 2477 523 2550 liber
539 2495 720 2570 teneatur,
742 2482 809 2557 nisi
837 2479 956 2552 officio
976 2483 1141 2580 praesenti
1163 2483 1393 2554 necessarius.
1422 2481 1548 2552 Psalmi
1576 2499 1696 2580 aperte
1719 2499 1753 2554 et
1774 2485 1826 2555 di·

241 2600 366 2670 stincte
381 2599 429 2672 ad
445 2599 714 2697 intelligendum
731 2601 917 2691 dicantur,
936 2616 1059 2672 ettam
1075 2601 1260 2672 moderata
1277 2603 1321 2672 sit
1340 2601 1536 2701 psalmodia
1551 2601 1606 2673 vel
1623 2619 1768 2692 cantus,
1791 2621 1828 2676 ut

241 2743 318 2816 quae
333 2743 462 2792 vocem
479 2719 613 2791 habeut
635 2720 818 2792 infirmam
832 2723 1007 2793 sustinere
1032 2720 1183 2793 valeant.
1202 2720 1293 2792 Nihil
1310 2723 1346 2792 in
1364 2721 1510 2794 ecclesia
1522 2721 1659 2818 legatur
1675 2739 1736 2794 aut
1749 2749 1828 2794 cau·

241 2853 354 2926 tetur,
374 2839 441 2910 nisi
452 2837 498 2910 de
514 2839 718 2910 authentica
735 2854 917 2935 sumptum
936 2841 1131 2939 scriptura,
1151 2841 1306 2911 maxime
1325 2857 1444 2912 autem
1461 2839 1507 2912 de
1517 2845 1619 2913 Novo
1637 2841 1694 2913 vel
1709 2846 1826 2915 Veteri

240 2965 487 3050 Testamento,
511 2985 591 3058 quae
608 2976 757 3058 utraque
779 2963 830 3032 sic
847 2987 912 3061 per
929 2962 1097 3034 lectiones
1114 2961 1390 3050 distribuantur,
1411 2977 1451 3032 ut
1467 2987 1510 3034 ex
1526 2964 1665 3059 integro
1682 2989 1746 3061 per
1765 2989 1827 3036 an-

242 3104 329 3150 num
346 3082 383 3152 in
401 3080 546 3152 ecclesia
564 3080 737 3178 legantur.
766 3083 1012 3179 Expositioues
1039 3107 1124 3154 vero
1149 3084 1308 3181 ipsorum
1332 3082 1388 3152 vel
1413 3107 1596 3155 sermones
1612 3084 1822 3177 doctorum,

241 3223 303 3271 seu
321 3199 485 3296 quaelibet
508 3201 689 3298 scripturae
704 3200 837 3297 aliquid
853 3200 1095 3273 aedilicationis
1110 3201 1282 3274 habentes
1300 3201 1345 3272 ad
1365 3226 1525 3273 mensam
1544 3202 1600 3272 vel
1616 3204 1653 3273 in
1670 3206 1825 3304 capitulo

241 3318 431 3392 recitentur
447 3347 455 3389 ε
474 3335 511 3391 et
525 3319 731 3415 ubicunque
748 3344 839 3417 opus
855 3321 900 3391 sit
916 3321 1079 3392 omnium
1095 3321 1201 3392 lectio
1219 3320 1447 3392 concedatur.
1464 3320 1567 3393 Nulla
1579 3337 1697 3394 autem
1711 3325 1826 3422 legere

241 3439 295 3511 vel
308 3455 452 3511 cantare
464 3455 654 3538 prasumat
666 3443 697 3529 ',
718 3439 786 3510 nisi
802 3440 902 3537 quod
915 3441 1013 3539 prius
1026 3441 1238 3539 praeviderit.
1255 3443 1290 3511 Si
1307 3465 1379 3536 qua
1395 3441 1486 3513 forte
1501 3441 1546 3512 de
1565 3443 1607 3514 iis
1629 3443 1763 3540 aliquid
1788 3448 1825 3517 in

241 3559 397 3630 oratorio
423 3560 549 3631 vitiose
569 3559 777 3657 protulerit,
803 3558 937 3631 ibidem
964 3549 1200 3657 supplicando
1217 3584 1339 3631 coram
1357 3560 1525 3631 omnibus
1543 3562 1748 3651 satisfaciat,
1771 3591 1826 3638 se·

241 3694 337 3751 creto
357 3680 502 3752 dicens:
526 3709 544 3748 u
560 3685 727 3778 Ignosce,
748 3682 925 3770 Domine,
944 3681 1051 3752 etiam
1068 3680 1135 3752 hac
1151 3681 1228 3753 vice
1247 3681 1466 3779 negligentiae
1478 3707 1578 3754 meae.
1598 3711 1616 3751 u
1636 3684 1751 3758 Media
1766 3710 1827 3758 au-

242 3815 313 3871 tem
330 3815 455 3890 nocte,
475 3800 672 3872 secundum
689 3801 949 3871 institutionem
965 3800 1229 3899 propheticam,
1249 3801 1295 3872 ad
1313 3802 1447 3897 vigilias
1469 3817 1663 3875 nocturnas
1683 3831 1827 3903 surgen-

241 3919 326 3993 dum
344 3938 418 4010 est,
452 3921 720 4021 propterquod
747 3921 838 3993 adeo
861 3922 1068 4019 tempestive
1097 3920 1302 3992 cubandum
1328 3936 1400 4008 est,
1430 3937 1470 3994 ut
1491 3922 1556 3994 has
1578 3925 1711 4021 vigilias
1736 3927 1827 4000 ferre

242 4057 366 4114 natura
382 4042 496 4114 valeat
514 4041 677 4131 infirma,
700 4056 736 4112 et
751 4041 873 4111 omnia
891 4065 971 4137 quae
984 4039 1030 4113 ad
1047 4038 1144 4110 diem
1157 4041 1337 4138 pertinent
1359 4065 1442 4112 cum
1465 4041 1544 4114 luce
1567 4043 1643 4115 fren'
1664 4048 1824 4144 possint,

242 4163 331 4233 sicut
345 4177 380 4234 et
392 4160 518 4233 beatus
532 4161 744 4232 Benedictus
763 4161 925 4232 instituit.
943 4164 1027 4231 Post
1040 4160 1176 4257 vigilias
1190 4175 1309 4232 autem
1323 4160 1369 4232 ad
1382 4161 1633 4234 dormitorium
1646 4166 1824 4257 redeatur,

241 4297 432 4379 antequam
450 4282 540 4354 hora
558 4282 813 4352 matutinarum
826 4279 973 4352 laudum
992 4280 1164 4379 pulsetur.
1187 4280 1272 4352 Etsi
1289 4280 1376 4377 quid
1394 4283 1509 4352 noctis
1523 4282 1641 4356 adhuc
1653 4302 1825 4384 superest,
1897 4353 1903 4366 ,

242 4404 390 4476 infirmae
407 4427 556 4474 somnus
573 4427 648 4474 non
666 4417 815 4499 negetur
827 4417 974 4473 naturae.
997 4402 1149 4472 Maxime
1167 4425 1323 4498 namque
1345 4425 1493 4473 somnus
1517 4402 1678 4474 lassatam
1696 4423 1829 4478 recreat
1875 4403 1880 4414 “

242 4539 426 4612 naturam,
447 4539 483 4594 et
499 4523 693 4622 patientem
710 4522 829 4620 operis
847 4520 986 4610 reddit,
1005 4535 1042 4592 et
1059 4518 1213 4592 sobriam
1233 4534 1443 4607 conservat,
1464 4536 1500 4592 et
1516 4521 1680 4593 alacrem.
1698 4525 1734 4594 Si
1751 4551 1828 4622 quae

242 4658 361 4715 umen
375 4642 546 4714 Psalterii
562 4640 616 4714 vel
633 4641 833 4738 aliquarum
848 4641 1041 4713 lectionum
1060 4640 1291 4713 meditatione
1302 4640 1478 4738 indigent,
1495 4657 1535 4713 ut
1548 4641 1672 4714 beatus
1684 4670 1829 4743 quoque

243 4764 405 4836 meminit
429 4763 663 4852 Benedictus,
685 4785 810 4833 vacare
834 4763 883 4834 ita
912 4761 1065 4849 debent,
1097 4777 1137 4833 ut
1160 4762 1383 4858 quiescentes
1405 4786 1481 4833 non
1507 4764 1715 4860 inquietent.
1744 4766 1829 4839 ldeo

241 4909 398 4982 namque
424 4883 648 4956 meditationi
664 4882 735 4954 hoc
758 4881 841 4953 loco
854 4883 974 4980 potius
998 4905 1107 4979 quam
1129 4880 1273 4954 lectioni
1296 4882 1408 4968 dixit,
1429 4907 1475 4956 ne
1497 4883 1602 4955 lectio
1627 4885 1829 4982 aliquorum

242 5007 396 5103 quietern
423 5005 612 5106 impediret
627 5005 791 5076 aliorum.
814 5006 884 5092 Qui
904 5005 1010 5076 etiam
1029 5029 1140 5102 quum
1166 5005 1231 5094 ait,
1256 5029 1310 5076 «a
1334 5003 1498 5076 iratribus
1523 5009 1583 5102 qui
1610 5007 1789 5105 indigent,
1810 5039 1827 5073 u

279 5282 284 5308 ¹
307 5285 394 5333 l‘salm.
410 5301 432 5338 v.
447 5299 467 5332 r.
484 5285 508 5331 8.
568 5281 683 5330 'Audeat
698 5281 767 5330 ttttS.
