4520 6104
873 650 1109 722 EPlSTOLAE.
1711 651 1782 724 233

199 789 349 886 peritam
382 791 490 861 trium
513 788 713 887 linguarum
735 789 894 880 habetis,
926 789 972 862 ad
997 792 1091 863 hanc
1117 790 1223 862 studii
1254 791 1509 892 perfectionem
1539 791 1718 883 feramini,
1746 809 1786 867 ut

199 933 420 1008 quaecuuque
438 910 484 982 de
504 910 651 984 diversis
671 910 957 984 translationibus
973 913 1100 984 oborta
1118 911 1293 984 dubitatio
1312 912 1435 1004 fuerit,
1458 936 1523 1010 per
1544 936 1607 983 vos
1620 913 1785 1011 probatio

199 1029 382 1102 terminari
399 1032 522 1131 possit.
546 1032 652 1119 Quod
671 1033 799 1130 etipse
819 1031 1008 1104 dominicae
1035 1035 1150 1105 crucis
1167 1032 1288 1105 titulus
1309 1031 1494 1123 hebraice,
1524 1057 1659 1129 graece,
1680 1049 1716 1106 et
1737 1035 1785 1106 la·

200 1151 274 1222 tine
292 1152 443 1248 scriptus
461 1175 536 1222 uon
555 1153 751 1248 incongrue
767 1151 1008 1251 praefigurasse
1025 1151 1184 1243 videtur,
1207 1167 1244 1224 ut
1261 1153 1297 1223 in
1309 1153 1385 1248 ejus
1398 1152 1553 1224 Ecclesia
1571 1152 1704 1250 ubique
1718 1169 1785 1227 ter·

200 1295 321 1342 rarum
332 1269 498 1362 dilatata,
513 1270 643 1344 barum
652 1271 871 1369 linguarum,
889 1299 967 1371 quae
980 1274 1212 1372 praeminent,
1227 1271 1426 1345 abundaret
1434 1271 1617 1364 doctrina;
1632 1297 1784 1371 quarum

200 1389 323 1462 litteris
351 1393 534 1488 utriusque
550 1393 764 1464 Testamenti
780 1393 1040 1492 comprehensa
1066 1408 1118 1465 est
1136 1395 1320 1492 scriptura.
1350 1397 1429 1466 Non
1453 1393 1558 1491 longa
1581 1396 1784 1495 peregrina-

200 1511 319 1603 tione,
351 1536 425 1583 non
445 1514 608 1611 expensis
624 1513 808 1613 plurimis,
829 1539 895 1613 pro
914 1513 969 1587 his
986 1514 1115 1613 linguis
1137 1514 1381 1606 addiscendis,
1402 1540 1495 1612 opus
1522 1515 1622 1587 vobis
1646 1531 1719 1608 est,
1747 1532 1786 1590 ut

199 1629 305 1702 beato
327 1629 455 1704 accidit
471 1633 712 1728 Hieronym0;
737 1657 850 1730 quum
869 1649 1040 1725 matrem,
1067 1649 1105 1706 ut
1122 1633 1258 1706 dictum
1277 1650 1347 1726 est,
1375 1633 1534 1707 habeatis
1552 1632 1598 1706 ad
1616 1634 1687 1707 boc
1705 1651 1784 1707 stu-

200 1748 302 1821 dium
320 1750 565 1825 sufficientem.
589 1756 671 1824 Post
689 1754 842 1852 virgines
855 1780 1001 1852 quoque
1015 1779 1057 1827 ac
1069 1755 1214 1847 viduas,
1232 1754 1354 1828 fideles
1371 1755 1566 1852 conjugatae
1579 1756 1786 1830 incitamen·

201 1883 278 1942 tum
292 1870 473 1969 praebeant
487 1871 588 1944 vobis
599 1871 792 1965 doctrine,
809 1889 849 1947 ut
861 1876 917 1948 vel
930 1875 1180 1973 negligentiam
1193 1890 1345 1948 vestram
1358 1889 1525 1972 arguant,
1545 1875 1603 1950 vel
1618 1875 1786 1950 ardorem

201 2006 366 2086 augeant.
387 1995 529 2064 Praestat
547 1993 750 2092 exemplum
768 1997 876 2067 etiam
896 1995 997 2068 vobis
1016 1995 1194 2067 Celantia¹
1212 1993 1444 2086 venerabilis,
1466 1996 1599 2093 quaein
1618 1997 1785 2094 conjugio

201 2134 346 2207 quoque
368 2111 573 2208 regulariter
591 2115 708 2186 vivere
726 2116 894 2213 cupiens,
916 2115 1032 2214 legem
1052 2113 1119 2186 sibi
1145 2115 1300 2213 conjugii
1319 2114 1498 2214 praescribi
1518 2114 1564 2187 ab
1582 2116 1660 2215 ipso
1678 2117 1785 2190 etiam

200 2231 420 2327 Hieronymo
439 2232 586 2305 sollicite
603 2235 714 2333 petiit.
737 2234 840 2307 Unde
866 2251 902 2306 et
924 2236 1001 2333 ipse
1022 2235 1069 2306 ad
1087 2233 1249 2307 eamdem
1272 2260 1379 2333 super
1405 2234 1476 2307 boc
1493 2235 1711 2327 rescribens,
1736 2239 1784 2310 ita

201 2352 412 2424 meminit²:
433 2381 450 2420 a
470 2357 687 2426 Provocatus
699 2353 745 2426 ad
756 2353 984 2428 scribendum
997 2354 1121 2427 litteris
1132 2355 1220 2442 tuis,
1240 2352 1321 2444 diu,
1338 2353 1470 2446 fateor,
1492 2355 1538 2427 de
1552 2358 1784 2455 responsione

203 2468 383 2562 dubitavi,
412 2472 592 2545 silentium
612 2474 699 2546 mihi
723 2475 921 2574 imperante
944 2474 1172 2547 verecundia.
1204 2474 1297 2546 Petis
1321 2499 1477 2572 namque
1489 2528 1498 2566 ,
1520 2489 1556 2547 et
1577 2474 1724 2548 sollicite
1742 2501 1784 2548 ac

202 2588 377 2662 violenter
399 2593 509 2690 petis,
541 2607 580 2664 ut
607 2593 671 2665 tibi
694 2609 827 2667 certam
848 2597 891 2667 e'x
911 2596 1091 2695 seripturis
1118 2595 1247 2666 sanctis
1271 2593 1510 2694 praefiniamus
1533 2594 1713 2692 regulam,
1738 2595 1785 2668 ad

200 2733 310 2807 quarn
327 2726 365 2783 tu
383 2710 528 2784 ordines
543 2737 687 2784 cursum
705 2715 785 2784 vitae
803 2729 892 2785 tuae:
915 2731 954 2785 ut
971 2717 1112 2812 cognita
1129 2715 1275 2784 Domini
1292 2713 1492 2804 voluntate,
1512 2716 1604 2786 inter
1627 2716 1785 2789 bonores

200 2830 339 2923 saeculi,
370 2847 406 2905 et
423 2831 627 2904 divitiarum
648 2833 851 2924 illecebras,
880 2857 1022 2905 morum
1042 2835 1153 2931 magis
1179 2833 1302 2931 diligas
1320 2833 1595 2932 supellectilem,
1620 2849 1727 2934 atque
1746 2853 1785 2909 ut

200 2953 316 3050 possis
335 2953 372 3023 in
392 2953 560 3050 conjugio
583 2955 795 3046 constituta,
825 2979 899 3025 non
925 2954 1041 3026 solum
1069 2953 1212 3050 conjugi
1241 2951 1403 3050 placere,
1435 2952 1499 3026 sed
1517 2955 1623 3027 etiam
1645 2956 1699 3045 ei,
1722 2957 1784 3053 qui

204 3072 321 3169 ipsum
337 3070 484 3144 indulsit
505 3073 723 3171 conjuginm.
745 3074 811 3145 Cui
829 3089 902 3145 tam
919 3088 1048 3146 sanctae
1065 3073 1249 3173 petitioni,
1272 3087 1416 3171 tamque
1435 3073 1496 3171 pio
1510 3072 1687 3146 desiderio
1709 3098 1783 3146 nou

204 3192 424 3284 satisfacere,
445 3192 533 3291 quid
551 3193 646 3266 aliud
665 3209 736 3285 est,
760 3219 869 3292 quam
882 3193 1081 3294 profectum
1101 3192 1244 3266 alterius
1263 3218 1338 3265 uon
1361 3193 1507 3266 amare?
1531 3192 1666 3266 Parebo
1679 3195 1785 3292 igitur

201 3311 366 3410 precibus
387 3314 479 3404 tuis,
503 3329 610 3411 teque
631 3330 791 3412 paratam
812 3314 860 3386 ad
876 3313 1096 3414 implendam
1115 3314 1182 3384 Dei
1201 3311 1438 3405 voluntatem,
1464 3314 1573 3412 ipsius
1589 3315 1786 3386 uitariuci-

204 3444 278 3504 tare
295 3433 490 3504 sententiis.
511 3461 528 3502 u
553 3433 720 3505 Audierat
738 3434 894 3505 fortassis
911 3433 987 3504 brec
1017 3448 1180 3504 matrona
1206 3433 1307 3530 quod
1333 3435 1370 3504 in
1397 3432 1541 3506 laudem
1567 3449 1696 3506 sanctae
1721 3435 1785 3506 Su·

202 3575 322 3624 sannae
348 3555 527 3652 Scriptura
556 3570 827 3627 commemorat.
860 3559 977 3642 Quam
1001 3579 1114 3653 quum
1137 3555 1361 3653 praemisisset
1384 3553 1570 3654 pulchram
1596 3556 1726 3646 nimis,
1751 3571 1787 3628 et

203 3669 387 3744 timentem
407 3677 547 3766 Deum,
571 3674 668 3746 unde
683 3673 743 3748 hic
759 3677 867 3747 timor
886 3690 922 3747 et
938 3700 1043 3747 verus
1064 3675 1189 3746 animae
1206 3675 1316 3748 decor
1333 3675 1565 3775 procederet,
1585 3677 1701 3748 statim
1720 3699 1784 3747 an·

202 3795 324 3865 nexuit
350 3793 494 3867 dicens⁸
520 3823 527 3866 :
553 3801 753 3869 «Parentes
774 3799 870 3869 enirn
892 3795 1005 3887 illius,
1031 3821 1143 3896 quum
1165 3811 1282 3869 essent
1303 3797 1410 3893 justi,
1440 3796 1649 3870 erudierunt
1676 3795 1786 3869 filiam

204 3935 305 3984 suam
323 3913 524 3987 seeundum
543 3915 658 4012 legem
677 3919 801 4014 Moysi.
829 3946 846 3983 a
868 3915 976 4012 Cujus
994 3915 1202 3987 eruditionis
1220 3917 1313 3987 inter
1330 3915 1509 3988 molestias
1527 3917 1732 4016 nuptiarum
1751 3931 1787 3989 et

204 4033 423 4107 saecularium
439 4036 725 4136 perturbationes
744 4038 1021 4135 occupationum
1040 4039 1202 4107 Susanna
1220 4060 1295 4107 uon
1313 4035 1523 4126 immemor,
1545 4051 1580 4108 et
1598 4036 1704 4108 morti
1722 4035 1786 4109 ad·

200 4152 377 4248 judicata,
408 4158 504 4256 ipsos
522 4181 606 4230 suos
620 4157 758 4255 judices
783 4171 889 4254 atque
906 4156 1132 4257 presbyteros
1149 4154 1320 4228 damnare
1337 4158 1546 4256 promeruit.
1572 4160 1688 4244 Quem
1706 4157 1785 4253 qui·

203 4273 287 4346 dem
304 4277 342 4347 in
361 4277 508 4352 Daniele
526 4278 645 4352 locum
663 4280 739 4379 ipse
756 4279 995 4376 Hieronymus
1008 4303 1191 4378 exponens
1203 4333 1212 4368 ,
1233 4276 1321 4350 illud
1332 4278 1432 4376 quod
1444 4278 1579 4350 dictum
1593 4293 1646 4350 est
1661 4305 1669 4348 ε
1689 4297 1707 4346 a
1723 4282 1787 4348 Pa-

205 4412 322 4470 rentes
340 4397 453 4490 illius,
471 4424 584 4498 quum
602 4416 718 4472 essent
728 4401 833 4497 justi,
853 4400 1060 4472 erudierunt
1076 4398 1186 4471 filiam
1204 4423 1321 4490 suam,
1338 4412 1426 4490 ete,
1438 4427 1456 4467 a
1475 4399 1513 4470 in
1532 4397 1786 4470 exhortationis

205 4534 447 4617 competenter
478 4546 662 4594 assumens
688 4522 933 4611 occasionem,
965 4521 1070 4592 31ῑῆ
1107 4524 1216 4592 «Hoc
1234 4518 1408 4592 utendum
1437 4534 1491 4591 est
1514 4518 1717 4590 testimonio
1740 4515 1785 4588 ad
1847 4537 1848 4542 ’

209 4638 491 4713 exhortationem
514 4655 721 4739 parentum,
750 4655 788 4711 ut
806 4639 960 4712 doceant
984 4639 1084 4735 juxta
1110 4637 1224 4738 legem
1244 4639 1310 4711 Dei
1331 4662 1606 4735 sermonemque
1624 4635 1786 4708 divinum

208 4783 281 4831 non
301 4759 417 4832 solum
436 4759 549 4853 filios,
571 4761 635 4834 sed
654 4777 690 4835 et
707 4760 796 4834 filias
813 4785 906 4833 suas.
927 4789 944 4827 n
968 4764 1012 4832 Et
1030 4761 1113 4858 quia
1132 4759 1194 4833 diu
1215 4785 1274 4833 me
1292 4775 1364 4833 tam
1382 4759 1580 4832 litterarum
1598 4783 1707 4856 quam
1720 4757 1788 4830 vir·

208 4891 322 4950 tutum
351 4881 523 4980 impedire
549 4881 666 4954 studia
684 4881 880 4980 plurimum
902 4878 1033 4971 solent,
1061 4903 1206 4952 omnem
1233 4879 1334 4952 vobis
1359 4879 1577 4978 negligentia
1604 4893 1787 4980 torporem

240 5189 374 5242 'Gelonae
394 5191 456 5242 God.
477 5191 539 5243 fiet.
552 5188 604 5232 -··'
621 5190 699 5259 Epist.
717 5205 790 5252 cxix,
815 5191 875 5254 opp.
899 5200 917 5240 t.
939 5188 982 5252 tv,
1005 5189 1053 5242 col.
1077 5191 1134 5242 sto.
1151 5215 1182 5228 —·
1195 5189 1205 5218 ⁸
1220 5189 1293 5255 llam,
1313 5205 1369 5256 cap.
1389 5205 1447 5254 xrn,
1465 5207 1488 5242 r.
1504 5193 1529 5242 3.
1548 5219 1578 5232 -
1596 5190 1608 5220 ⁴
1624 5193 1686 5257 opp.
1701 5201 1721 5243 t.
1734 5189 1787 5254 lll,

207 5277 257 5328 eol.
273 5281 345 5330 1131.

326 5383 338 5428 t
1629 5371 1670 5431 30
