4486 6100
877 650 883 678 t
908 614 1134 690 ,ctltmrtn

309 741 392 810 Quas,
406 739 443 796 fili
459 743 512 811 mi,
526 747 656 819 presagia

309 830 436 886 Fuerunt
447 830 493 887 illa
505 835 628 891 somnia!

305 950 385 1022 Quid
397 954 455 1022 sol,
470 954 540 1030 quid
552 957 633 1024 luna,
648 958 686 1014 lili
700 962 738 1016 mi
750 1003 757 1027 ,

307 1041 385 1112 Quid
399 1043 496 1114 stelle,
511 1045 580 1120 quid
595 1049 749 1123 manipuli,

307 1133 376 1201 Quae
389 1152 499 1190 mecum
512 1135 562 1192 diu
574 1139 693 1208 contuli,

306 1223 451 1281 Gerebant
462 1227 491 1282 iu
504 1245 532 1283 se
545 1231 677 1302 mystici?

288 1346 429 1403 Posterior
441 1361 508 1404 natu
522 1351 669 1420 frutribus,

179 1465 184 1486 ι
289 1439 470 1498 Sed¹am0re
485 1445 719 1516 pri'oromuihus,
785 1470 792 1481 ·
907 1443 911 1452 '

288 1531 381 1600 Quem
392 1533 514 1589 moriens
527 1547 616 1592 mater
628 1536 800 1606 Bennouim,

289 1620 372 1675 Pater
386 1621 508 1694 gaudens
521 1624 592 1682 dixit
603 1627 758 1699 Benjamin.

290 1727 435 1786 Blanditiis
446 1735 503 1787 tuis
518 1735 649 1790 miserum

289 1817 440 1876 Revelabas
452 1826 524 1896 patri
538 1827 684 1898 sennium,

287 1909 391 1966 Fratris
404 1913 473 1967 mihi
488 1914 607 1971 reddens
621 1922 741 1992 speciem

289 1999 322 2053 Et
333 1998 439 2056 decora
450 2007 548 2060 matris
558 2006 668 2066 faciem.

326 2110 450 2168 Pueriles
463 2117 555 2170 namiae

322 2199 412 2273 Super
424 2214 521 2258 cantus
533 2223 629 2262 omues

322 2289 422 2347 Orbsti
435 2293 552 2351 miseria

321 2381 401 2436 Senis
412 2395 493 2440 erant
504 2385 608 2442 dulces.

321 2488 458 2548 informes
471 2495 499 2548 in
515 2495 584 2550 facie

323 2581 426 2638 Teucri
437 2601 593 2654 sermones,

322 2668 445 2726 Omnem
457 2673 622 2749 eloquentie

321 2759 424 2816 Favum
436 2766 672 2824 transcendentes.

320 2871 447 2926 Duorum
459 2875 555 2931 solatia

320 2960 499 3018 Perditorum
512 2968 631 3022 maxima
658 2947 661 2954 Ι

320 3050 445 3108 Gerebas
456 3055 485 3108 in
498 3065 536 3122 te,
553 3056 605 3111 lili!

321 3160 383 3215 Pari
397 3161 608 3235 pulchritudine

320 3247 529 3324 Repraesentaus
543 3266 692 3332 utrosque,

319 3339 465 3400 Reddebas
479 3347 575 3402 sicine
588 3349 668 3403 mihi.

319 3450 394 3505 ilinc
406 3463 499 3510 tecum
510 3457 563 3512 hos
575 3457 700 3530 perdidi,

321 3540 356 3596 Et
368 3541 430 3615 plus
438 3544 516 3616 justo
528 3551 607 3603 tenui

320 3631 399 3687 lianc
411 3635 541 3704 animam,
557 3636 596 3693 lili
608 3639 659 3693 mi.

320 3739 412 3798 lEtate
424 3753 456 3798 tu
467 3747 614 3818 parvulus,

321 3849 353 3902 lu
368 3846 464 3903 dolore
477 3849 629 3915 maximus,

320 3938 398 3994 Sicut
411 3939 494 3994 matri
505 3939 544 3994 sic
554 3939 638 4014 patri.

320 4049 407 4118 Deus,
421 4051 467 4106 cui
480 4051 587 4122 servio,

320 4139 364 4193 Tu
378 4157 429 4195 nos
440 4139 521 4196 nobis
531 4140 615 4196 facito

322 4228 444 4322 Apud'te
456 4229 600 4304 conjungi.

599 4401 651 4455 Ill.

256 4524 385 4562 cursurus
405 4525 535 4566 vmcmurr
554 4525 670 4564 isaurus
688 4529 763 4566 sorar
782 4529 852 4568 rrum
874 4532 974 4570 susurre

461 4588 471 4616 ²
541 4617 689 4655 essurire.

285 4824 329 4879 Ad
340 4824 422 4880 festas
434 4826 548 4880 choreas
561 4826 672 4882 coelibes

284 4913 323 4968 Ex
334 4933 413 4970 more
425 4916 517 4972 venite
528 4916 663 4990 virgines!

265 5071 375 5123 'Grsith
387 5069 633 5123 tutu-'Greiths

656 5151 756 5203 occepisti
763 5180 769 5196 .
777 5151 821 5192 fitis
829 5163 880 5194 mea.

683 5225 729 5264 Dux
740 5223 781 5270 ait,
793 5224 859 5268 unies,

1103 759 1142 812 Ex
1155 776 1233 812 more
1244 761 1299 815 siut
1310 761 1368 816 odas
1381 761 1504 832 flebiles,

1102 848 1137 901 Et
1149 846 1275 920 planctus
1287 860 1318 905 nt
1330 861 1427 906 cautus
1440 851 1573 909 celebres.

1102 935 1215 992 incultae
1228 939 1285 994 sint
1299 950 1401 996 moestae
1414 941 1497 996 facies

1102 1026 1287 1102 Plangcutum
1299 1041 1328 1085 et
1338 1030 1455 1086 lleutum
1470 1033 1588 1104 similes,

1102 1119 1213 1173 Auratae
1224 1118 1280 1175 sint
1290 1119 1373 1195 longe
1385 1120 1522 1188 ciclades,

1104 1207 1138 1261 Et
1152 1205 1244 1264 cultus
1257 1209 1313 1265 siut
1325 1208 1422 1283 procul
1437 1210 1546 1269 divites.

1066 1294 1223 1351 Galadithae
1235 1297 1314 1372 virgo
1326 1299 1435 1374 Jephtae
1452 1299 1506 1356 filia

1069 1385 1224 1441 Miseranda
1236 1389 1323 1460 patris
1337 1390 1408 1444 facta
1422 1391 1548 1459 victima,

1101 1479 1216 1532 Annuos
1230 1479 1370 1552 virginum
1381 1479 1491 1555 elegos,

1101 1567 1135 1621 lit
1149 1568 1187 1640 pii
1201 1569 1331 1624 carminis
1343 1569 1472 1626 modulos

1102 1657 1210 1712 Virtuti
1225 1657 1341 1730 virginis
1353 1657 1463 1714 debitos

1016 1771 1020 1779 ·
1100 1748 1154 1802 Per
1166 1766 1253 1802 anuos
1264 1748 1352 1823 exigit
1365 1749 1501 1824 singulos.

1048 1859 1075 1914 Ο
1089 1859 1255 1933 stupendam
1270 1861 1425 1936 plusquam
1441 1861 1562 1917 flendam
1575 1864 1726 1936 virginem!

1046 1947 1075 2003 O
1089 1967 1172 2022 quam
1185 1967 1280 2004 rarum
1292 1950 1332 2005 illi
1344 1951 1436 2005 virum
1452 1950 1589 2006 similem!

1101 2038 1143 2092 Ne
1156 2049 1252 2096 votum
1265 2040 1301 2095 sit
1312 2041 1399 2112 patris
1410 2040 1541 2108 irritum,

1102 2128 1296 2203 Promissaque
1308 2127 1419 2183 fraudet
1433 2129 1600 2198 Dominum,

1101 2218 1155 2274 Per
1169 2217 1247 2274 huuc
1259 2217 1355 2273 solavit
1367 2218 1518 2292 populum,

1101 2307 1135 2362 ln
1143 2325 1230 2362 suum
1243 2307 1320 2363 hunc
1332 2318 1415 2382 urget
1423 2309 1568 2383 jugulum.

1138 2397 1238 2452 Victor
1250 2396 1298 2452 hic
1310 2397 1345 2452 dc
1358 2396 1453 2471 prelio

1137 2487 1211 2540 Dum
1225 2487 1299 2542 redit
1312 2505 1376 2542 eum
1390 2488 1512 2561 populo,

1135 2576 1218 2630 Prior
1231 2575 1289 2630 huc
1301 2593 1356 2648 pre
1369 2575 1473 2649 gaudio

1135 2665 1266 2721 Accurrit
1277 2683 1341 2719 cum
1355 2675 1496 2739 tympano.

1045 2755 1138 2824 Quam
1151 2753 1248 2810 ridens
1260 2765 1290 2810 et
1304 2772 1417 2828 gemens
1431 2763 1510 2826 pater
1523 2756 1620 2810 aurius

1046 2843 1100 2899 Dat
1112 2843 1239 2917 plausum
1254 2845 1284 2898 in
1296 2843 1439 2917 planctum
1452 2845 1507 2899 voti
1520 2845 1658 2899 conscius.

1045 2933 1236 3008 Triumphum
1250 2933 1279 2988 in
1294 2932 1403 2988 luctum
1416 2935 1499 2993 vertit
1514 2932 1641 3008 populus.

1134 3067 1147 3094 u
1159 3045 1312 3119 Decepisti,
1327 3043 1400 3115 filla,

1132 3135 1179 3188 lle
1191 3133 1248 3188 dux
1260 3135 1314 3202 ait,
1330 3134 1411 3188 unica
1421 3134 1444 3200 ¹,

1131 3224 1167 3278 Et
1179 3223 1295 3298 decepta
1307 3223 1387 3296 cujus

1081 3317 1092 3340 '
1132 3313 1234 3368 Nostra
1244 3311 1305 3369 lues
1318 3311 1433 3386 gaudia,

1132 3404 1281 3478 Quamque
1293 3401 1372 3458 dedit
1385 3402 1522 3457 Dominus

1131 3491 1229 3549 Perdit
1241 3502 1269 3548 te
1279 3491 1404 3547 victoria.
1414 3513 1428 3542 s

1130 3600 1182 3657 llla
1194 3600 1280 3657 relert
1294 3625 1299 3655 :
1316 3623 1330 3652 α
1340 3599 1457 3656 Utinam

1001 3713 1012 3736 ο
1132 3691 1194 3746 Mea
1207 3689 1365 3766 ignorantia

1135 3781 1230 3836 Tantae
1242 3781 1283 3836 rei
1295 3780 1438 3835 victimam

1133 3872 1219 3944 Aptet
1231 3870 1270 3924 sic
1283 3866 1429 3942 placidam.

1134 3978 1282 4035 immolare
1294 3977 1383 4032 filium

1132 4069 1238 4128 Volens
1251 4068 1410 4140 Abraham,

1133 4160 1197 4215 Nou
1210 4159 1284 4214 hanc
1295 4156 1370 4231 apud
1383 4157 1536 4214 Dominum

1131 4249 1240 4306 Habuit
1253 4248 1391 4322 gratiam,

1130 4339 1172 4395 Ut
1182 4338 1218 4393 ab
1230 4339 1290 4412 ipso
1303 4354 1422 4411 puerum

1131 4428 1226 4487 Vellet
1236 4428 1366 4484 hostiam.

1133 4541 1256 4596 Puerum
1271 4541 1321 4614 qui
1334 4540 1457 4613 respuit,
1532 4587 1535 4594 Δ

1087 4661 1090 4666 -
1132 4632 1179 4688 Sic
1191 4629 1313 4705 puellam
1325 4631 1451 4705 suscipit.

1040 4739 1125 4813 Quod
1137 4738 1222 4796 decus
1234 4741 1270 4795 sit
1282 4757 1363 4795 sexus
1375 4740 1430 4795 mei
1443 4741 1576 4813 percipe,

1040 4829 1121 4887 Uteri
1134 4829 1183 4905 qui
1195 4829 1237 4885 tui
1248 4828 1358 4884 fructus
1371 4829 1488 4903 inspice.

1040 4919 1118 4991 Quid
1130 4919 1219 4986 enim,
1233 4917 1303 4994 quid
1315 4917 1368 4974 tihi
1383 4919 1488 4974 sithoc
1501 4918 1612 4991 glorie,
