4536 6102
465 582 535 654 560
559 673 562 684 ¹
1057 584 1184 656 rnrn
1211 533 1470 656 lantino?

463 726 594 824 legem,
615 744 650 799 et
671 753 745 798 non
766 728 1017 800 custodistis.»
1039 727 1105 798 Ubi
1122 742 1158 798 et
1179 726 1365 798 subditur:
1386 755 1404 793 α
1420 722 1611 795 audientes
1632 737 1751 793 autem
1772 721 1867 808 haec,
1887 721 2034 792 disseca-

463 845 594 918 bantur
615 847 784 918 cordibus
810 849 899 938 suis,
918 862 954 918 et
976 846 1176 919 stridebant
1196 844 1363 916 dentibus
1377 845 1420 924 in
1443 826 1574 914 eum.»
1595 845 1672 912 lam
1694 842 1790 912 enim
1811 839 1857 910 de
1877 839 2036 937 primitiis

462 967 700 1064 percipiendae
716 976 859 1039 coronae
875 993 1037 1056 securus,
1056 983 1092 1038 et
1110 967 1155 1038 de
1172 966 1482 1037 consummatione
1500 986 1656 1058 agonum
1672 986 1821 1032 suorum
1837 959 2034 1062 robpratus,

463 1100 599 1180 quanto
616 1085 767 1184 amplius
784 1087 1001 1184 properabat
1017 1084 1064 1157 ad
1080 1085 1264 1174 bravium,
1282 1098 1383 1155 tanto
1405 1083 1626 1155 adversarios
1639 1081 1765 1152 'minus
1785 1079 1988 1167 verebatur,
2006 1094 2034 1148 et

463 1205 574 1300 magis
592 1205 630 1275 in
646 1230 684 1275 se
701 1206 922 1275 commoveri
940 1204 1129 1300 gaudebat.
1150 1207 1267 1291 Quam
1287 1202 1450 1300 prolecto
1472 1202 1709 1274 constantiam
1732 1225 1806 1270 non
1831 1213 1905 1272 tam
1924 1197 2036 1269 verbis

358 1341 361 1348 '
462 1325 589 1423 ipsius,
606 1349 715 1420 quam
736 1326 813 1422 ipsa
833 1350 895 1396 sua
914 1325 1101 1423 praesentia
1116 1325 1149 1396 ei
1164 1326 1340 1395 Dominus
1361 1321 1566 1411 exhibebat,
1583 1323 1673 1392 sicut
1693 1321 1812 1391 statim
1832 1318 2035 1415 adjunctum

463 1451 550 1516 est¹:
572 1476 587 1510 n
608 1451 729 1532 Quum
747 1461 867 1518 autem
884 1462 976 1518 esset
995 1444 1196 1543 Stephanus
1216 1447 1343 1543 plenus
1358 1445 1509 1541 Spiritu,
1528 1442 1717 1514 intendens
1733 1443 1770 1512 in
1787 1443 1935 1530 coelum,
1955 1439 2036 1512 vidit

463 1568 613 1660 gloriam
630 1568 694 1638 Dei
707 1623 714 1656 ,
729 1582 765 1638 et
780 1572 900 1646 lesum
918 1576 1104 1640 stantema
1120 1566 1251 1638 dextris
1268 1567 1345 1636 Dei.
1364 1595 1381 1632 n
1396 1566 1559 1660 Legimus
1571 1565 1768 1635 Dominum
1783 1568 1917 1653 lesum,
1931 1589 2035 1660 quum

463 1686 572 1758 coelos
588 1687 804 1776 ascenderit,
819 1688 864 1760 ad
877 1689 1059 1760 dexteram
1070 1689 1181 1758 Patris
1194 1686 1398 1757 consedisse
1414 1715 1422 1756 :
1437 1710 1535 1756 nunc
1546 1709 1632 1755 vero
1646 1699 1793 1782 propter
1807 1684 2032 1782 Stephanum,

463 1806 564 1901 quasi
580 1806 665 1876 inde
677 1807 882 1895 surrexerit,
897 1821 1051 1878 stantem
1067 1807 1307 1903 potiusquam
1324 1804 1509 1875 sedentem
1525 1828 1608 1874 euru
1620 1803 1708 1873 vidit
1725 1804 1942 1900 apparuisse.
1957 1802 2036 1888 Quis

463 1925 521 1996 hic
536 1925 669 2014 honor,
690 1951 824 2022 quaese,
843 1943 904 1998 aut
920 1952 999 2023 quae
1015 1952 1096 2024 spes
1114 1927 1293 2021 Martyris,
1310 1926 1401 1995 utin
1420 1949 1608 1995 occursum
1624 1925 1699 2018 ejus
1716 1947 1916 2019 assurgere,
1934 1922 1989 1992 vel
2004 1923 2035 1991 in

392 2065 395 2072 ·
464 2044 633 2116 auxilium
653 2046 728 2141 ejus
753 2062 863 2134 stare,
887 2047 989 2143 quasi
1010 2060 1045 2116 et
1070 2047 1203 2143 pariter
1222 2047 1384 2141 pugnet²,
1408 2043 1569 2144 Christus
1593 2043 1782 2141 appareat?
1806 2046 1901 2111 Bene
1925 2055 2038 2112 autem

462 2165 682 2261 praemissum
706 2181 776 2253 est,
799 2166 924 2236 faciem
948 2165 1023 2258 ejus
1044 2179 1215 2260 tanquam
1238 2163 1364 2234 laciem
1388 2162 1504 2259 angeli
1525 2160 1654 2234 iactam
1675 2161 1799 2251 luisse,
1821 2186 1935 2258 quum
1959 2159 2037 2231 snb-

459 2281 624 2374 junctum
650 2283 695 2353 sit
721 2307 804 2353 eum
833 2281 983 2376 gloriam
1009 2283 1089 2351 nei¹
1104 2281 1254 2370 vidisse,
1274 2296 1313 2352 ut
1334 2281 1409 2376 jam
1430 2281 1505 2376 ejus
1523 2282 1596 2351 vita
1615 2280 1688 2352 sive
1709 2280 1866 2375 cognitio
1888 2280 2039 2375 angelica

463 2405 574 2498 magis
600 2427 709 2500 quam
734 2401 895 2473 humana
918 2401 1072 2472 dicenda
1097 2402 1154 2473 sit.
1183 2404 1362 2500 Scriptum
1386 2404 1520 2500 quippe
1545 2417 1621 2490 est,
1643 2401 1800 2472 Domino
1826 2400 1873 2472 ad
1898 2404 2037 2496 Moysen
2070 2457 2077 2480 ,

463 2522 644 2594 dicentel:
666 2553 683 2590 a
699 2527 778 2594 Non
796 2521 932 2593 videbit
947 2548 1006 2593 me
1021 2522 1153 2612 hom0,
1172 2539 1207 2594 et
1224 2525 1331 2594 vivet.
1348 2553 1366 2590 n
1386 2529 1429 2595 Et
1448 2523 1630 2595 Psalmista
1646 2523 1691 2593 de
1707 2523 1785 2620 ipsa
1801 2522 1940 2592 visione
1957 2521 2039 2591 divi-

462 2643 581 2714 nitatis
588 2645 665 2738 jam
678 2667 836 2731 securus,
849 2641 896 2714 ad
907 2647 1023 2714 Deum
1035 2643 1231 2740 loquiturt:
1248 2671 1265 2710 a
1278 2643 1442 2716 Satiabor
1458 2668 1571 2741 quum
1587 2642 1792 2741 apparuerit
1808 2641 1922 2738 gloria
1938 2656 2008 2712 tua.
2023 2669 2037 2705 n

462 2761 526 2830 Hic
537 2786 624 2831 vero
641 2761 842 2858 Stephanus
856 2787 929 2832 non
944 2761 1062 2833 solum
1073 2761 1334 2835 humanitatem
1346 2761 1476 2834 Christi
1492 2777 1646 2834 stantem
1661 2761 1707 2835 ad
1718 2761 1901 2832 dexteram
1920 2762 2037 2846 Patris,

461 2904 586 2951 verum
607 2895 643 2951 et
663 2880 813 2976 gloriam
837 2883 901 2952 Dei
924 2881 1047 2953 videre
1067 2908 1105 2953 se
1132 2884 1272 2973 asserit,
1297 2885 1398 2981 quasi
1420 2885 1496 2979 jam
1522 2885 1672 2955 omnino
1700 2883 1898 2979 angelicam
1923 2882 2039 2954 faciem

461 3001 642 3100 adeptum.
662 3006 714 3073 De
730 3026 802 3099 qua
818 3004 982 3075 videlicet
998 3005 1156 3100 angelica
1166 3005 1304 3076 visione
1320 3031 1384 3103 per
1397 3007 1625 3104 semetipsam
1642 3007 1779 3077 Veritas
1795 3005 1861 3076 ait⁸
1877 3033 1885 3074 ε
1904 3033 1921 3070 a
1937 3011 2039 3075 Amen

461 3119 543 3191 dico
565 3119 685 3209 vobis,
705 3121 790 3217 quia
815 3123 931 3217 angeli
957 3147 1083 3194 eorum
1109 3145 1251 3221 semper
1270 3124 1393 3195 vident
1419 3125 1544 3196 faciem
1569 3127 1679 3222 patris
1704 3125 1795 3214 mei,
1819 3125 1936 3221 quiin
1953 3123 2041 3194 coelis

461 3255 525 3309 est.
545 3268 562 3306 n
582 3244 715 3338 Raptus
732 3256 786 3311 est
804 3242 932 3312 Paulus
950 3269 1062 3341 usque
1079 3243 1126 3314 ad
1143 3243 1288 3314 tertium
1305 3244 1454 3335 coelum,
1473 3261 1509 3316 et
1524 3246 1661 3317 audivit
1677 3269 1806 3317 arcana
1822 3244 1952 3334 verba,
1971 3269 2042 3341 quae

461 3385 535 3430 non
555 3361 636 3431 licet
656 3360 797 3432 homini
814 3362 953 3459 loqni':
974 3388 1049 3434 non
1071 3377 1190 3438 tamen
1214 3365 1364 3460 gloriam
1386 3367 1468 3456 Dei,
1488 3367 1544 3438 vel
1565 3367 1747 3438 dexteram
1768 3367 1897 3456 Patris,
1921 3367 1957 3436 in
1979 3389 2043 3464 qua

461 3478 621 3550 Christus
648 3482 875 3570 consisteret,
896 3481 1023 3577 legitur
1050 3485 1288 3592 conspexisse.
1314 3485 1417 3556 Unde
1440 3487 1516 3582 jam
1540 3487 1763 3585 Stephanum
1787 3491 1890 3584 quasi
1912 3488 1987 3582 jam
2009 3487 2042 3555 iu

461 3598 555 3666 exitu
577 3599 657 3670 vitae
677 3601 913 3670 constitutum
936 3624 1010 3670 non
1036 3615 1108 3673 tam
1134 3601 1292 3674 humane
1315 3629 1424 3701 quam
1444 3607 1602 3701 angelice
1623 3607 1743 3678 vivere
1765 3606 2039 3704 perpendimus:

461 3719 518 3787 cui
529 3743 595 3788 nec
607 3720 816 3815 virginitatis
830 3724 1100 3818 praerogativam
1114 3723 1267 3795 defuisse
1279 3726 1471 3815 credimus,
1488 3753 1567 3824 quae
1581 3729 1759 3824 praecipue
1775 3729 1886 3796 virtus
1901 3724 2042 3820 angelos

433 3841 441 3866 ’
461 3839 641 3910 imitatur:
659 3855 699 3911 ut
711 3841 876 3912 videlicet
893 3843 1052 3915 incarne
1069 3846 1145 3915 sine
1162 3847 1393 3944 corruptione
1406 3847 1523 3918 carnis
1535 3848 1688 3935 vivatur,
1702 3846 1802 3942 quod
1819 3869 2043 3943 nequaquam

461 3958 573 4054 Moysi
592 3983 803 4031 concessum
820 3976 857 4032 et
872 3960 1038 4033 humanae
1059 3963 1275 4034 infirmitatis
1297 3965 1433 4063 copulae
1452 3965 1611 4064 obligato
1622 3968 1643 4035 ⁸.
1665 3964 1768 4036 Unde
1786 3979 1822 4034 et
1842 3965 1879 4034 in
1904 3963 2045 4035 laudern

461 4078 549 4148 tanti
563 4079 743 4175 martyris⁹
762 4105 881 4151 sermo
897 4081 1046 4177 quidam
1062 4083 1286 4180 conscriptus
1297 4084 1360 4154 tali
1377 4083 1449 4155 line
1462 4084 1651 4156 conclusus
1669 4099 1746 4155 est:
1767 4113 1784 4150 n
1798 4088 1839 4153 ln
1856 4082 1929 4153 hoc
1951 4080 2044 4178 quod

460 4201 669 4295 praepositus
688 4215 741 4270 est
758 4200 916 4289 leminis,
935 4201 1181 4273 testimonium
1202 4205 1333 4274 meruit
1353 4205 1598 4276 sincerissimae
1618 4205 1800 4276 castitatis.
1820 4207 1949 4274 Beatus
1965 4227 2044 4298 ergo

459 4316 543 4404 erit,
563 4319 624 4412 qui
643 4317 740 4388 hunc
757 4321 914 4391 imitatus
930 4320 1048 4391 luerit.
1068 4324 1111 4392 Et
1128 4321 1307 4418 pudicitiae
1319 4324 1416 4394 enim
1432 4323 1608 4420 palmam,
1622 4339 1658 4395 et
1675 4323 1834 4419 martyrii
1850 4345 2044 4418 conseque·

459 4448 516 4504 tur
532 4460 720 4509 coronam.
738 4465 756 4506 n
776 4448 824 4508 Ac
841 4439 870 4508 si
888 4456 1009 4536 aperte
1027 4439 1230 4511 diceretur:
1248 4442 1318 4526 Qui
1340 4443 1505 4540 exemplo
1525 4444 1601 4538 ejus
1622 4451 1762 4538 Agnum
1782 4465 1939 4538 sequens
1959 4463 2045 4536 quo·

458 4577 600 4648 cunque
621 4555 717 4645 ierit,
739 4571 775 4626 et
795 4556 892 4627 bisso
913 4559 1047 4655 pariter
1067 4556 1214 4629 indutus
1232 4573 1267 4629 et
1287 4565 1467 4660 purpura}
1486 4561 1576 4632 rosis
1593 4559 1698 4632 simul
1717 4575 1753 4631 et
1774 4559 1855 4630 liliis
1876 4559 2047 4629 intextum

459 4672 630 4770 percipiet
647 4674 827 4747 diadema.
849 4674 952 4748 Unde
973 4694 1008 4748 et
1024 4703 1089 4776 per
1106 4676 1350 4751 excellentiam
1370 4683 1461 4752 tanti
1480 4682 1621 4753 meriti¹⁰
1637 4681 1761 4751 divino
1779 4677 1940 4775 quodam
1960 4699 2047 4774 prae·
2076 4673 2079 4678 ’

458 4793 556 4886 sagio
578 4793 711 4865 lactum
736 4811 790 4867 est
811 4812 851 4868 ut
869 4797 1072 4896 Stephanus
1096 4813 1287 4873 vocaretur
1306 4802 1451 4902 aquod,
1475 4817 1514 4872 ut
1542 4801 1636 4873 Beda
1660 4800 1824 4872 meminit
1833 4801 1865 4886 ¹¹,
1884 4797 2048 4869 hebraice

493 5001 499 5028 ¹
519 5003 570 5054 Act.
586 5009 680 5067 apert,
694 5022 748 5071 cap.
762 5021 809 5067 vn,
820 5024 842 5056 v.
855 5008 897 5060 tt.
911 5007 957 5046 -¹
968 5011 1084 5074 Puqnare
1096 5011 1145 5061 llS.
1167 5011 1234 5062 Eine.
1276 5030 1298 5064 v.
1319 5015 1358 5064 10.
1369 5014 1419 5052 -'
1430 5015 1536 5065 Corinth.
1557 5013 1594 5072 Π,
1612 5029 1667 5079 cap.
1681 5027 1729 5072 ιιι,
1742 5027 1765 5062 v.
1779 5015 1804 5062 t.
1814 5007 1867 5049 -⁸
1879 5009 1984 5073 tutuno
1999 5004 2048 5057 18·

458 5084 507 5122 -⁸
519 5087 582 5136 Eum
591 5087 666 5138 Deum
676 5093 762 5140 aldim
773 5090 821 5141 MS.
837 5089 904 5142 Eius.
913 5119 942 5128 -
954 5092 964 5120 ⁸
977 5095 1051 5144 Exod
1064 5133 1071 5154 ‚
1082 5109 1137 5160 cap.
1149 5111 1237 5156 mm,
1279 5097 1344 5148 Eius.
1360 5125 1388 5134 -
1406 5097 1415 5124 ⁰
1429 5096 1592 5162 Hysterr't'llS.
1604 5097 1670 5147 Eius.
1685 5123 1713 5134 -
1723 5094 1745 5122 ⁴⁰
1756 5095 1790 5146 Et
1808 5100 1833 5145 itt
1851 5096 2047 5144 weelkntr'atent

461 5187 484 5218 v.
500 5171 541 5220 2⁰.
554 5196 587 5209 —
597 5169 608 5198 ⁸
620 5172 707 5224 Psalm.
731 5189 787 5236 xu,
804 5191 828 5226 v.
851 5178 890 5225 15.
904 5201 937 5214 ··
946 5177 956 5204 ⁶
966 5175 1063 5242 Maru„
1086 5194 1141 5244 cap.
1163 5195 1237 5242 xun,
1278 5183 1359 5229 militis
1368 5179 1417 5230 MS.
1432 5179 1499 5230 Eius.
1509 5179 1571 5220 -“
1585 5179 1613 5229 ln
1622 5180 1778 5242 Actdpost„
1790 5178 1851 5241 opp.
1864 5188 1881 5228 ι.
1892 5175 1923 5242 V,
1934 5175 1980 5226 col.
1991 5173 2049 5234 638,
