4510 6108
597 597 793 672 lNl’Elllll
818 597 979 671 rnatu
1003 597 1310 671 PENTECOSTES
1335 597 1497 672 SERMO.
1769 597 1841 670 497

256 737 408 810 verbum
422 737 506 827 Dei3
524 736 588 810 sed
603 739 688 836 quia
702 763 768 810 vos
783 738 960 837 repulistis
977 738 1083 828 illud,
1102 763 1186 818 ecce
1206 741 1450 812 convertimur
1471 736 1518 810 ad
1538 751 1673 834 gentes.
1693 763 1710 804 n
1732 741 1841 809 «Vox

257 859 421 950 tonitrui,
437 887 454 925 u
473 857 544 930 hoc
560 873 626 948 est,
643 858 690 930 de
705 860 869 958 supernis
885 883 950 958 per
965 861 1136 958 Spiritum
1153 861 1190 932 in
1207 859 1378 960 apostolis
1394 859 1486 932 sacta
1502 883 1566 958 per
1582 873 1700 930 totum
1713 858 1840 932 orbem

257 991 309 1048 est
325 977 482 1049 dilatata.
498 981 542 1048 Et
557 978 641 1075 quia
657 976 704 1048 de
718 977 775 1049 his
791 978 964 1074 scriptum
980 992 1050 1068 est,
1064 976 1183 1074 quod¹
1197 1007 1215 1046 a
1229 970 1381 1077 profecti
1395 976 1677 1076 praedioaveruut
1690 976 1837 1075 ubique,

256 1100 413 1170 Domino
431 1114 649 1197 cooperante
665 1097 897 1196 sequentibus
917 1099 1044 1194 signis,
1065 1127 1083 1166 »
1107 1099 1268 1170 tonitruo
1289 1098 1339 1170 illi
1359 1098 1555 1170 verborum
1575 1100 1840 1171 coruscationes

256 1233 339 1290 sunt
348 1216 476 1290 additae
487 1216 756 1289 miraculorum.
771 1221 825 1288 De
837 1217 968 1314 quibus
982 1241 1080 1288 nunc
1094 1215 1240 1288 dicitur¹
1256 1245 1264 1288 ι
1281 1245 1299 1284 a
1315 1216 1509 1289 llluxerunt
1524 1217 1664 1313 fulgura
1675 1217 1840 1314 ejus'orbi
1883 1259 1887 1266 ·

256 1355 369 1410 terrae.
388 1367 405 1406 u
421 1315 474 1409 ¹Et
494 1338 668 1435 quoniam
689 1336 852 1410 infideles
875 1335 1122 1434 magnitudine
1147 1337 1333 1434 signorum
1358 1337 1470 1434 magis
1494 1361 1605 1436 quarn
1630 1339 1841 1424 auctoritate

256 1449 521 1555 scripturarum
531 1472 722 1528 moventur
735 1455 781 1528 ad
793 1454 920 1544 sidem,
936 1457 1021 1528 visis
1037 1455 1345 1532 coruscationibus
1361 1471 1545 1529 commota
1563 1472 1616 1528 est
1630 1471 1743 1544 terra;
1757 1458 1841 1555 quia

256 1573 511 1646 miraculorum
528 1574 765 1647 admiratione
781 1590 924 1646 terrena
939 1575 1132 1650 hominum
1148 1574 1259 1647 corda
1279 1573 1326 1645 de
1350 1574 1499 1673 pristina
1524 1573 1734 1647 infidelitate
1758 1592 1842 1648 sunt

255 1707 405 1766 mutata.
425 1699 538 1790 Atque
554 1694 602 1766 ita
623 1697 719 1765 Deus
740 1694 829 1792 petit
848 1692 983 1765 habere
1003 1695 1041 1767 in
1063 1694 1154 1768 mari
1175 1694 1268 1784 vias,
1292 1709 1328 1765 et
1349 1695 1387 1765 in
1408 1695 1510 1792 aquis
1534 1694 1678 1766 semitas
1701 1719 1842 1792 :quum

255 1814 419 1890 videlicet
435 1841 455 1888 a
471 1814 593 1888 Judoea
608 1830 782 1913 tauquam
798 1839 817 1887 a
834 1817 981 1916 propria
998 1831 1091 1890 terra
1113 1815 1302 1895 recedens.
1323 1830 1360 1888 et
1380 1816 1531 1911 gratiam
1552 1839 1655 1887 suam
1676 1816 1841 1913 gentibus

255 1935 478 2034 impertiens,
498 1960 572 2006 uno
589 1934 784 2034 reprobato
805 1934 961 2033 populo,
985 1935 1118 2007 multos
1140 1936 1339 2033 acquisivit.
1359 1939 1455 2008 Mare
1477 1935 1591 2032 majus
1612 1948 1665 2006 est
1684 1937 1786 2032 aquis
1805 1951 1843 2008 et

254 2055 493 2126 amaritudine
508 2054 657 2155 plenum
677 2083 685 2127 :
705 2070 740 2126 et
758 2057 832 2126 vita
852 2056 1128 2152 conjugatorum
1149 2081 1228 2153 quae
1248 2056 1382 2128 multos
1403 2057 1517 2156 capit,
1545 2070 1581 2127 et
1606 2057 1700 2128 curis
1725 2057 1843 2128 saeculi

253 2189 307 2248 est
319 2176 516 2273 implicita,
540 2191 630 2273 quot
651 2174 832 2247 molestias
855 2175 1023 2264 sustinet,
1051 2189 1106 2247 tot
1131 2176 1387 2248 amaritudines
1415 2175 1538 2248 habet.
1567 2177 1635 2248 Via
1659 2176 1765 2248 latior
1789 2193 1844 2250 est

253 2317 363 2390 quam
378 2295 522 2382 semita,
537 2309 573 2365 et
585 2294 659 2365 vita
670 2293 946 2391 conjugatorum
962 2294 1075 2366 laxior
1091 2309 1144 2367 est
1159 2318 1270 2392 quam
1285 2295 1561 2369 continentium.
1577 2296 1709 2368 Venire
1722 2311 1843 2368 autem

254 2411 391 2504 adnos,
402 2415 476 2486 sive
485 2415 730 2513 propinquare
740 2418 836 2486 Deus
853 2413 996 2506 dicitur,
1014 2428 1054 2486 ut
1070 2439 1138 2487 nos
1154 2414 1200 2490 ad
1217 2439 1255 2486 se
1271 2413 1407 2504 trahat,
1425 2440 1539 2513 quum
1554 2414 1738 2487 bonorum
1754 2441 1842 2514 ope·

252 2558 335 2606 rum
349 2534 456 2606 nobis
472 2535 640 2607 affectum
656 2535 818 2634 inspirat.
841 2539 907 2614 Per
921 2535 996 2610 vias
1013 2535 1119 2632 igitur
1135 2533 1271 2617 incedit
1286 2536 1323 2606 in
1340 2535 1449 2625 mari,
1473 2537 1558 2633 quia
1578 2535 1713 2608 laxiora
1733 2560 1843 2636 opera

254 2653 362 2726 habet
377 2656 413 2726 in
431 2680 506 2727 non
523 2654 739 2752 conjugatis,
757 2655 849 2729 sicut
864 2655 1042 2728 strictiora
1057 2656 1096 2727 in
1112 2654 1380 2727 continentibus
1391 2679 1471 2753 quae
1483 2656 1617 2728 semitis
1631 2670 1839 2755 operantur.

253 2777 297 2844 Et
313 2771 388 2846 haec
407 2774 556 2872 quidem
571 2775 719 2872 vestigia
739 2774 887 2850 Domini
912 2775 949 2846 in
972 2773 1137 2871 gentibus
1157 2799 1232 2846 non
1254 2790 1531 2870 cognoscentur,
1550 2788 1591 2846 ut
1609 2774 1776 2847 videlicet
1795 2776 1842 2848 de

251 2892 423 2990 peculiari
439 2894 576 2993 populo
593 2919 658 2967 suo
672 2893 819 2990 judaico
836 2896 986 2991 gratiam
1002 2917 1105 2966 suam
1122 2894 1308 2990 adgentes
1325 2894 1534 2986 transferat,
1554 2896 1656 2968 etsie
1676 2921 1721 2968 eo
1737 2895 1840 2968 dere·

252 3013 350 3104 licto,
371 3014 416 3087 ad
433 3030 557 3112 gentes
573 3028 747 3102 transeat,
766 3014 986 3112 quia-nullus
1002 3039 1047 3085 eo
1063 3030 1227 3115 tempore
1243 3014 1280 3087 id
1297 3016 1416 3113 potuit
1431 3039 1666 3113 praenoscere.
1685 3015 1790 3088 Unde
1806 3033 1842 3090 et

252 3133 328 3232 ipse
344 3133 592 3233 apostolorum
607 3134 775 3234 princeps
795 3157 909 3230 quum
929 3131 1049 3204 adhuc
1072 3133 1330 3206 devocatione
1351 3134 1510 3230 gentium
1531 3159 1596 3233 pcr
1615 3133 1840 3233 praedicatio-

251 3277 336 3324 nem
352 3277 455 3325 suam
471 3252 636 3325 facienda
646 3268 765 3324 certus
780 3277 856 3330 non
874 3267 982 3338 esset,
996 3276 1081 3324 vase
1096 3252 1257 3350 quodam
1273 3255 1374 3325 omni
1390 3277 1520 3349 genere
1535 3253 1716 3352 reptilium
1731 3255 1840 3354 pleno

251 3373 448 3472 pervisum
464 3371 531 3452 sibi
549 3387 712 3464 ostenso,
730 3371 778 3444 de
795 3372 865 3444 hoo
881 3372 960 3472 ipso
977 3370 1194 3444 admonetur
1210 3385 1318 3469 atque
1331 3372 1514 3446 docetur⁸.
1534 3377 1606 3444 Cur
1623 3387 1743 3446 autem
1763 3373 1840 3447 haec

134 3499 140 3510 '
250 3493 398 3589 vestigia
413 3492 479 3564 Dei
495 3492 532 3562 in
549 3489 715 3588 gentibus
730 3492 995 3588 ignorarentur,
1013 3505 1054 3562 ut
1069 3491 1225 3564 caecitate
1241 3491 1333 3564 lacta
1348 3492 1386 3564 in
1403 3492 1509 3566 lsrael
1526 3507 1648 3589 gentes
1664 3491 1841 3566 illumina·

250 3625 388 3702 rentur,
401 3611 473 3687 line
488 3610 617 3709 psalmi
633 3609 874 3682 concluditur.
888 3615 936 3682 Ac
947 3610 978 3682 si
990 3608 1157 3683 videlicet
1168 3610 1324 3687 diceret:
1339 3610 1426 3684 ldeo
1442 3611 1489 3684 ab
1504 3611 1654 3684 homine
1665 3615 1839 3710 proenosci

249 3753 327 3801 non
339 3731 474 3830 potuit,
491 3744 532 3801 ut
546 3729 746 3828 reprobatis
762 3728 904 3816 ludaeis,
922 3743 1044 3824 gentes
1059 3728 1361 3820 illuminarentur,
1379 3731 1465 3829 quia
1479 3731 1581 3803 illum
1596 3732 1755 3831 priorem
1770 3757 1838 3830 po·

250 3849 376 3948 pulum
397 3851 498 3948 quasi
519 3872 663 3947 gregem
683 3849 872 3947 proprium
892 3871 1034 3945 semper
1053 3845 1254 3937 habueras,
1277 3849 1336 3926 cui
1356 3853 1503 3947 Moysen
1525 3866 1561 3924 et
1581 3855 1698 3924 Aaron
1718 3866 1838 3925 tantos

249 3986 411 4072 pastores
439 3970 691 4072 deputaveras,
718 3985 754 4042 ct
778 3983 916 4042 tantam
946 3991 1095 4039 manum
1122 3968 1349 4066 ingentibus
1375 3969 1536 4044 delendis
1565 3987 1715 4071 propter
1737 3973 1837 4045 illum

250 4115 475 4178 exercueras,
494 4087 617 4166 ethoc
633 4088 802 4187 estquod
820 4089 869 4160 ait
890 4115 898 4158 ε
920 4115 938 4156 a
956 4086 1158 4174 Deduxisti,
1178 4103 1263 4178 cto,
1279 4116 1296 4156 a
1318 4087 1364 4160 de
1385 4093 1538 4188 AEgypto
1562 4089 1729 4162 videlicet
1753 4115 1836 4163 eum

251 4209 453 4302 adducens,
472 4223 508 4282 ct
521 4210 560 4280 in
577 4223 710 4280 terram
725 4206 1013 4309 repromissionis
1028 4207 1221 4300 inducens,
1239 4207 1307 4312 sub
1324 4209 1496 4306 regimine
1517 4224 1554 4281 et
1573 4210 1707 4282 ducatu
1723 4213 1836 4308 Moysi

251 4331 355 4403 ducis
372 4346 408 4402 et
424 4336 543 4402 Aaron
560 4328 768 4410 sacerdotis.

251 4571 364 4639 indignos
374 4573 538 4639 conjudicatus
549 4587 647 4628 aeterno
657 4575 727 4638 utae,
746 4575 909 4628 convertimur
924 4573 955 4625 ad
968 4588 1026 4640 gen-
1069 4588 1125 4640 cap.
1140 4588 1196 4634 xu,
1207 4589 1230 4623 v.
1244 4574 1288 4630 20.
1300 4598 1327 4611 -
1339 4571 1349 4599 ⁸
1359 4571 1447 4624 Psalm.
1460 4587 1531 4633 xcu,
1543 4587 1566 4622 v.
1580 4573 1604 4622 l.
1612 4569 1663 4610 -⁸
1675 4572 1729 4622 Act.
1740 4571 1835 4636 apost„

251 4667 328 4709 tas.»
350 4657 419 4722 (Act.
447 4661 546 4723 apaan,
569 4677 626 4727 cap.
647 4677 710 4722 xui,
736 4675 761 4711 r.
783 4657 918 4724 ta.)-¹
939 4658 1026 4722 Maro,
1070 4658 1292 4722 cap.xr,v.5,6.

968 4961 1122 4976 m
