4520 6104
454 611 524 688 rso
848 585 1014 680 'sarar
1041 606 1276 681 sanatum
1303 607 1608 682 munrorssn

432 775 574 850 ⁸«rasus,
600 737 735 847 querito
759 745 871 823 uerat
889 747 1119 846 professionis
1137 745 1242 821 altior
1263 745 1405 842 gredau
1427 752 1543 836 Quem
1562 748 1707 846 quidem
1725 773 1849 824 caurrn
1868 765 1904 824 et
1925 753 2033 828 stultu

451 869 681 968 professionis
696 881 821 944 votum
834 867 1318 966 Ecclesiastesproeneniens,
1339 868 1407 942 ait¹
1424 890 1433 942 a
1453 897 1470 938 rr
1485 869 1521 942 Si
1535 868 1624 966 quiid
1637 869 1765 944 verini
1776 873 1878 961 ileo,
1899 897 1947 946 ue
1960 897 2033 948 rno-

452 991 538 1067 tcris
561 988 721 1061 reddere.
749 986 917 1085 Displicet
936 989 1032 1058 enirn
1053 1001 1090 1060 et
1113 984 1267 1062 infidelis
1284 1000 1321 1061 et
1341 986 1446 1061 stulta
1471 987 1671 1085 promissio·
1701 988 1771 1061 Sed
1796 989 2035 1089 quodeunque

451 1109 590 1183 voveris
601 1106 725 1184 redde.
743 1105 867 1178 Melius
881 1122 934 1180 cst
947 1132 1023 1178 non
1036 1131 1179 1196 vovere,
1199 1131 1309 1203 quam
1322 1121 1403 1205 post
1420 1122 1544 1180 votum
1558 1108 1734 1206 promissa
1750 1133 1827 1182 non
1840 1091 2034 1188 redderes

374 1236 379 1247 '
451 1229 516 1301 Cui
532 1251 678 1324 quoque
695 1225 856 1324 periculo
875 1251 1050 1302 occurens
1072 1225 1309 1324 apostolicum
1325 1225 1538 1301 consilium:
1563 1256 1580 1295 rr
1598 1227 1707 1316 Volo,
1727 1256 1745 1299 u
1769 1229 1931 1325 inquit¹,
1952 1260 1970 1298 rr
1982 1230 2037 1326 ju·

452 1349 569 1427 aiores
593 1345 749 1436 nubere,
771 1343 863 1418 lilios
890 1371 1096 1444 procreare,
1133 1345 1410 1421 matresfamilias
1428 1372 1524 1438 esse,
1553 1346 1687 1421 nullam
1708 1349 1935 1422 occasionem
1953 1349 2038 1424 dare

451 1467 653 1546 adversario
674 1464 853 1538 maledicti
871 1465 993 1562 gratia.
1011 1469 1092 1541 lam
1102 1467 1200 1541 attint
1217 1465 1381 1562 quendam
1395 1489 1578 1548 'conversae
1603 1482 1685 1546 sunt
1709 1481 1803 1545 retro
1822 1471 2035 1548 Sartonam.»

452 1589 574 1661 AEtatis
593 1585 741 1663 infirme
759 1601 925 1661 naturam
942 1587 1173 1668 considerans
1186 1637 1203 1677 ‚-
1225 1588 1425 1669 remedium
1451 1591 1531 1662 vitoe
1548 1589 1691 1665 laxioris
1707 1590 1860 1688 opponit
1879 1591 2039 1689 periurrlo

452 1706 622 1785 melioris.
640 1705 803 1780 Consulit
823 1705 978 1780 residere
995 1707 1137 1795 inimo,
1158 1733 1205 1792 ne
1218 1707 1451 1806 praecipitium
1465 1707 1570 1782 detur
1584 1731 1626 1792 ex
1637 1707 1722 1784 alto.
1739 1712 1856 1796 Quern
1869 1725 1905 1785 et
1916 1709 2040 1785 beatus

451 1841 593 1915 secutus
610 1825 868 1921 Hieronymus,
895 1826 1126 1906 Eustochium
1151 1827 1325 1924 virginem
1340 1827 1547 1917 instituens,
1568 1828 1637 1900 ain
1660 1856 1667 1897 :
1690 1857 1708 1902 rr
1725 1829 1764 1903 Si
1779 1845 1900 1912 autern
1918 1845 1954 1905 et
1973 1829 2041 1907 illae

453 1972 533 2044 quae
548 1947 700 2042 virgines
716 1961 820 2035 sunt,
841 1944 890 2018 ob
908 1945 994 2021 alins
1012 1960 1132 2022 tamen
1151 1946 1274 2044 culpas
1294 1972 1369 2020 non
1380 1947 1583 2038 salvantur,
1605 1948 1693 2045 quid
1707 1947 1767 2025 nar
1785 1948 1852 2022 illis
1868 1973 1948 2046 quae
1959 1975 2043 2048 pro-

454 2067 644 2140 stituerunt
661 2064 823 2138 membra
840 2065 988 2154 Christi,
1008 2081 1046 2138 et
1066 2081 1295 2142 mutaverunt
1315 2067 1489 2165 templum
1507 2067 1657 2165 Spiritus
1675 2070 1788 2142 sancti
1810 2069 1846 2144 in
1863 2068 2042 2168 lupanari

456 2187 595 2258 Rectius
616 2185 731 2262 luerat
754 2183 893 2257 homini
915 2183 1062 2261 subiisse
1087 2185 1316 2282 conjugium,
1342 2185 1541 2260 ambulasse
1565 2211 1629 2284 per
1646 2187 1774 2284 plana,
1797 2211 1909 2285 quarn
1927 2187 1975 2263 ad
1996 2188 2046 2263 al·

454 2308 545 2380 tiore
561 2307 769 2380 tendentem
790 2307 826 2376 in
849 2305 1071 2405 profundum
1088 2305 1218 2379 inferni
1238 2306 1379 2388 cadere.
1403 2335 1421 2376 a
1443 2306 1551 2393 Quod
1570 2307 1723 2381 sictiam
1740 2308 1905 2381 universa
1925 2309 2045 2382 revol-

455 2452 579 2502 vamus
591 2425 751 2524 Apostoli
761 2424 869 2514 dicta,
885 2447 1073 2522 nunquam
1084 2450 1168 2500 eum
1181 2427 1400 2524 reperiemus
1413 2425 1571 2500 secunda
1584 2427 1811 2501 matrimonia
1825 2429 1893 2504 nisi
1902 2429 2045 2505 seminis

455 2547 642 2620 indulsisse
653 2548 675 2616 ⁸.
699 2545 772 2618 Sed
788 2546 884 2618 viros
903 2544 1057 2618 maxime
1074 2545 1123 2618 ad
1139 2546 1398 2618 continentiam
1416 2544 1629 2636 exhortans,
1652 2547 1721 2622 an·
1741 2575 1748 2618 :
1775 2575 1793 2614 rr
1808 2549 2046 2622 Circumcisus

455 2668 580 2765 aliquis
609 2681 756 2742 vocatus
783 2666 859 2740 est?
885 2691 959 2738 non
987 2665 1144 2741 adducat
1164 2666 1390 2764 preputium.
1410 2694 1429 2734 n
1452 2671 1495 2738 Et
1515 2670 1696 2742 iterrun⁸z
1730 2699 1748 2738 rr
1774 2669 1919 2742 Solutus
1932 2694 1972 2742 es
2000 2669 2048 2744 ab

457 2789 592 2864 uxore?
615 2787 690 2861 noli
710 2811 868 2885 quaerere
887 2811 1047 2861 uxorem.
1065 2815 1084 2856 n
1104 2791 1231 2874 Quum
1245 2790 1385 2883 Moyses
1404 2802 1522 2861 tamen
1545 2788 1628 2860 viris
1649 2790 1762 2886 magis
1774 2813 1886 2886 quarn
1904 2790 2049 2864 feminis

455 2909 642 3007 indulgens
661 2909 819 2982 univiro
844 2908 964 3008 plures
989 2907 1095 2992 arnul
1130 2893 1300 2996 sentinas,
1321 2929 1397 2983 non
1416 2908 1478 2980 nni
1500 2906 1640 2981 femina
1658 2907 1777 3006 plnres
1797 2910 1890 2982 viros
1911 2935 2049 2985 conce-

456 3030 536 3121 dat,
557 3045 590 3104 et
608 3030 798 3104 districtius
817 3028 988 3106 adulteria
1002 3029 1217 3100 seminarum
1234 3051 1342 3125 quarn
1362 3028 1520 3100 virorum
1539 3029 1689 3126 puniat:
1714 3058 1733 3096 rr
1742 3029 1880 3121 Mulier,
1896 3059 1913 3101 u
1929 3033 2052 3129 inquit

458 3150 690 3249 Apostolus⁷‚
721 3179 738 3218 u
764 3151 793 3220 si
817 3164 979 3222 mortuus
1001 3148 1104 3222 luerit
1126 3149 1179 3220 vir
1190 3150 1299 3244 ejus,
1331 3148 1478 3220 liberata
1497 3163 1549 3220 est
1575 3171 1595 3222 a
1620 3147 1697 3246 lege
1725 3150 1812 3240 viri,
1843 3165 1981 3224 utnon
2004 3154 2053 3226 sit

456 3271 633 3355 adultera,
656 3270 685 3344 si
703 3270 808 3352 fuerit
820 3294 905 3341 curn
918 3268 989 3342 alio
1010 3269 1100 3340 viro.
1119 3295 1138 3334 n
1158 3272 1202 3340 Et
1219 3268 1344 3340 alibi⁸:
1364 3298 1382 3338 rr
1399 3269 1489 3344 Dico
1503 3283 1622 3344 autern
1634 3293 1709 3342 non
1722 3271 1841 3369 nuptis
1854 3286 1890 3343 et
1901 3271 2050 3346 viduis:

458 3398 598 3466 Bouurn
617 3405 670 3462 est
688 3389 771 3479 illis,
793 3390 823 3462 si
842 3390 893 3460 sic
912 3403 1146 3486 permaneant
1164 3389 1254 3464 sicut
1270 3405 1305 3462 et
1324 3415 1402 3486 ege.
1426 3389 1534 3477 Quod
1552 3390 1673 3464 sinon
1690 3415 1728 3462 se
1745 3391 1954 3482 continent,
1978 3417 2053 3464 nn·

458 3512 556 3587 bant.
580 3509 705 3583 Melius
725 3524 779 3582 est
798 3510 893 3580 enirn
923 3507 1058 3580 nubere
1083 3533 1192 3605 quarn
1216 3508 1282 3578 uri.
1302 3537 1320 3576 n
1345 3514 1389 3581 Et
1407 3510 1558 3582 iterum⁹
1581 3535 1589 3580 r
1615 3509 1794 3600 «Mulier,
1814 3511 1844 3582 si
1861 3511 2056 3584 dormierit

459 3634 513 3706 vir
530 3632 630 3728 ejus,
650 3629 798 3705 liberata
815 3643 880 3702 est.
902 3629 968 3701 Cui
990 3627 1067 3700 vult
1084 3627 1219 3718 nrrbat,
1241 3643 1380 3702 tantrrm
1397 3630 1434 3702 in
1453 3629 1623 3704 Domino.
1649 3631 1788 3704 Beatior
1808 3633 2057 3708 antemeritsi

458 3755 508 3826 sic
525 3751 759 3851 permanserit
773 3749 973 3823 secundnm
991 3749 1181 3824 consilium
1199 3772 1331 3822 meum.
1352 3777 1369 3817 u
1389 3754 1471 3822 Non
1489 3750 1645 3825 monada
1664 3765 1802 3824 tannim
1819 3753 2059 3828 matrimonia

458 3873 603 3945 infirmo
621 3872 720 3944 serni
737 3869 924 3960 concedit,
952 3895 1077 3942 verum
1096 3870 1201 3944 etiam
1220 3895 1261 3942 ea
1281 3869 1380 3946 nullo
1403 3869 1620 3948 concludere
1644 3871 1752 3947 audet
1779 3896 1954 3961 nurnero,
1985 3877 2060 3950 sed

459 4019 571 4091 (prem
588 3992 798 4064 dormierint
817 4013 939 4062 earrnn
957 3990 1043 4081 riri,
1065 3990 1200 4064 nubere
1217 3989 1293 4062 alin
1311 3992 1493 4088 permittit.
1517 3990 1660 4067 Nullum
1674 3993 1910 4070 matrimoniis
1922 4018 2061 4070 earum

460 4114 608 4214 praefigit
633 4137 847 4197 nnmerum,
868 4109 1071 4182 dummodo
1090 4109 1333 4185 fornicationis
1351 4109 1504 4184 evadant
1529 4125 1679 4188 reatum.
1701 4112 1835 4210 Soepius
1853 4113 1964 4209 magis
1984 4139 2063 4188 nu·

459 4235 546 4307 bant
563 4259 672 4332 quarn
684 4231 796 4306 semel
810 4231 1029 4304 fornicentur
1045 4258 1054 4300 ι
1071 4255 1117 4302 ne
1134 4231 1162 4302 si
1177 4231 1239 4302 rani
1251 4231 1509 4329 prostituantur
1521 4281 1530 4320 ,
1541 4231 1667 4310 multis
1678 4233 1829 4308 carnalis
1840 4238 2064 4312 commercii

460 4356 621 4430 debitmn
639 4354 791 4425 solvant.
813 4357 901 4440 Quae
917 4366 1037 4427 tamen
1055 4351 1167 4424 debiti
1185 4350 1316 4424 solutio
1335 4375 1409 4424 non
1425 4369 1479 4424 est
1495 4354 1636 4450 penitus
1653 4354 1823 4426 immunis
1841 4371 2062 4454 epaeneto,

461 4476 522 4549 sed
533 4474 765 4572 indulgentur
784 4472 940 4562 minora,
959 4485 998 4542 ut
1011 4470 1147 4567 majora
1164 4471 1320 4544 vitentur
1337 4485 1493 4570 peneus
1510 4472 1606 4560 Quid
1623 4473 1728 4569 igitur
1746 4475 1878 4550 mirum
1892 4477 1922 4549 si
1934 4475 1995 4566 id,
2017 4479 2064 4550 in

460 4619 533 4694 qno
561 4594 699 4666 nullutn
724 4607 778 4664 est
793 4593 967 4681 omnino,
995 4590 1204 4662 conceditur
1222 4615 1269 4664 ne
1285 4607 1470 4690 peecatum
1489 4592 1691 4684 tuernout,
1712 4593 1784 4667 hoc
1805 4607 1860 4668 est
1881 4593 2070 4674 alimenta

462 4715 627 4813 qnalibet
645 4714 863 4802 necessaria,
887 4737 964 4786 non
984 4711 1189 4811 superflue?
1209 4715 1290 4784 Non
1305 4727 1359 4786 est
1373 4713 1492 4801 anun,
1515 4726 1554 4787 ut
1569 4711 1707 4790 dictum
1725 4729 1799 4804 est,
1823 4714 1923 4789 cibus
1943 4717 1981 4788 in
2003 4720 2070 4792 vi·

463 4838 535 4926 tio,
554 4835 617 4910 sed
635 4835 812 4932 appetitus
832 4862 841 4904 ε
864 4858 977 4932 quum
996 4830 1160 4906 videlicet
1175 4831 1261 4906 libet
1281 4831 1382 4930 quod
1400 4857 1474 4906 non
1493 4831 1603 4924 lieet,
1616 4849 1651 4909 et
1667 4835 1932 4933 concupiscitur
1949 4841 2071 4933 qarod

498 5067 505 5094 ⁴
520 5067 614 5126 flecte„
627 5082 682 5133 esp.
694 5083 718 5127 r,
730 5082 753 5115 v.
768 5068 818 5116 2et
828 5067 882 5115 4.»
894 5063 909 5094 '-
919 5064 1020 5116 tuctu.
1032 5065 1059 5123 l,
1069 5080 1125 5131 cap.
1136 5081 1161 5126 r,
1173 5081 1194 5113 r.
1208 5065 1239 5116 tt
1272 5091 1302 5102 ·-
1314 5063 1325 5090 ⁸
1338 5063 1447 5116 mmet.
1466 5065 1493 5122 l,
1512 5081 1566 5131 esp.
1588 5081 1634 5124 ru,
1656 5079 1679 5116 r.
1702 5065 1889 5128 ru.-·1bid.‚
1909 5083 1932 5118 r.
1958 5069 2003 5118 2⁷.
2025 5097 2069 5110 ι·-

462 5163 487 5204 et
502 5153 540 5202 15.
552 5177 584 5189 -
595 5151 605 5177 ⁸
617 5151 779 5218 spinarum,
793 5153 856 5214 opp,
868 5156 886 5202 t.
896 5149 940 5211 tu,
950 5151 998 5202 cal.
1012 5151 1092 5202 29oe
1103 5148 1239 5202 ‘inseritur
1272 5149 1375 5212 tuere,
1388 5165 1445 5216 cup.
1460 5163 1507 5212 ur,
1518 5166 1540 5202 r.
1552 5153 1577 5204 l.
1588 5150 1641 5197 φ·
1656 5151 1763 5207 cenati.
1780 5153 1870 5219 imp.
1880 5167 1927 5212 nr,
1941 5167 1966 5202 r.
1979 5155 2008 5204 t.
2033 5183 2074 5194 -

464 5242 546 5300 nuque
558 5240 649 5298 θοίνη,
660 5253 721 5299 quos
732 5241 857 5286 manantis
869 5240 976 5299 eor-poris
985 5237 1059 5299 saror
1070 5237 1152 5300 adepta
1167 5233 1237 5286 utto.
1273 5233 1350 5288 ’thu
1365 5250 1404 5296 ,r.
1419 5236 1450 5284 39
1464 5235 1538 5284 etto.
