4522 6102
897 691 1133 764 EPISTOLAE.
1743 695 1813 766 tt5

233 845 285 903 est
297 831 435 902 homini
449 833 511 928 qui
526 855 590 929 per
605 829 860 904 offendiculum
879 831 1082 904 manducat.
1099 838 1238 905 Bonum
1256 846 1308 904 est
1327 856 1402 903 non
1418 832 1635 906 manducare
1651 857 1810 926 carnem,

234 967 269 1024 et
282 975 356 1022 non
369 949 495 1044 hibere·
508 952 652 1042 vinum,
674 977 790 1049 neque
803 952 840 1022 in
859 976 932 1048 quo
947 951 1052 1024 frater
1063 966 1144 1024 tuus
1158 951 1377 1040 offendatur,
1393 969 1455 1024 aut
1465 953 1738 1044 scandalizetur,
1752 971 1813 1027 aut

234 1069 443 1142 infirmetur.
466 1073 545 1141 Non
568 1071 664 1142 enirn
682 1069 752 1142 hoc
770 1069 851 1142 loco
871 1070 943 1142 ulla
961 1069 1032 1142 cibi
1049 1073 1220 1142 comestio
1243 1070 1481 1162 interdicitur,
1499 1071 1563 1143 sed
1585 1074 1813 1145 comestionis

236 1185 401 1278 offensio,
419 1213 491 1285 qua
502 1188 665 1261 videlicet
678 1189 824 1286 quidam
838 1215 880 1261 ex
892 1190 1072 1298 conversis
1086 1190 1214 1262 Judaeis
1226 1189 1573 1280 scandalizabantur,
1591 1217 1705 1288 quum
1718 1192 1814 1264 vide·

237 1323 314 1379 rent
326 1331 368 1380 ea
388 1332 533 1406 quoque
551 1308 693 1380 comedi
711 1333 790 1405 quae
801 1308 858 1380 lex
870 1308 1109 1380 interdixerat.
1128 1309 1237 1397 Quod
1254 1308 1402 1405 quidem
1412 1309 1622 1382 scandalum
1632 1311 1814 1409 apostolus

235 1429 340 1500 etiam
359 1433 482 1500 Petrus
496 1427 643 1525 cupiens
660 1431 809 1517 evitare,
831 1425 982 1526 graviter
1001 1428 1143 1527 abipso
1161 1444 1215 1500 est
1233 1428 1457 1525 objurgatus,
1478 1443 1515 1500 et
1532 1427 1717 1501 salubriter
1734 1454 1812 1502 cor-

236 1562 363 1638 rectus,
380 1547 471 1620 siout
483 1549 632 1648 ipsemet
643 1548 772 1620 Paulus
784 1548 830 1620 ad
843 1549 984 1620 Galatas
998 1547 1156 1620 scribens
1168 1562 1427 1620 commemorat
1437 1553 1458 1619 ¹.
1476 1549 1548 1635 Qui
1560 1571 1682 1619 rursus
1693 1551 1814 1621 Corin·

236 1668 317 1738 thiis
337 1666 533 1739 scribens¹2
557 1673 679 1740 «Esca
699 1683 818 1740 autem
832 1693 899 1740 nos
913 1694 988 1741 non
1005 1669 1234 1740 commendat
1252 1673 1341 1742 Deo.
1358 1696 1376 1736 »
1397 1671 1441 1740 Et
1457 1671 1641 1742 rursum⁸:
1668 1672 1814 1742 «Omne

236 1787 335 1882 quod
347 1789 384 1858 in
399 1786 549 1859 macello
563 1790 659 1860 venit
670 1787 895 1874 manducate.
910 1816 927 1854 a
945 1817 963 1855 r
976 1789 1121 1860 Domini
1133 1802 1187 1860 est
1197 1803 1290 1860 terra
1305 1803 1340 1859 et
1352 1787 1547 1886 plenitudo·
1554 1788 1629 1883 ejus
1640 1789 1662 1858 ⁴.
1681 1815 1699 1853 »
1716 1791 1758 1858 Et
1768 1788 1815 1860 ad
1879 1873 1887 1884 ⁸

236 1905 503 1977 Colossenses⁶z
529 1911 676 1977 «Nemo
694 1930 779 2003 ergo
800 1929 864 1977 vos
885 1905 1021 2001 judicet
1038 1907 1076 1978 in
1093 1905 1175 1978 cibo
1194 1908 1308 1978 autin
1328 1920 1429 2004 potu.
1448 1934 1465 1974 v
1487 1910 1530 1977 Et
1547 1920 1629 2003 post
1645 1905 1784 2002 aliqua‘
1805 1933 1812 1975 ε

239 2054 255 2092 a
273 2025 310 2095 Si
327 2026 460 2096 mortui
479 2025 560 2096 estis
578 2049 662 2096 cum
680 2024 821 2097 Christo
839 2024 885 2096 ah
910 2024 1092 2098 elementis
1109 2026 1215 2122 hujus
1239 2025 1381 2116 mundi,
1402 2024 1490 2122 quid
1507 2025 1626 2097 adhuc
1647 2041 1816 2122 tanquam

237 2143 393 2214 viventes
411 2144 447 2214 in
467 2143 604 2214 mundo
616 2142 828 2217 decernitis?
843 2147 893 2215 Ne
906 2145 1086 2241 tetigeritis
1103 2169 1221 2241 neque
1238 2146 1475 2240 giutaveritis,
1492 2169 1609 2241 neque
1621 2160 1818 2216 contrecta-

236 2261 353 2333 verin's
366 2285 445 2358 quae
463 2277 546 2333 sunt
563 2263 684 2333 omnia
701 2264 738 2334 in
756 2264 937 2334 interitum
951 2265 1029 2362 ipso
1043 2289 1127 2352 usu,
1145 2262 1343 2336 secundum
1359 2279 1575 2362 praeceptum
1589 2280 1623 2335 et
1636 2243 1817 2336 doctrinas

235 2379 435 2452 hominum.
456 2409 474 2447 a
496 2381 678 2454 Elementa
691 2381 796 2477 hujus
815 2382 941 2474 mundi
959 2398 1064 2455 vocat
1080 2384 1195 2481 prima
1208 2382 1294 2480 legis
1312 2383 1514 2455 rudimenta
1526 2383 1725 2455 secundum
1743 2409 1818 2456 car·

235 2499 333 2572 nales
344 2498 602 2591 observantias,
623 2502 659 2572 in
673 2524 825 2597 quarum
839 2501 1003 2574 videlicet
1016 2502 1194 2592 doctrina,
1211 2503 1311 2599 quasi
1325 2503 1361 2574 in
1373 2502 1598 2575 addiscendis
1608 2501 1816 2574 litteralibus

235 2617 436 2709 clementis,
458 2620 576 2717 primo
595 2643 633 2692 se
651 2619 824 2709 mundus,
849 2620 888 2691 id
906 2636 959 2691 est
982 2621 1131 2692 carnalis
1148 2620 1266 2692 adhuc
1284 2619 1440 2719 populus
1462 2620 1659 2692 exercebat.
1682 2621 1735 2692 hb
1759 2621 1815 2693 his

236 2737 382 2834 quidem
404 2736 605 2828 elementis,
629 2739 733 2810 idest
750 2739 949 2812 carnalibus
967 2739 1201 2812 observantiis
1218 2756 1292 2812 tam
1310 2739 1440 2812 Christi
1458 2764 1567 2836 quam
1585 2741 1661 2830 sui,
1682 2743 1815 2811 mortui

236 2873 337 2948 sunt,
357 2883 470 2957 quum
481 2859 570 2930 nihil
584 2859 639 2930 his
652 2857 824 2949 debeant,
835 2861 909 2954 jam
922 2883 996 2938 nen
1011 2861 1047 2930 in
1063 2859 1282 2960 boemundo
1296 2861 1472 2955 viventes,
1489 2858 1559 2930 hoc
1571 2875 1624 2930 est
1637 2860 1729 2930 inter
1740 2884 1815 2931 car-

236 2977 332 3049 nales
350 2977 471 3076 figuris
488 2978 731 3069 intendentes,
752 2993 787 3051 et
800 2977 1050 3070 decernentes,
1067 2977 1172 3050 idest
1189 2979 1443 3075 distinguentes
1456 2977 1631 3075 quosdam
1648 2978 1748 3050 cibos
1758 2980 1815 3051 vel

236 3095 411 3191 quaslibet
434 3123 491 3170 res
508 3097 554 3169 ab
567 3098 659 3187 aliis,
681 3113 787 3195 atque
806 3099 854 3169 ita
877 3098 1034 3170 dicentes
1053 3130 1061 3168 ι
1083 3102 1134 3170 Ne
1153 3099 1331 3194 tetigeritis
1350 3097 1426 3169 haec
1441 3096 1498 3171 vel
1521 3097 1591 3168 illa.
1621 3101 1707 3183 Quae
1724 3097 1815 3169 soili-

236 3231 292 3287 cet
308 3231 419 3307 tacta,
434 3216 491 3289 vel
503 3231 656 3313 gustata,
676 3217 982 3306 velcontrect'ata,
1000 3217 1116 3314 inquit
1130 3216 1334 3315 Apostolus,
1350 3215 1481 3287 suntin
1496 3216 1677 3288 interitum
1688 3217 1815 3288 animae
1833 3199 1843 3212 ²

235 3335 314 3432 ipso
333 3360 399 3407 suo
414 3359 497 3425 usu,
515 3359 587 3432 quo
606 3335 769 3408 videlicet
787 3337 871 3434 ipsis
889 3336 936 3407 ad
953 3335 1109 3432 aliquam
1126 3337 1233 3406 etiam
1245 3337 1378 3432 utimur
1391 3335 1671 3407 humilitatem⁷:
1688 3359 1813 3418 secans

235 3456 346 3545 dum,
372 3456 538 3551 inquam,
565 3469 782 3553 preceptum
803 3470 837 3526 et
859 3454 1038 3526 doctrinas
1057 3454 1265 3545 hominum,
1292 3453 1330 3526 id
1352 3469 1405 3526 est
1423 3453 1618 3527 carnalium
1642 3470 1678 3526 et
1700 3454 1813 3552 legem

235 3578 422 3652 carnaliter
443 3578 732 3676 intelligentium,
751 3579 998 3676 potiusquam
1020 3576 1149 3649 Christi
1172 3578 1228 3650 vel
1248 3601 1407 3648 suorum.
1435 3579 1500 3648 Hic
1521 3578 1616 3648 enim
1638 3601 1751 3673 quum
1770 3577 1816 3649 ad
1941 3595 1945 3603 '

236 3697 501 3796 praedicandum
519 3699 616 3796 ipsos
643 3697 834 3770 destinaret
858 3696 1058 3795 apostolos,
1089 3696 1152 3767 ubi
1173 3698 1284 3793 magis
1300 3697 1367 3796 ipsi
1386 3696 1432 3768 ah
1454 3696 1622 3768 omnibus
1644 3695 1816 3767 scandalis

237 3816 499 3913 providendum
522 3830 614 3907 erat,
648 3815 811 3886 omnium
843 3831 961 3886 nmen
985 3813 1149 3886 ciborum
1175 3839 1276 3886 esum
1304 3817 1354 3886 eis
1380 3815 1428 3886 ita
1454 3814 1616 3903 indulsit,
1649 3827 1688 3884 ut
1718 3814 1815 3910 apud

237 3959 469 4031 quoscunque
489 3935 726 4032 suscipiantur
742 3933 918 4031 hospitio,
946 3934 994 4002 ita
1011 3933 1103 4003 sicut
1119 3931 1169 4002 illi
1189 3934 1365 4023 victitent,
1395 3932 1541 4005 edentes
1558 3932 1690 4003 scilicet
1707 3945 1743 4004 et
1759 3930 1814 4002 bi·

237 4053 361 4124 hentes
382 4077 461 4148 quae
482 4053 579 4151 apud
599 4052 677 4123 illos
694 4036 817 4123 sonti¹
834 4050 886 4122 hb
909 4051 977 4122 hac
998 4050 1158 4147 prolecto
1182 4049 1362 4122 dominica
1380 4074 1514 4146 suaque
1532 4049 1718 4148 disciplina
1735 4048 1814 4122 illos

238 4195 437 4243 recessuros
454 4172 530 4270 ipse
547 4171 621 4267 jam
639 4171 767 4242 Paulus
790 4193 855 4268 per
876 4170 1046 4267 Spiritum
1063 4167 1275 4267 providebat
1282 4197 1298 4258 ,·
1311 4167 1357 4241 de
1377 4168 1507 4266 quibus
1526 4168 1572 4240 ad
1589 4169 1815 4240 Timotheum

236 4289 357 4363 scribit
369 4289 512 4362 dicens·
528 4317 536 4360 ε
560 4320 577 4358 «
593 4291 744 4388 Spiritus
760 4304 879 4361 autem
895 4289 1077 4362 manifeste
1096 4288 1199 4378 dicit,
1222 4289 1305 4386 quia
1318 4289 1355 4359 in
1376 4288 1577 4360 novissimis
1594 4286 1815 4385 temporibus

179 4423 182 4428 ’
235 4408 421 4481 discedent
437 4407 584 4505 quidam
599 4406 721 4497 afide,
737 4408 959 4480 attendentes
971 4406 1150 4506 spiritibus
1163 4406 1311 4497 erroris,
1328 4419 1363 4486 et
1374 4405 1544 4478 doctrinis
1555 4404 1815 4476 daemoniorum

232 4530 274 4599 in
292 4528 472 4626 hypocrisi
490 4527 730 4625 loquentium,
757 4513 1007 4626 mendacium,
1032 4525 1301 4624 prohibentium
1321 4525 1475 4615 nubere,
1501 4523 1711 4614 abstinerea
1728 4521 1816 4591 cibis

230 4672 328 4744 quos
346 4653 443 4720 Deus
461 4649 593 4722 creavit
611 4646 658 4719 ad
675 4646 945 4744 percipiendum
958 4669 1042 4716 oum
1061 4647 1252 4743 gratiarum
1266 4647 1405 4718 actione
1418 4642 1604 4728 fidelibus,
1627 4637 1734 4710 ethis
1754 4641 1816 4735 qui

187 4804 194 4815 ·
227 4781 483 4863 cognoverunt
510 4769 712 4853 veritatem3
739 4767 967 4860 quia-omnis
990 4781 1153 4833 creatura
1175 4767 1241 4833 Dei
1260 4764 1380 4848 'bona,
1408 4773 1444 4831 et
1468 4755 1556 4829 nihil
1583 4757 1815 4852 rejiciendum

225 4885 433 4982 quodcum
454 4884 644 4981 gratiarum
663 4882 803 4954 actione
820 4880 1025 4979 percipitur.
1043 4877 1288 4951 Sanouficatur
1305 4878 1401 4950 enim
1420 4875 1510 4977 [per]
1529 4874 1679 4948 verbum
1697 4877 1763 4947 Dei
1780 4891 1817 4948 et

222 5133 233 5148 ·
270 5107 389 5164 ’Gutut.,
403 5119 459 5169 cap.
472 5101 1009 5168 ιω.11.-’ὒοήπιὴ.ῐ,οερ.νιιι,ν.ὓ.
1045 5100 1375 5150 ⁷Vttitatem.-Utttltatem
1394 5096 1815 5164 tta.Ant›.-·tar.‚cap.1‚

220 5185 1008 5254 -⁸cortara.l‚cap.x,r.at,as.-⁸Pratm.xxnr,v.t.
1044 5182 1593 5248 aadttmrtdmnpava.tetnq.

220 5272 402 5332 -⁸Golosa.,
424 5259 823 5338 cap.rr‚r.16.-⁸lhih.,v.
843 5269 1011 5334 2⁰etaq.-
