4522 6102
864 675 1101 750 Et’tstotAE.
1713 665 1782 744 l35

198 818 435 892 diaconissam
451 817 556 890 luisse
571 815 797 915 profitentur.
818 814 1071 890 Cassiodorusz
1091 809 1319 913 «Significat,
1332 843 1350 882 ιι
1366 813 1496 912 inquit,
1514 813 1781 888 «diaconissam

199 938 302 1008 luisse
323 936 446 1008 matris
465 936 628 1008 ecclesiae.
657 935 764 1023 Quod
786 937 822 1006 iu
848 934 1010 1033 pactibus
1031 938 1238 1008 Graecorum
1259 935 1369 1008 hodie
1394 960 1507 1032 usque
1531 936 1632 1031 quasi
1651 935 1783 1008 militiae

197 1079 302 1128 causa
322 1055 513 1153 peragitur.
531 1053 670 1142 Quibus
685 1069 721 1128 et
733 1053 938 1153 baptizandi
955 1077 1040 1127 usus
1057 1054 1094 1128 iu
1115 1053 1261 1128 ecclesia
1276 1078 1350 1128 nou
1367 1070 1526 1152 negatur.
1544 1081 1562 1122 ιι
1575 1052 1779 1128 claudius:

200 1205 219 1244 ιι
231 1176 296 1248 llic
312 1175 430 1264 locus,
445 1203 463 1243 ιι
484 1175 617 1272 inquit,
641 1203 660 1242 u
672 1175 867 1272 apostolica
880 1175 1088 1248 auctoritate
1109 1174 1216 1248 docet
1238 1176 1344 1248 etiarn
1364 1175 1513 1248 feminas
1529 1175 1565 1247 in
1585 1176 1781 1251 ntiuisterio

197 1295 352 1366 ecclesiae
365 1295 550 1385 constitui,
572 1297 608 1368 in
625 1319 698 1393 quo
718 1294 836 1368 officio
853 1295 1007 1394 positam
1023 1291 1179 1366 Phoeben
1193 1295 1292 1393 apud
1304 1295 1506 1385 ecclesiam,
1529 1317 1608 1390 quae
1625 1311 1676 1368 est
1693 1299 1783 1368 Cen-

196 1418 309 1506 cltris,
337 1417 526 1516 Apostolus
555 1441 683 1513 magna
709 1441 793 1489 cum
816 1415 922 1490 laude
945 1429 981 1488 et
1008 1415 1320 1488 commendatione
1347 1415 1625 1516 prosequitur.»
1653 1415 1783 1504 Quales

197 1538 303 1610 emm
325 1539 401 1636 ipse
419 1536 464 1609 ad
482 1536 707 1610 Timotheum
726 1536 885 1608 scribens
905 1536 998 1610 inter
1014 1535 1111 1634 ipsos
1132 1535 1302 1632 colligens
1322 1537 1494 1608 diaconos
1513 1533 1618 1608 simili
1640 1561 1783 1608 morum

196 1657 429 1730 instructione
449 1659 558 1731 vitam
578 1682 702 1730 earum
721 1658 882 1731 instituit.
916 1655 970 1730 lbi
992 1657 1125 1756 quippe
1148 1657 1466 1730 ecclesiasticorum
1492 1658 1785 1732 ministeriorum·

196 1776 368 1850 ordinans
378 1776 524 1874 gradus,
545 1801 658 1875 quum
671 1777 717 1850 ab
731 1779 900 1876 episcopo
914 1775 961 1850 sd
976 1774 1149 1850 diaconos
1167 1775 1406 1850 descendisset
1424 1803 1432 1846 ε
1450 1777 1676 1866 «Diaconos,
1690 1805 1708 1844 ιι
1729 1779 1783 1850 in·

196 1897 298 1993 quit',
323 1898 513 1970 «similiter
536 1897 705 1996 pudicos,
730 1921 804 1970 non
825 1896 1019 1994 bilingues,
1043 1922 1118 1968 oon
1148 1897 1262 1970 multo
1288 1897 1374 1968 vino
1394 1894 1554 1985 deditos,
1581 1919 1655 1968 non
1680 1909 1784 1994 turpe

195 2014 335 2093 lucrum
353 2031 544 2107 sectantes,
555 2016 728 2090 habentes
747 2017 955 2114 mysterium
969 2015 1053 2088 fidei
1066 2015 1330 2088 inconscientia
1341 2040 1442 2112 pura.
1460 2043 1478 2081 ιι
1495 2019 1558 2087 llt:
1575 2043 1593 2084 u
1606 2015 1651 2086 Hi
1664 2030 1783 2088 autem

195 2136 394 2234 probentur
402 2137 559 2235 primum
580 2151 616 2210 et
632 2139 682 2208 sic
700 2137 921 2226 ministrent,
940 2136 1080 2209 nullum
1098 2137 1234 2208 crimen
1250 2134 1435 2210 babentes.
1448 2135 1612 2208 Mulieres
1625 2134 1785 2206 similiter

195 2257 343 2353 pudicas
360 2281 456 2346 esse,
479 2281 554 2328 non
571 2255 816 2346 detrahentes,
838 2256 994 2346 sobrias,
1017 2255 1139 2330 fideles
1154 2258 1191 2328 in
1209 2255 1391 2330 omnibus.
1406 2257 1582 2328 Diacones
1596 2256 1666 2328 siut
1678 2257 1784 2328 unius

196 2377 316 2448 uxoris
328 2376 414 2467 viri,
434 2378 497 2473 qui
514 2375 593 2448 filiis
606 2377 677 2449 suis
689 2376 782 2448 bene
796 2376 960 2476 praesint,
977 2391 1012 2448 et
1023 2377 1095 2448 suis
1111 2375 1291 2448 domibus.
1306 2377 1378 2464 Qui
1389 2378 1486 2450 enim
1500 2375 1593 2448 bene
1608 2377 1784 2448 ministra·

196 2495 327 2583 verint,
350 2494 501 2592 gradum
519 2493 657 2566 bonum
679 2493 746 2566 sibi
768 2495 972 2592 acquirent,
998 2509 1034 2566 et
1055 2495 1203 2568 multam
1226 2493 1394 2568 fiduciam
1415 2496 1452 2566 in
1471 2494 1559 2586 fide,
1580 2519 1659 2594 quae
1676 2510 1730 2568 est
1746 2497 1783 2570 in

193 2613 335 2686 Christo
353 2618 448 2686 lesu.
466 2641 484 2680 ιι
506 2613 615 2702 Quod
637 2615 754 2712 itaque
773 2613 887 2686 ibide
905 2614 1116 2688 diaconibus
1138 2615 1245 2706 dixit,
1273 2644 1292 2686 u
1307 2639 1382 2688 non
1395 2615 1593 2713 bilingues:
1612 2643 1629 2683 ιι
1649 2616 1721 2688 hoc
1738 2616 1784 2688 de

192 2733 400 2806 diaconissis
418 2734 523 2824 dicit,
541 2763 560 2802 ιι
579 2757 655 2806 non
677 2733 916 2806 detrahentes.
932 2761 951 2802 ιι
965 2735 1072 2822 Quod
1087 2734 1137 2807 ibi
1152 2765 1170 2804 u
1183 2759 1258 2806 non
1270 2734 1384 2806 multo
1403 2737 1489 2809 vino
1507 2733 1668 2826 deditos,
1686 2763 1704 2802 ιι
1724 2735 1783 2809 hic

192 2853 279 2927 dicit
290 2885 308 2923 u
317 2854 491 2926 sobrias.»
501 2857 740 2944 caetersvem,
750 2879 828 2952 quae
839 2853 1107 2951 ibisequuntur,
1118 2853 1621 2953 bicbrevitercompreheudit
1629 2853 1780 2942 dicens⁸,

195 3003 212 3040 ιι
225 2971 351 3046 fideles
372 2974 407 3045 in
427 2973 608 3045 omuibus.
622 2999 640 3038 ιι
668 2974 739 3059 Qui
762 2973 869 3045 etiam
890 2973 980 3045 sicut
1000 2974 1188 3071 episcopos
1219 2973 1292 3045 sive
1317 2971 1490 3044 diaconos
1517 2996 1593 3046 esse
1615 2971 1782 3069 prohibet

192 3092 383 3189 digamos',
406 3093 454 3164 ita
473 3106 509 3164 et
527 3092 743 3164 diaconissas
761 3091 867 3164 unius
884 3092 951 3164 viri
965 3116 1094 3164 uxores
1115 3092 1264 3164 instituit
1278 3115 1371 3180 esse,
1391 3105 1431 3162 ut
1440 3091 1515 3187 jam
1535 3117 1643 3189 supra
1658 3095 1783 3164 merni-

191 3211 335 3282 nimus:
360 3211 522 3300 «Vidua,
542 3239 560 3278 »
576 3211 717 3308 inquit⁸,
742 3239 760 3278 u
772 3209 921 3306 eligatur
938 3234 1013 3282 nou
1033 3211 1152 3282 minus
1165 3209 1345 3307 sexaginta
1357 3233 1556 3301 annorum,
1580 3235 1659 3309 quae
1680 3212 1785 3284 fuerit

189 3333 298 3402 unius
310 3331 376 3401 viri
390 3354 494 3420 uxor,
510 3332 547 3401 in
559 3328 729 3427 operibus
740 3328 845 3400 bonis
858 3328 1100 3400 testimonium
1111 3327 1266 3419 habens,
1281 3330 1311 3400 si
1324 3327 1606 3423 filioseducavit,
1622 3331 1651 3403 si
1664 3329 1785 3428 hospi·

189 3451 241 3520 tio
260 3450 412 3547 recepit,
430 3451 459 3520 si
476 3462 682 3520 sanctorum
695 3448 805 3546 pedes
819 3447 923 3538 lavit,
938 3448 966 3520 si
981 3447 1248 3520 tribulationem
1258 3447 1473 3548 patientibus
1484 3448 1780 3540 subministravit,

185 3570 221 3640 si
238 3593 349 3642 omne
371 3593 462 3669 opus
481 3569 621 3641 bonum
639 3567 826 3640 subsecuta
847 3583 911 3639 est.
932 3567 1240 3642 Adolescentiores
1265 3583 1384 3642 autem
1403 3569 1529 3642 viduas
1549 3571 1679 3644 devita.
1699 3600 1717 3639 ιι
1742 3575 1783 3644 Ιιι

183 3715 261 3786 qua
280 3689 427 3788 quidem
446 3689 726 3762 diaconissarum
744 3687 983 3786 descriptione
1001 3687 1059 3759 vel
1071 3689 1321 3780 instructione,
1342 3713 1452 3787 quam
1465 3689 1667 3788 diligentior
1680 3691 1785 3764 luerit

181 3806 381 3906 Apostolus
394 3831 502 3904 quam
518 3808 556 3878 in
569 3806 758 3905 premissis
769 3821 842 3878 tam
856 3807 1108 3904 episcoporum
1120 3829 1231 3902 quam
1241 3808 1485 3880 Diaconorum
1504 3809 1784 3884 institutionibus

179 3927 291 4000 facile
305 3943 360 4002 est
373 3929 563 4024 assignare.
584 3927 725 4025 Quippe
744 3926 843 4023 quod
860 3928 926 4016 ait,
947 3953 964 3992 u
975 3925 1013 3996 in
1026 3923 1196 4022 operibus
1212 3924 1319 3998 bonis
1332 3929 1576 4000 testimonium
1593 3929 1748 4022 habens,
1765 3962 1782 4000 ιι

178 4049 264 4138 vel,
287 4051 351 4120 «si
371 4049 527 4148 hospitio
545 4050 696 4148 recepit,
716 4077 734 4116 ιι
761 4071 987 4144 nequaquam
1011 4048 1049 4120 in
1074 4046 1284 4120 diaconibus
1306 4051 1529 4122 memoravit.
1568 4051 1783 4138 Quodvero

173 4169 340 4264 adjecit,
371 4169 432 4239 usi
459 4182 663 4242 sanctorum
689 4166 801 4267 pedes
821 4167 927 4256 lavit,
956 4166 986 4238 si
1008 4164 1289 4256 tribulationem,
1310 4181 1395 4256 etc,
1413 4195 1431 4236 ιι
1452 4183 1526 4240 tam
1549 4169 1586 4242 in
1609 4173 1784 4270 episcopis

172 4313 299 4386 quarn
322 4290 359 4362 in
385 4288 544 4362 diacoms
566 4289 711 4360 taciturn
736 4301 799 4358 est.
823 4290 867 4358 Et
884 4287 1071 4384 episcopos
1089 4283 1234 4384 quidem
1256 4301 1292 4358 et
1314 4284 1487 4360 diaconos
1505 4288 1590 4361 dicit
1611 4289 1780 4362 «nullum

169 4411 327 4482 crimen
346 4407 529 4482 habentes.
543 4435 562 4475 ιι
579 4413 664 4478 lstas
684 4430 771 4479 vero
788 4430 862 4477 non
883 4405 1001 4478 solum
1023 4405 1348 4504 irreprehensibiles
1361 4431 1440 4479 esse
1451 4409 1628 4506 praecipit,
1657 4433 1781 4482 versun

167 4531 297 4602 etiarn
305 4559 322 4596 ιι
333 4552 540 4626 omneopus
551 4527 689 4598 bonum
697 4525 926 4598 subsecutas»
936 4525 1152 4598 dicit.Caute
1161 4525 1321 4598 etiamde
1329 4527 1530 4608 maturitate
1539 4528 1648 4600 aetatis
1657 4551 1780 4600 aarum

166 4649 365 4750 providit,
389 4664 429 4721 ut
447 4650 484 4719 in
508 4647 676 4720 omnibus
693 4646 940 4719 auctoritatem
957 4644 1132 4736 babeant,
1153 4643 1300 4718 dicens:
1331 4673 1350 4714 ιι
1368 4670 1442 4717 non
1462 4647 1581 4718 minus
1600 4649 1779 4745 sexaginta

71 4833 80 4846 .
162 4794 387 4860 annorum,
401 4797 418 4836 u
433 4783 469 4840 et
481 4791 555 4840 non
570 4767 779 4840 solumvitae
796 4789 940 4855 earum,
958 4790 1084 4840 verum
1098 4767 1202 4838 etiam
1222 4767 1315 4839 aetati
1333 4765 1497 4864 longaevae
1511 4769 1547 4839 in
1563 4767 1682 4842 multis
1695 4793 1778 4866 pro·
1891 4819 1895 4826 -

200 5039 210 5064 ¹
235 5037 332 5087 Loca
352 5033 399 5083 iste
419 5032 507 5096 legitur
527 5032 551 5081 io
575 5029 749 5081 commentario
771 5030 878 5080 nondum
902 5028 968 5080 edito
1001 5044 1025 5094 p.
1040 5025 1313 5080 asa-'stuturorum
1322 5029 1484 5080 tts.tmb.-
1496 5031 1506 5058 ⁸
1520 5033 1622 5084 Tinctis.
1633 5035 1660 5094 l,
1671 5049 1727 5099 cap.
1739 5051 1775 5094 ru,

160 5119 300 5178 Claudii,
324 5117 467 5167 lacrimosis
486 5115 610 5182 episcopi,
621 5129 695 5180 super
713 5113 816 5179 epistola
830 5117 864 5164 cd
875 5115 968 5164 Itoma-
1001 5129 1025 5162 ιι.
1036 5116 1050 5163 8
1072 5141 1102 5150 -
1111 5112 1122 5139 ⁴
1131 5112 1172 5162 Sic
1181 5113 1209 5163 Ι).
1221 5138 1239 5150 -
1247 5115 1334 5164 Dicens
1345 5113 1448 5164 deestis
1460 5115 1524 5167 Edd.
1534 5142 1567 5154 -
1577 5116 1588 5144 ⁸
1599 5118 1713 5183 bigamos
1724 5117 1772 5166 llS.

158 5226 221 5258 ιω.
242 5201 319 5254 vid.
334 5201 395 5252 Cud.
413 5201 504 5265 reginus
520 5200 692 5266 parisiensem,
713 5199 792 5256 test,
807 5197 850 5249 lol.
865 5197 968 5257 st.1t⁰.
1004 5197 1074 5250 stult.
1084 5197 1128 5233 -⁸
1144 5196 1246 5248 Timotb.
1259 5199 1277 5258 l,
1289 5213 1345 5264 esp.
1360 5215 1385 5258 r,
1398 5215 1420 5250 ι.
1434 5203 1485 5250 llet
1495 5217 1531 5267 sq.

158 5294 213 5342 rul.
243 5296 282 5348 1;
306 5296 334 5338 ct
350 5285 501 5345 Fabricium,
521 5285 583 5334 ttttt.
605 5285 668 5333 med.
683 5293 706 5332 et
723 5284 768 5346 itis.
788 5283 879 5340 lotia„
900 5293 919 5332 t.
942 5281 965 5340 l,
1410 5309 1413 5316 ·
