4590 6106
506 625 554 700 st
1045 621 1241 696 annsAE
1265 619 1542 710 QUlillGE'l'le

505 768 635 824 inebriati
654 764 727 822 nihil
745 762 821 820 alind
837 771 961 837 quaerant
975 761 1028 816 nisi
1046 759 1159 817 laudate
1172 777 1274 817 nomen
1287 762 1417 832 Domini,
1432 773 1543 818 cantare
1555 763 1581 818 ei
1593 763 1733 818 canticum
1754 775 1892 819 noram.»
1906 763 1963 824 Nec
1975 771 2091 829 omnino

505 859 575 916 male
588 861 650 916 loco
660 859 726 914 huic
738 855 883 912 convenire
894 853 1014 924 videtur,
1026 854 1103 929 quod
1112 863 1210 909 auctor
1220 853 1346 910 chronici
1357 853 1547 912 lemovicensis
1557 855 1643 912 refert
1656 855 1691 911 ad
1705 875 1809 913 annum
1822 861 1907 916 ttso:
1920 883 1934 911 a
1943 861 2002 918 Sub
2013 865 2067 936 his,
2075 890 2088 916 a

504 954 607 1027 inquit,
622 948 825 1023 «temporibus,
835 947 905 1004 ordo
917 948 1069 1003 canonicus
1078 945 1389 1021 premonstratensium,
1403 959 1431 1006 et
1445 952 1613 1006 monasticus
1624 951 1844 1008 cisterciensium
1855 956 1934 1028 quasi
1945 954 2006 1012 dnn
2015 956 2090 1012 olivae

505 1048 534 1100 in
548 1053 698 1116 conspectu
709 1041 761 1096 Dei
774 1041 885 1114 pietatis
897 1039 995 1096 lumen
1007 1050 1037 1095 et
1049 1039 1205 1097 deuotionis
1217 1040 1418 1114 pinguedinem
1431 1043 1538 1098 mundo
1553 1043 1761 1114 ministrabant,
1773 1055 1804 1102 et
1812 1048 1892 1119 quasi
1908 1048 1976 1104 vitea
1989 1049 2090 1106 fructi-

503 1137 567 1190 fere
579 1135 723 1208 religionis
733 1131 862 1207 paluaites
875 1135 1093 1208 circumquaque
1105 1133 1311 1206 propagabant,
1324 1143 1353 1189 et
1366 1152 1415 1207 per
1427 1151 1523 1190 omnes
1543 1134 1600 1190 fere
1618 1135 1763 1191 christiani
1778 1136 1853 1192 orbis
1866 1140 2000 1195 terminos
2013 1141 2090 1197 bonas

502 1229 642 1303 opinionis
653 1227 787 1300 paulatim
804 1225 891 1281 odore
903 1224 1004 1280 diffuso
1017 1241 1101 1280 novas
1114 1225 1254 1289 abbatias,
1268 1225 1317 1280 uhi
1330 1237 1410 1282 antea
1422 1226 1513 1282 cultus
1525 1227 1576 1282 Dei
1591 1245 1648 1281 nou
1660 1228 1766 1295 literat,
1780 1231 1989 1288 construebant.
2005 1233 2090 1290 Unde

502 1334 531 1378 et
543 1323 573 1376 in
586 1321 694 1392 Syriam
706 1330 735 1374 ct
746 1317 913 1374 Palestinam
929 1317 964 1372 de
977 1328 1097 1392 utroque
1109 1317 1210 1372 ordine
1223 1317 1323 1372 fratres
1339 1319 1414 1374 missi
1433 1317 1581 1374 nonnullas
1595 1318 1719 1376 abbatias
1731 1321 1943 1380 aedificaverunt.
1965 1325 2087 1401 Eratque

503 1417 619 1469 circaea
631 1423 757 1484 tempora
769 1410 885 1484 pulchra
893 1430 925 1464 ac
934 1409 1033 1466 decora
1044 1410 1125 1466 facies
1136 1409 1256 1466 ecelesia
1268 1409 1441 1466 diversorum
1454 1411 1586 1466 ordinum
1600 1430 1631 1466 ac
1642 1413 1846 1484 professionum
1859 1415 2031 1472 circumdata
2041 1437 2089 1474 va-

503 1510 614 1575 rietate,
631 1506 700 1560 dum
716 1505 784 1560 hinc
804 1497 1088 1577 premonstratenses,
1107 1501 1173 1558 inde
1191 1503 1379 1560 cistercienses
1400 1505 1543 1572 monachi,
1564 1504 1631 1560 inde
1651 1505 1736 1563 etiam
1756 1505 1857 1562 diversi
1880 1507 1991 1566 babitus
2005 1521 2089 1586 atque

503 1596 911 1672 professionissanctimouialea
923 1607 952 1650 et
965 1595 1094 1652 mulieres
1106 1595 1165 1650 Deo
1175 1595 1278 1650 devota
1291 1596 1320 1650 in
1331 1597 1503 1652 coutinentia
1514 1607 1598 1672 atque
1609 1609 1771 1671 paupertate
1784 1599 1837 1654 sub
1848 1599 2011 1656 obedientia
2018 1603 2089 1675 jugo

502 1691 669 1766 regulariter
687 1692 827 1756 viventes,
844 1689 952 1744 fervore
965 1687 1109 1762 religionis
1121 1705 1149 1742 se
1162 1687 1280 1742 invicem
1295 1700 1489 1760 provocarent,
1503 1701 1532 1746 et
1545 1707 1614 1746 nora
1627 1692 1755 1746 certatim
1768 1691 1884 1748 diversis
1896 1694 1925 1747 in
1938 1693 2006 1750 locis
2027 1713 2087 1752 mo-

501 1786 620 1840 nasteria
638 1783 824 1838 fundarent.»
842 1782 961 1855 Utrique
975 1792 1066 1836 tamen
1081 1780 1121 1835 illi
1135 1779 1256 1834 duorum
1270 1780 1408 1852 ejusmodi
1426 1782 1558 1837 ordinum
1575 1793 1773 1856 propagatores
1792 1783 1865 1840 fellis
1883 1797 1912 1840 et
1930 1789 2088 1844 acrimonia

500 1879 575 1952 pleni
589 1877 703 1932 fuerunt
715 1877 745 1930 in
757 1873 929 1930 abaelardum
943 1885 1085 1942 nostrum,
1100 1884 1131 1928 ut
1145 1872 1186 1929 vel
1199 1891 1232 1928 ex
1243 1874 1308 1932 solis
1318 1873 1424 1947 aliquot
1435 1875 1560 1948 epistolis
1572 1876 1661 1950 liquet
1670 1895 1739 1950 quas
1751 1877 1909 1932 Beruardus
1923 1877 2090 1936 Innocentio

504 1969 628 2044 pontifici
642 1986 757 2024 romano
770 1978 798 2024 et
809 1966 996 2022 cardinalibus
1010 1966 1141 2022 adversus
1156 1985 1221 2022 eum
1236 1965 1354 2039 scripsit.

1112 2131 1185 2187 Nota
1204 2131 1341 2199 XLVIII,
1362 2151 1424 2204 pag.
1445 2135 1490 2190 29.

536 2265 611 2318 Erat
623 2267 653 2318 in
665 2263 817 2318 Britannia
829 2265 979 2318 minore...
992 2262 1109 2317 ablrmia
1121 2263 1251 2335 quaedam
1265 2264 1364 2345 Seresti
1375 2262 1497 2318 Gildasir'
1507 2263 1682 2318 1111110111.-
1690 2261 1809 2318 Α111111111
1821 2263 1878 2318 bate
1887 2265 2013 2319 omnium
2023 2265 2087 2320 Bri-

500 2357 600 2411 110010
619 2353 793 2410 abbatiarum
812 2354 1012 2428 antiquissima.
1027 2355 1098 2407 Nam
1116 2365 1226 2408 sanctus
1246 2356 1305 2424 ipse
1318 2353 1477 2421 Gildasius,
1494 2355 1549 2408 sive
1567 2352 1683 2421 Gildas,
1700 2365 1888 2427 cognomento
1908 2355 2038 2430 Sapiens,
2057 2360 2086 2412 in

500 2451 605 2522 majore
617 2449 759 2503 Britannia
772 2458 871 2513 natus,
887 2447 962 2502 illius
974 2445 1065 2518 prima
1077 2445 1258 2500 fundamenta
1266 2447 1336 2517 jecit
1347 2457 1474 2520 tempore
1486 2445 1641 2504 Childerici
1657 2449 1731 2520 regis
1744 2447 1867 2503 blerorei
1883 2449 1943 2504 filii.
1955 2451 2038 2520 Quod
2052 2469 2086 2506 ne

500 2544 592 2597 minus
606 2540 791 2615 probabiliter
800 2539 903 2594 dixisse
914 2537 1018 2606 videar,
1034 2537 1186 2611 producam
1199 2540 1393 2594 testimonium
1406 2541 1529 2595 auctoris
1540 2541 1689 2612 anonymi,
1703 2539 1752 2596 sed
1766 2543 1866 2596 veteris
1878 2561 1911 2596 ac
1922 2543 1976 2598 lide
1989 2543 2084 2617 digni,

499 2637 548 2709 qui
566 2635 662 2694 Vitam
677 2653 709 2690 ac
721 2652 765 2689 res
781 2643 869 2706 gestas
883 2633 970 2687 sancti
982 2630 1073 2687 Gilda
1086 2632 1213 2704 scripsit:
1229 2655 1242 2682 a
1256 2632 1351 2702 Quum
1366 2633 1416 2687 llei
1427 2632 1521 2704 jussu,
1533 2656 1546 2683 a
1560 2633 1667 2707 inquit,
1682 2655 1696 2682 a
1706 2633 1876 2706 pervenisset
1885 2634 1985 2690 Gildas
1995 2638 2026 2690 in
2037 2639 2087 2692 Ar·

500 2729 633 2784 maricam
645 2726 788 2802 qnondam
797 2725 895 2783 Galliae
909 2726 1053 2798 regionem
1066 2726 1148 2796 (tnnc
1157 2734 1249 2780 autern
1262 2743 1277 2779 a
1289 2725 1447 2796 Britannis,
1463 2726 1592 2799 aquibus
1604 2725 1808 2799 possidebatur,
1819 2725 1962 2782 Britannia
1974 2726 2086 2784 diceba-

499 2821 571 2893 tur),
588 2821 623 2874 ab
634 2820 675 2874 eis
689 2819 844 2874 honorifice
856 2829 959 2872 etcum
974 2816 1076 2891 gaudio
1090 2835 1192 2890 magno
1204 2828 1349 2891 susceptns
1360 2828 1411 2874 est.
1426 2841 1439 2868 a
1454 2818 1489 2872 Bt
1501 2817 1659 2892 paulopost
1671 2841 1676 2871 :
1690 2841 1702 2868 1
1714 2818 1840 2877 Veniens
1850 2819 1943 2892 itaque
1952 2818 1987 2872 ad
1998 2820 2088 2892 quod-

498 2912 562 2966 dam
580 2920 702 2966 castrnm
716 2912 746 2964 iu
759 2919 854 2965 monte
870 2909 1015 2981 Reuvysii,
1029 2910 1058 2964 in
1071 2919 1220 2982 prospectu
1240 2910 1325 2965 maris
1341 2911 1442 2977 situm,
1461 2909 1500 2965 ibi
1513 2911 1631 2984 potioris
1644 2910 1752 2965 fabrice
1769 2911 1924 2964 construxit
1943 2924 2086 2966 monaste-

498 3005 589 3068 rium,
604 3013 688 3076 atque
702 3003 733 3056 in
749 3019 782 3056 co
798 3000 918 3055 claustra
937 3000 1096 3055 coenobitali
1117 3002 1175 3056 1110
1194 3000 1321 3075 perfecit.
1335 3023 1348 3051 1
1361 3002 1489 3078 Itemque
1507 3020 1603 3056 rursus
1621 3027 1627 3056 :
1645 3025 1658 3052 a
1670 3002 1796 3057 Positum
1816 3011 1858 3057 est
1875 3010 1969 3056 antem
1984 3020 2087 3076 corpus

498 3097 585 3151 sancti
597 3095 648 3150 viri
663 3095 692 3148 iu
703 3092 818 3148 ecclesia
834 3111 918 3167 qnam
937 3093 996 3166 ipse
1011 3095 1041 3146 in
1056 3093 1173 3167 antiqno
1186 3103 1276 3148 castro
1293 3093 1388 3149 Reusii
1402 3105 1605 3150 construxerat.
1619 3095 1676 3151 Ubi
1692 3113 1742 3168 per
1759 3094 1849 3150 multa
1866 3112 2004 3150 annorum
2020 3115 2084 3150 cur-

497 3187 585 3242 ricula
598 3185 767 3253 serrabatur,
783 3195 811 3238 et
824 3183 859 3238 ab
873 3185 1002 3238 universa
1015 3183 1215 3239 Britannorum
1230 3196 1312 3257 gente
1330 3185 1526 3241 venerabiliter
1546 3185 1699 3253 colebatur,
1718 3186 1852 3260 qnoniam
1868 3187 2085 3244 innumerabiles

498 3281 538 3333 ibi
553 3278 656 3334 fiebant
669 3279 795 3332 virtutes.
809 3300 822 3327 n
837 3275 921 3332 Unde
933 3287 1009 3351 patet
1021 3286 1049 3331 et
1062 3295 1113 3330 cur
1125 3277 1282 3332 coenobium
1302 3277 1372 3332 illud
1382 3279 1477 3334 Sancti
1491 3279 1582 3336 Gilda
1593 3280 1723 3336 liniensis
1734 3297 1836 3336 nomen
1849 3279 2013 3336 obtinuerit.
2026 3282 2084 3337 Ve-

499 3389 562 3427 rum
578 3380 671 3443 postea
682 3367 762 3422 bellis
776 3369 804 3421 10
817 3367 959 3422 Britannia
979 3369 1253 3442 supervenientibus,
1275 3369 1478 3445 interfectoque
1496 3370 1648 3428 crudeliter
1664 3373 1699 3427 ab
1714 3372 1808 3444 impiis
1831 3371 1963 3445 religioso
1984 3374 2085 3428 comite

501 3469 646 3521 Britonnm
665 3463 831 3530 Salomone,
847 3480 904 3518 uon
920 3461 1004 3518 modo
1019 3463 1096 3517 locus
1109 3463 1167 3534 ipse
1181 3465 1308 3536 penitus,
1322 3481 1387 3518 cum
1410 3464 1480 3534 alio,
1498 3467 1611 3522 nomine
1629 3465 1838 3546 Locltmenech,
1859 3465 1986 3524 desertus
2003 3478 2085 3541 atque

499 3559 656 3614 destructus
675 3568 731 3623 est,
750 3557 798 3611 sed
814 3556 898 3610 etiam
916 3556 1085 3610 habitatores
1099 3573 1196 3610 eorum
1210 3558 1337 3629 regiones
1353 3557 1454 3612 alienas
1466 3569 1561 3630 petere
1575 3559 1711 3631 compulsi
1731 3570 1810 3628 sunt,
1824 3579 1855 3615 ac
1869 3577 1952 3614 notas
1965 3561 1994 3614 in
2007 3559 2085 3615 bitu-

501 3654 599 3712 ricensi
616 3669 687 3724 pago
704 3649 781 3704 sedes
799 3649 952 3722 eligentes,
973 3667 1067 3704 secum
1082 3666 1183 3720 corpus
1201 3651 1355 3721 pretiosum
1373 3653 1459 3708 sancti
1477 3651 1568 3710 Gttdae
1584 3652 1764 3724 detulerunt,
1778 3663 1808 3708 et
1820 3653 1848 3707 10
1867 3651 1973 3709 dolensi
1990 3671 2086 3708 mona·

501 3749 586 3800 sterio
598 3752 767 3817 posuerunt,
783 3742 831 3798 ubi
850 3743 988 3798 bituricus
1005 3742 1134 3814 princeps
1148 3742 1226 3796 Ebbo
1240 3743 1399 3816 benigniter
1411 3763 1457 3800 eos
1479 3748 1616 3819 suscepit,
1636 3745 1710 3819 quod
1732 3745 1835 3811 diserte
1852 3747 2034 3801 confirmatur
2051 3747 2086 3801 ab

501 3852 614 3894 anctore
634 3838 759 3896 chronici
780 3836 984 3906 lemovicensis,
1007 3837 1035 3888 in
1058 3835 1114 3888 base
1136 3835 1326 3890 verba:‹1Per
1345 3837 1418 3892 idern
1441 3849 1571 3911 tempus,
1587 3863 1600 3888 a
1618 3840 1727 3913 inquit,
1751 3857 1851 3911 nempe
1870 3857 1961 3894 tersus
1978 3857 2085 3892 aunum

500 3934 607 3990 Christi
619 3933 684 3998 907,
701 3933 755 3988 cin
770 3929 914 3982 Bithurica
927 3929 957 3982 in
972 3938 1061 3984 castro
1074 3927 1180 3984 dolensi
1193 3929 1342 3985 fundatum
1355 3941 1399 3986 est
1411 3932 1568 3988 coenobium
1582 3933 1675 3988 nobile
1687 3931 1764 4006 quod
1776 3932 1896 3988 Dolense
1907 3941 2030 3998 vocatur,
2050 3932 2086 3986 ab

391 4049 394 4057 s
502 4024 615 4079 Ebbone
628 4024 687 4076 viro
700 4020 800 4075 illustri
813 4021 928 4074 domino
939 4019 1063 4092 predicti
1077 4022 1170 4076 castri.
1184 4022 1237 4075 ilic
1249 4021 1365 4078 devotus
1374 4024 1416 4076 vir
1424 4035 1487 4096 post
1499 4024 1643 4098 paululum
1653 4044 1668 4078 a
1680 4025 1820 4080 Britannia
1830 4023 1923 4096 plures
1933 4023 2085 4078 monachos

500 4118 639 4190 fugientes
651 4132 716 4168 cum
730 4112 996 4168 multissauctorum
1016 4111 1142 4186 reliquiis
1159 4113 1288 4186 religiose
1309 4116 1444 4187 suscepit,
1460 4117 1507 4190 qui
1523 4117 1748 4172 Normannorum
1769 4115 1873 4170 rabiem
1894 4117 1993 4170 mortis
2006 4127 2085 4171 metu

500 4218 651 4264 evaserant.
663 4208 700 4262 ttt
711 4223 812 4288 corpus
823 4205 896 4260 beati
907 4203 1027 4261 Gildasii
1039 4205 1145 4260 abbatia
1158 4191 1195 4259 ad
1206 4205 1319 4262 dolense
1328 4207 1485 4262 arenchium
1495 4207 1667 4266 detulerunt.
1678 4209 1731 4264 Cui
1743 4209 1794 4263 Dei
1806 4207 1908 4263 electus
1918 4206 1994 4264 idern
2004 4208 2085 4264 Ebbo

502 4303 645 4376 proprium
660 4298 819 4356 coenobinm
830 4298 909 4370 juxta
921 4297 1063 4353 castellum
1077 4315 1158 4352 suurn
1173 4282 1278 4352 er'alia
1293 4317 1369 4373 aquae
1381 4311 1459 4372 parte
1475 4303 1646 4373 consumit,
1658 4302 1707 4356 ubi
1721 4301 1795 4356 illius
1808 4299 1965 4356 venerabile
1982 4319 2084 4374 corpus

500 4415 564 4452 11101
583 4395 738 4450 multorum
754 4402 914 4448 sauctorum
929 4389 1043 4466 reliquis
1054 4391 1258 4448 honorabiliter
1271 4392 1417 4450 conditum
1431 4395 1589 4469 requiescit.
1601 4417 1615 4449 a
1629 4395 1687 4452 Nec
1698 4407 1792 4451 110110
1807 4405 1955 4469 propterea
1972 4396 2084 4450 ruiense

502 4490 717 4555 monasterium,
732 4503 820 4560 quum
830 4485 1015 4557 omnipotenti
1030 4483 1151 4538 Domino
1165 4483 1313 4556 placuisset
1325 4496 1358 4540 ut
1371 4495 1581 4556 restauraretur,
1591 4488 1639 4543 illo
1652 4487 1782 4561 deinceps
1792 4489 1884 4542 adhuc
1893 4487 1980 4541 sancti
1992 4485 2085 4540 Gilde

502 4585 613 4639 nomine
627 4583 720 4637 minus
736 4581 859 4655 gavisum
873 4589 925 4634 est.
940 4577 1011 4632 Nam
1023 4575 1178 4631 Ganfridus
1191 4577 1303 4633 tandem
1321 4596 1429 4651 comes,
1443 4581 1530 4635 totius
1542 4580 1691 4636 Britannia
1703 4582 1892 4655 principatum
1904 4579 2036 4652 adeptus,
2051 4589 2086 4632 nt

501 4681 587 4733 refert
599 4677 675 4732 idem
688 4677 737 4750 qui
751 4693 833 4748 snpra
849 4673 921 4730 Vite
937 4672 1023 4726 macti
1036 4670 1128 4726 Gitdae
1140 4674 1269 4745 scriptor,
1288 4695 1301 4724 a
1317 4675 1422 4747 rogavit
1433 4674 1583 4730 Goslinum
1595 4675 1765 4730 floriacensis
1777 4685 1846 4729 tunc
1861 4673 2021 4728 monasterii
2034 4672 2084 4726 ah-

503 4771 612 4835 batem,
625 4771 673 4842 qni
685 4768 770 4822 etiam
783 4775 877 4839 postea
889 4763 1052 4820 bituricensi
1063 4764 1182 4818 ecetesia
1193 4765 1302 4837 prefuit
1313 4767 1552 4840 archiepiscopus,
1565 4778 1598 4822 ut
1611 4769 1811 4823 transmitteret
1822 4765 1875 4821 sibi
1887 4763 2007 4824 Felicem
2019 4781 2084 4818 mo·

502 4863 624 4919 bachum
633 4851 672 4915 'ad
687 4857 865 4914 restauranda
879 4857 1054 4923 monasteria,
1065 4875 1125 4930 que
1136 4867 1216 4912 eraut
1228 4859 1258 4912 in
1270 4877 1317 4912 sna
1328 4860 1441 4932 regione
1451 4860 1511 4914 solo
1523 4871 1605 4915 tenus
1618 4861 1768 4915 destructa.
1782 4862 1864 4915 Auno
1875 4859 1963 4930 igitur
1975 4858 2082 4910 incarn.

503 4955 647 5011 dominicae
667 4969 754 5019 ntvttt,
769 4953 869 5006 missus
886 4961 928 5005 est
941 4950 1016 5006 Felix
1031 4969 1045 5004 a
1059 4949 1218 5023 supradicto
1238 4951 1336 5007 abbate
1354 4953 1389 5007 ad
1408 4953 1583 5009 Gaulredum
1602 4954 1749 5024 comitem,
1765 4953 1814 5027 qui
1834 4949 1988 5006 honorifice
2001 4949 2037 5002 ab
2051 4967 2085 5004 eo

504 5059 646 5121 susceptus
659 5055 714 5112 est,
727 5055 810 5118 atque
823 5045 952 5118 predicta
965 5043 1104 5112 coenobia,
1117 5067 1130 5096 1
1145 5060 1245 5117 nempe
1259 5043 1391 5114 Ruiense,
1410 5057 1437 5101 et
1455 5047 1665 5114 Lochmenecb,
1682 5047 1730 5101 sei
1747 5045 1861 5102 donavit
1877 5061 1940 5100 curu
1954 5042 2086 5102 omnibns

504 5140 675 5218 appendiciis
692 5137 748 5192 suis
763 5163 768 5191 ι
789 5137 1050 5212 commendavitque
1059 5136 1138 5192 illum
1153 5137 1233 5192 fratri
1247 5154 1297 5192 sno
1309 5137 1576 5214 Judicnli‘episcopo
1587 5141 1743 5208 venetensi,
1759 5139 1788 5196 iu
1802 5136 2002 5210 cujasdiocesi
2024 5137 2086 5208 ipsa
2116 5193 2121 5198 ,

503 5233 669 5296 monasteria
688 5239 775 5285 orant.
787 5253 801 5281 1
813 5231 849 5286 Bt
863 5230 1011 5304 aliqnando
1024 5241 1100 5303 post:
1117 5253 1130 5278 1
1143 5232 1239 5300 Quum
1261 5241 1358 5286 autem·
1376 5231 1516 5289 dubitaret
1538 5249 1623 5307 quem
1645 5236 1783 5306 potiorem
1804 5233 1895 5292 losum
1917 5230 1953 5291 ,tle
1973 5227 2086 5284 duobus
