4536 6102
482 619 554 692 594
1082 607 1210 684 PETRI
1229 606 1462 680 tumulant

481 763 653 853 AEgypto‚
672 750 766 826 tilius
781 749 936 824 Herodis
951 751 1165 823 remanetin
1182 773 1309 845 regno.
1329 749 1399 834 Qui
1417 749 1540 844 utique
1556 746 1586 816 si
1603 769 1687 822 eum
1698 743 1842 816 Christo
1859 743 2063 830 transisset,

479 861 676 971 irequitiam
689 872 822 969 pariter
837 871 948 968 patris
960 869 1118 945 vitasset.
1137 868 1207 940 Sed
1222 870 1341 966 inquo
1353 866 1489 964 regno?
1502 865 1634 938 Christi
1651 864 1771 964 potius
1788 887 1899 960 quam
1915 861 2064 940 Herodis

478 993 696 1088 alienigenae.
716 991 896 1089 Scriptum
913 990 1047 1088 quippe
1064 988 1110 1061 de
1127 989 1270 1060 Christo
1284 992 1354 1060 est¹
1372 1015 1380 1058 ε
1401 1015 1417 1054 a
1435 992 1475 1058 ln
1492 986 1641 1085 propria
1653 985 1751 1057 venit
1766 999 1803 1058 et
1818 985 1874 1056 sui
1889 1008 1972 1060 euru
1990 1008 2061 1062 non

479 1125 704 1210 receperunt.
726 1139 745 1179 u
758 1115 896 1181 ‘Parum
923 1124 976 1182 est
1005 1109 1106 1207 quod
1122 1108 1222 1180 dixi:
1255 1137 1272 1176 a
1299 1112 1378 1180 Non
1405 1120 1675 1204 receperunt»,
1703 1105 1777 1176 imo
1808 1129 1893 1176 eum
1921 1102 2061 1200 expule-

478 1247 574 1306 runt.
594 1237 647 1304 De
674 1230 796 1303 ludaea
808 1231 849 1300 in
866 1233 1057 1328 AEgyptum
1076 1228 1283 1317 translatus,
1302 1228 1404 1324 quasi
1431 1227 1477 1298 de
1504 1225 1653 1324 proprio
1670 1223 1718 1296 ad
1733 1223 1892 1299 alienum
1908 1224 2063 1319 migrans

477 1377 642 1449 regnum,
660 1365 758 1422 tutus
775 1349 811 1420 in
829 1349 946 1420 alieno
964 1349 1119 1446 persistit
1134 1371 1259 1443 regno.
1273 1351 1369 1418 Dum
1382 1345 1475 1416 filius
1482 1343 1636 1424 Herodis
1646 1343 1829 1440 jugulatur
1840 1343 1877 1414 in
1896 1357 2060 1441 paterno,

479 1487 618 1571 patrem
634 1469 728 1541 fitius
743 1467 886 1542 bostem
912 1468 1098 1557 sustinuit,
1117 1467 1212 1565 quia¹
1229 1491 1352 1538 servus
1366 1466 1563 1546 Dominum
1581 1489 1657 1535 non
1673 1463 1856 1559 cognovit.
1875 1461 1982 1534 Filius
1997 1487 2062 1561 pro

479 1593 553 1668 lilio
569 1593 721 1665 traditus
738 1606 813 1680 est,
843 1589 937 1664 filius
956 1590 1109 1666 Herodis
1133 1614 1200 1687 pro
1216 1587 1292 1660 filio
1314 1588 1393 1660 Dei.
1411 1586 1575 1661 Traditus
1593 1600 1646 1657 est
1674 1583 1722 1656 ad
1749 1599 1904 1656 mortem
1921 1608 1995 1656 non
2017 1583 2062 1658 ab

476 1713 603 1802 hoste,
633 1713 696 1786 sed
724 1738 745 1784 a
767 1727 892 1811 patre,
912 1726 951 1782 ut
967 1736 1010 1783 ex
1035 1724 1152 1782 morte
1181 1707 1244 1780 filii
1269 1708 1423 1784 maxime
1448 1707 1558 1805 patris
1586 1703 1776 1780 crudehtas
1807 1705 2058 1776 innotesceret.

479 1837 691 1907 Reservatur
716 1833 764 1906 ad
789 1833 897 1907 vitam
919 1829 1013 1904 filius
1037 1831 1104 1902 Dei
1129 1831 1167 1902 in
1191 1853 1264 1926 quo
1292 1829 1365 1900 vita
1394 1827 1559 1901 omnium
1579 1825 1773 1899 constituta
1806 1823 1939 1912 luerat.
1973 1823 2060 1896 sicut

477 1955 627 2051 ipsemet
643 1953 711 2024 ait’
730 1981 738 2022 ι
760 1981 777 2020 n
792 1955 865 2047 Ego
879 1975 960 2024 sum
976 1950 1083 2022 viaet
1099 1949 1228 2020 veritas
1245 1963 1280 2019 et
1293 1949 1377 2020 vita.
1392 1976 1411 2015 u
1425 1951 1505 2018 Non
1522 1959 1599 2018 erat
1610 1945 1647 2022 in
1664 1967 1775 2016 manu
1790 1942 1950 2022 hominis
1967 1967 2059 2017 mors

477 2075 565 2162 Dei,
594 2099 661 2146 nec
682 2091 845 2149 terrenus
870 2097 946 2177 rex·
955 2085 1100 2171 poterat
1127 2069 1318 2170 praevalere
1348 2068 1504 2158 coelesti3
1528 2066 1680 2141 coelestis
1706 2079 1760 2138 est
1781 2080 1928 2138 terrena
1943 2063 2059 2162 dispo-

477 2221 584 2285 nere,
602 2221 678 2270 non
696 2197 828 2270 terreni
844 2193 1011 2268 coelestia.
1037 2195 1221 2280 Quantum
1242 2191 1355 2264 voluit
1371 2189 1451 2279 ille,
1470 2191 1604 2287 quievit
1620 2189 1708 2277 iste3
1725 2201 1761 2263 at
1786 2187 1848 2260 ubi
1868 2188 2058 2286 permissus

477 2313 607 2402 furere,
622 2329 675 2386 est
690 2337 886 2409 aggressus.
903 2287 1012 2399 duod
1025 2311 1213 2407 diligenter
1229 2309 1443 2407 evangelista
1454 2307 1674 2399 describens,
1686 2332 1799 2406 quum
1811 2305 1857 2380 ad
1871 2307 2057 2406 imperium

476 2433 592 2528 angeli
606 2457 696 2531 puer
712 2435 749 2505 in
767 2437 958 2530 AEgyptum
968 2432 1014 2507 de
1028 2432 1147 2506 ludaea
1165 2431 1355 2504 translatus
1371 2430 1509 2504 suisset:
1526 2433 1664 2519 «Tunc,
1675 2457 1693 2496 u
1711 2429 1854 2525 inquid,
1870 2458 1886 2498 a
1902 2429 2058 2501 Herodes

437 2583 445 2601 ¹
476 2551 602 2626 videns
629 2552 802 2649 quoniam
827 2551 952 2622 illusus
972 2565 1064 2624 esset
1089 2575 1111 2622 a
1138 2549 1273 2647 magis,
1308 2564 1377 2622 ete.
1391 2579 1410 2618 u
1436 2555 1536 2622 Tunc
1562 2547 1732 2646 quidem,
1765 2572 1839 2618 non
1868 2562 1952 2620 ante
1966 2613 1968 2618 .
1980 2547 2056 2620 illu·

476 2674 615 2746 sionem
635 2671 820 2744 advertere
835 2672 1028 2770 permissus
1041 2686 1105 2744 est.
1126 2669 1235 2758 Quod
1252 2693 1339 2742 vero
1357 2669 1487 2742 dieitur
1503 2693 1635 2767 pueros
1653 2665 1827 2741 occidisse
1848 2697 1867 2736 a
1886 2692 1907 2740 a
1923 2667 2054 2742 bimatu

475 2806 511 2862 et
526 2789 633 2880 inira,
649 2790 849 2868 secuudum
864 2804 1006 2888 tempus
1019 2789 1119 2886 quod
1138 2790 1351 2887 exquisierat
1367 2813 1388 2860 a
1405 2789 1554 2885 magis.»
1573 2792 1644 2859 Nee
1661 2786 1780 2858 solum
1797 2788 1833 2858 in
1854 2787 2055 2860 Bethlehem

477 2909 572 2982 unde
589 2908 751 2982 audierat
762 2908 1004 3007 prophetiam,
1018 2933 1145 2981 verum
1157 2923 1192 2979 et
1206 2909 1243 2978 in
1261 2906 1572 2982 omnibusfmibus
1589 2907 1677 3002 ejus,
1694 2907 1904 3004 magnitudo
1921 2909 2055 2980 sceleris

475 3043 702 3125 exageratur,
721 3030 772 3101 sic
789 3044 828 3102 ut
848 3029 930 3100 loco
948 3029 1165 3117 nativitatis,
1183 3030 1230 3100 ita
1248 3044 1283 3100 et
1306 3042 1513 3126 temporum
1530 3028 1624 3102 retati
1652 3027 1841 3101 crudelitas
1869 3029 2054 3102 adderetur

477 3150 663 3246 iniquitate
677 3151 879 3222 occisionis.
902 3149 1120 3222 Nonnullam
1136 3165 1256 3224 tamen
1274 3151 1500 3248 questionem
1516 3149 1654 3230 habens
1671 3149 1772 3249 quod
1789 3149 1921 3222 dicitur
1939 3179 1957 3218 a
1977 3151 2053 3223 abi·

475 3287 587 3362 matu,
600 3301 618 3340 s
634 3272 705 3344 hoc
718 3287 771 3345 est
782 3296 802 3343 a
813 3271 956 3344 duobus
969 3272 1085 3360 annis,
1104 3299 1122 3338 a
1134 3286 1169 3342 et
1177 3269 1283 3360 inira,
1300 3295 1364 3368 per
1380 3286 1522 3369 tempus
1532 3269 1633 3367 quod
1650 3271 1894 3368 exquisierata
1908 3273 2051 3368 magis.»

474 3393 511 3462 Si
531 3392 628 3463 enim
646 3391 712 3478 illi,
730 3406 777 3475 ut
799 3391 1077 3486 Chrysostomus
1101 3414 1208 3487 super
1225 3390 1429 3462 Matthaeum
1452 3416 1494 3462 ex
1512 3391 1688 3490 scriptura
1703 3390 1862 3488 quadam
1878 3391 2001 3480 refert,
2018 3393 2051 3462 in

474 3511 697 3609 proiectione
716 3535 780 3590 sua
797 3509 983 3582 biennium
998 3526 1321 3608 consumpserunt,
1341 3513 1453 3608 magis
1470 3512 1684 3611 depressisse
1700 3514 1855 3612 tempori
1871 3538 1980 3610 quam
1993 3514 2052 3612 ad·

473 3633 606 3706 didisse
633 3633 728 3706 risus
756 3647 809 3704 est
836 3629 1010 3706 Herodes.
1042 3635 1190 3704 Constat
1210 3634 1345 3731 qnippe
1366 3657 1490 3730 magos
1512 3649 1595 3706 ante
1612 3633 1799 3706 biennium
1815 3634 1905 3706 illud
1921 3634 2052 3706 stellam

472 3751 617 3840 vidisse,
627 3752 728 3847 cujus
744 3752 969 3850 apparitione
985 3751 1162 3850 proficisci
1179 3769 1377 3851 coeperunt.
1397 3754 1434 3825 si
1449 3779 1535 3851 ergo
1551 3753 1711 3830 Herodes
1727 3753 1773 3826 ab
1791 3779 1835 3826 eo
1851 3755 1953 3852 quod
1964 3754 2051 3826 didi·

473 3875 521 3944 cit
537 3897 557 3944 a
574 3873 686 3967 magis
702 3871 840 3947 stellam
856 3873 1061 3970 apparuisse
1075 3871 1264 3948 biennium
1280 3875 1559 3974 computaverit,
1577 3874 1657 3974 plus
1674 3899 1784 3971 quam
1801 3875 1981 3971 integrum
1996 3900 2053 3947 au·

472 4019 561 4066 num
575 3993 748 4092 depressit
759 3993 805 4065 de
821 4007 997 4092 tempore,
1011 4019 1125 4094 quum
1136 3994 1301 4068 videlicet
1317 4011 1458 4068 constet
1474 3995 1568 4068 banc
1586 3983 1814 4070 occasionem
1828 4021 2051 4095 nequaquam

471 4114 612 4210 peragi,
631 4113 796 4211 nisipost
809 4113 896 4184 anni
912 4113 1175 4186 revolutionem
1191 4139 1301 4210 quam
1315 4139 1382 4188 nos
1398 4114 1508 4189 hodie
1525 4116 1631 4212 hujus
1647 4116 1904 4190 interfectionis
1921 4117 2052 4213 passio·

472 4256 555 4303 nem
572 4231 775 4304 recolimus.
803 4235 850 4302 Ut
866 4255 951 4326 ergo
970 4233 1123 4329 tempori
1140 4257 1285 4332 quoque
1302 4234 1393 4306 sicut
1412 4248 1447 4306 et
1462 4233 1545 4306 loco
1567 4233 1758 4308 crudelitas
1775 4233 1980 4322 adderetur,
1999 4236 2051 4308 in·

471 4348 702 4445 telligeudum
720 4348 826 4422 nobis
846 4349 1002 4438 videtur,
1021 4365 1062 4421 ut
1077 4365 1130 4424 est
1144 4375 1196 4440 ‚a
1210 4350 1354 4423 duobus
1379 4377 1526 4450 quoque
1541 4351 1646 4426 annis
1664 4378 1773 4452 supra
1789 4353 1896 4426 stellae
1913 4354 2052 4452 appari-

470 4471 570 4543 tione
587 4486 622 4542 et
638 4470 808 4568 deinceps
825 4495 939 4567 usque
956 4469 1002 4544 ad
1018 4471 1276 4545 intersectionis
1295 4473 1405 4544 diem.
1515 4565 1522 4581 .

518 4591 627 4678 Quod
647 4616 733 4663 vero
759 4592 804 4664 de
820 4587 1062 4689 completione
1082 4592 1280 4690 prophetiae
1299 4608 1386 4667 tune
1413 4593 1502 4666 iacta
1521 4593 1609 4668 dixit
1625 4595 1860 4691 evangelista‘
1877 4597 1988 4691 magis
2008 4595 2053 4668 ad

471 4713 678 4809 mysterium
694 4737 803 4809 quam
820 4711 867 4784 ad
883 4711 1070 4784 historiam
1087 4711 1316 4785 referendum
1333 4729 1398 4785 est.
1418 4713 1510 4786 Illud
1525 4715 1659 4814 quippe
1676 4717 1776 4811 juxta
1801 4716 1987 4789 historiam
2008 4716 2054 4788 de

470 4833 716 4931 persecutione
726 4830 1063 4904 Nabuchodonosor
1074 4832 1112 4904 in
1124 4834 1692 4933 lerenriaconstat1prophetasse5
1714 4835 2053 4934 quaequiasuturam

470 4950 633 5024 Ecclesia
652 4951 941 5048 persecutionem
966 4975 1045 5048 quae
1058 4951 1169 5028 hodie
1182 4952 1346 5051 incoepit,
1366 4951 1541 5050 figurabat
1557 4954 1594 5026 in
1609 4957 1798 5052 mysteri0,
1813 4970 1849 5028 et
1865 4954 2054 5053 impletum

504 5213 511 5242 ¹
531 5151 613 5276 loen„
627 5227 681 5278 cap.
695 5229 749 5274 r,v.
765 5218 803 5266 tt.
815 5212 866 5250 -“
881 5213 1020 5282 lbid.,cap.
1032 5231 1083 5281 xxx,
1094 5231 1117 5268 x.
1130 5220 1154 5268 u.
1169 5243 1198 5254 -
1210 5215 1220 5244 ⁸
1231 5216 1327 5281 narrt,
1338 5232 1394 5284 cap.
1407 5235 1474 5283 u,r.
1489 5221 1573 5272 lda-
1585 5219 1595 5248 ⁴
1606 5218 1680 5283 ibid,
1692 5235 1716 5272 x.
1729 5223 1767 5271 tr.
