4522 6102
464 649 477 715 l
486 647 533 715 48
889 644 1014 714 Pll'llll
1043 642 1277 714 ABAELARDl
1305 642 1360 713 ET
1385 641 1611 713 HatotssAE

461 788 594 874 lacere,
624 800 657 856 et
686 785 791 855 nobis
819 785 1041 882 reperientur
1070 783 1220 854 omnino
1248 782 1449 881 proficere?
1476 787 1562 853 Nam
1593 783 1686 862 inter
1719 804 1847 878 magna
1878 783 2045 854 miracula

462 907 613 978 deorum
637 929 784 976 suorum
811 905 971 1002 profecto
991 929 1160 1001 magnum
1179 903 1267 974 illud
1289 917 1358 994 est,
1380 902 1477 1000 quod
1496 906 1609 974 Varro
1627 915 1909 992 commemorat,
1936 918 2046 974 vesta-

462 1026 532 1096 lem
548 1027 738 1122 virginem,
756 1049 867 1121 quum
887 1023 1145 1122 periclitaretur
1159 1023 1244 1096 falsa
1256 1024 1459 1123 suspicione
1471 1023 1517 1095 de
1534 1037 1677 1122 stupr0,
1706 1021 1864 1095 cribrum
1883 1021 2045 1122 implesse
2139 1110 2143 1116 1

462 1170 553 1242 aqua
567 1145 614 1216 de
626 1144 773 1242 Tyberi,
789 1160 825 1216 et
838 1143 885 1216 ad
896 1169 980 1216 suos
994 1143 1144 1240 judices,
1160 1143 1257 1214 nulla
1274 1144 1349 1240 ejus
1365 1158 1465 1243 parte
1479 1142 1644 1234 stillante,
1663 1159 1834 1240 portasse.
1845 1145 1934 1232 Quis
1947 1168 2045 1242 aquae

460 1266 604 1363 pondus
625 1269 738 1337 terruit
756 1280 810 1337 tot
828 1265 987 1336 cavernis
1007 1263 1236 1362 patentibus?
1264 1268 1361 1336 ltane
1383 1267 1480 1336 Deus
1497 1263 1725 1361 omnipotens
1743 1277 1886 1338 terreno
1903 1266 2045 1362 corpori

461 1413 565 1483 grave
589 1388 734 1486 pondus
752 1388 890 1458 auferre
915 1411 989 1458 non
1015 1387 1165 1484 poterit,
1198 1387 1294 1458 utin
1322 1385 1451 1458 eodem
1473 1385 1649 1458 elemento
1671 1384 1807 1456 habitet
1832 1384 2044 1457 vivificatum

460 1532 611 1604 corpus,
636 1507 672 1577 in
701 1531 774 1604 quo
801 1505 953 1577 voluerit
975 1505 1156 1578 vivificans
1183 1505 1350 1603 spiritus?
1368 1535 1387 1572 a
1408 1510 1479 1578 Nec
1501 1505 1631 1577 mirum
1658 1505 1688 1576 si
1711 1506 1753 1576 iis
1777 1503 1834 1576 vel
1853 1503 1929 1576 aliis
1951 1509 2046 1576 Deus

460 1625 639 1697 miraculis
662 1625 860 1697 infidelium
883 1651 1028 1724 quoque
1054 1627 1249 1698 castitatem
1274 1625 1458 1716 extulerit,
1482 1625 1537 1697 vel
1559 1623 1678 1697 officio
1702 1625 1907 1698 daemonum
1928 1625 2046 1698 extolli

460 1745 682 1842 permiserit:
705 1760 744 1817 ut
757 1761 857 1817 tanto
877 1746 1028 1845 amplius
1051 1771 1148 1818 nunc
1166 1743 1289 1818 fideles
1307 1745 1353 1816 ad
1376 1746 1488 1843 ipsam
1511 1746 1774 1835 animarentur,
1797 1760 1932 1842 quanto
1953 1743 2047 1816 banc

460 1865 497 1934 in
516 1864 719 1937 infidelibus
732 1891 877 1964 quoque
891 1866 1042 1967 amplius
1060 1865 1203 1938 exaltari
1222 1866 1467 1962 cognoverint.
1490 1865 1627 1937 Scimus
1640 1881 1675 1937 et
1691 1865 1834 1966 Caiphae
1851 1864 2046 1964 praelationi

461 2009 533 2056 riou
558 2011 719 2084 persnnae
736 1987 885 2084 gratiam
899 2013 975 2058 esse
995 1986 1179 2080 collatam,
1201 2000 1236 2057 et
1252 1985 1391 2084 pseudo
1410 1962 1556 2084 duoque
1569 1986 1751 2085 apostolos
1764 1985 1942 2058 miraculis
1955 2011 2046 2058 non-

460 2131 637 2204 nusquam
658 2131 884 2198 coruscasse,
909 2123 944 2180 et
970 2107 1045 2179 baec
1068 2132 1142 2178 non
1168 2107 1330 2204 personis
1352 2131 1501 2196 eorum,
1529 2107 1592 2178 sed
1621 2105 1739 2179 officio
1761 2131 1836 2179 esse
1863 2130 2043 2178 concessa.

460 2227 557 2314 Quid
572 2228 677 2324 igitur
691 2228 839 2317 nurum,
860 2227 889 2297 si
903 2229 1079 2298 Dominus
1101 2251 1174 2296 non
1194 2227 1355 2325 personis
1373 2225 1572 2298 infidelium
1591 2227 1823 2314 seminarum,
1843 2225 1907 2300 sed
1928 2227 2048 2298 virtuti

455 2347 686 2419 'continentiae
698 2348 855 2444 ipsarum
869 2346 940 2418 hoc
953 2347 1186 2433 concesserit,
1202 2347 1247 2417 ad
1258 2347 1499 2418 innocentiam
1515 2347 1659 2442 virginis
1673 2345 1797 2418 saltem
1811 2345 2046 2438 liberandam,

459 2481 495 2537 et
511 2466 605 2537 falsae
622 2466 857 2537 accusationis
877 2462 1141 2562 improbitatem
1160 2464 1443 2536 conterendam?
1467 2469 1614 2536 Constat
1632 2465 1766 2564 quippe
1784 2489 1944 2538 amorem
1963 2491 2050 2538 con-

365 2623 372 2635 ·
458 2587 614 2657 tinentiae
631 2585 770 2656 bonum
784 2609 859 2656 esse
878 2598 913 2654 et
931 2585 967 2653 in
983 2581 1203 2674 infidelibus,
1224 2583 1314 2654 sicut
1333 2598 1368 2654 et
1381 2583 1577 2681 conjugalis
1596 2585 1769 2683 pactionis
1784 2583 2047 2658 observantiam

458 2705 597 2776 donum
620 2706 686 2776 Dei
711 2704 809 2804 apud
828 2728 953 2776 omnes
972 2729 1065 2792 esse;
1089 2703 1241 2800 ideoque
1265 2703 1425 2775 mirabile
1445 2729 1519 2774 uon
1537 2703 1669 2794 videri,
1694 2705 1723 2775 si
1744 2729 1808 2776 sua
1832 2704 1951 2796 dona,
1974 2731 2048 2778 non

459 2850 617 2896 errorem
642 2824 857 2897 infidelitatis
882 2850 945 2924 per
972 2825 1070 2922 signa
1093 2850 1172 2923 quae
1194 2825 1396 2898 infidelibus
1415 2824 1525 2916 frunt,
1555 2850 1629 2897 non
1656 2824 1843 2917 fidelibus,
1864 2831 1960 2898 Deus
1984 2826 2050 2900 ho-

461 2962 588 3018 noret:
613 2947 764 3018 maxime
778 2947 924 3045 quando
943 2971 1008 3045 per
1020 2946 1115 3037 haec,
1134 2963 1171 3018 ut
1184 2947 1321 3018 dictum
1334 2960 1407 3037 est,
1429 2947 1633 3018 innocentia
1647 2945 1838 3040 liberatur,
1859 2962 2050 3047 etperver-

459 3092 581 3138 sorum
599 3067 790 3140 hominum
808 3067 938 3139 malitia
959 3068 1183 3166 reprimitur,
1205 3084 1240 3140 et
1263 3067 1309 3138 ad
1330 3067 1402 3139 hoc
1430 3067 1528 3165 quod
1550 3067 1597 3139 ita
1617 3068 1884 3166 magnificatur,
1910 3069 2050 3142 bonnm

459 3187 622 3260 homines
635 3187 787 3287 amplius
805 3187 1064 3279 cohortantur,
1084 3212 1149 3285 per
1165 3188 1266 3284 quod
1277 3202 1383 3259 tauto
1399 3189 1517 3260 minus
1530 3188 1576 3260 ab
1589 3189 1793 3262 infidelibus
1806 3213 1952 3288 quoque
1965 3215 2051 3288 pec·

459 3324 579 3397 catur,
607 3323 742 3406 quanto
764 3306 915 3404 amplius
938 3331 959 3378 a
981 3306 1222 3406 voluptatibus
1241 3307 1355 3378 carnis
1379 3309 1566 3380 receditur.
1590 3309 1696 3397 Quod
1720 3333 1817 3381 nunc
1840 3310 1948 3382 etiam
1965 3335 2051 3381 curn

457 3429 637 3527 plerisque
655 3428 733 3500 aliis
754 3427 923 3498 adversus
941 3425 1151 3526 praedictum
1169 3429 1449 3500 incontinentem
1465 3428 1670 3500 haereticum
1687 3428 1813 3501 beatus
1827 3454 1902 3502 uon
1925 3431 2053 3502 incon·

459 3539 642 3620 venient'er
661 3547 802 3619 induxit
813 3548 1070 3643 Hieronymus,
1095 3562 1135 3619 ut
1154 3573 1233 3646 quae
1246 3573 1319 3622 nou
1341 3549 1490 3620 miratur
1511 3551 1547 3621 in
1567 3549 1785 3641 christianis,
1810 3549 1995 3622 erubescat
2011 3552 2052 3622 iu

348 3694 351 3704 ¹
460 3671 620 3742 ethnicis.
642 3671 731 3757 Quis
749 3670 854 3742 etiam
873 3669 970 3741 dona
989 3670 1055 3741 Dei
1075 3693 1151 3741 esse
1169 3669 1339 3768 deneget,
1364 3685 1576 3768 potestatem
1598 3673 1705 3744 etiam
1725 3670 1923 3744 infidelium
1950 3674 2053 3770 prin-

462 3794 603 3890 cipum,
638 3791 702 3862 etsi
729 3814 892 3889 perverse
918 3791 994 3889 ipsa
1023 3805 1184 3880 utantur,
1215 3790 1270 3862 vel
1293 3815 1454 3863 amorem
1470 3792 1634 3888 justitia,
1661 3791 1716 3863 vel
1738 3793 2055 3865 mansuetudinem

461 3937 568 4008 quam
581 3911 735 4002 habent,
752 3912 829 4008 lege
843 3912 1004 3983 instructi
1017 3910 1181 4002 naturali,
1199 3911 1255 3984 vel
1270 3927 1393 3984 caetera
1406 3937 1484 4010 quae
1496 3911 1624 3985 decent
1637 3913 1838 4012 principes?
1852 3913 1940 4001 Quis
1953 3911 2057 3986 bona

461 4059 537 4104 esse
565 4033 784 4106 contradicat
808 4033 889 4130 quia
915 4032 1014 4105 malis
1032 4049 1116 4104 sunt
1133 4033 1327 4132 permixta?
1347 4034 1540 4132 praesertim
1561 4059 1693 4132 quum,
1718 4049 1756 4107 ut
1781 4033 1906 4107 beatus
1927 4038 2058 4108 astruit

463 4157 696 4252 Augustinus,
718 4171 754 4227 et
773 4155 957 4227 manifesta
975 4157 1064 4227 ratio
1082 4170 1248 4246 testatur,
1274 4155 1364 4226 mala
1377 4181 1453 4228 esse
1471 4174 1651 4253 nequeant
1663 4157 1730 4229 nisi
1743 4157 1777 4229 in
1792 4170 1916 4228 natura
1930 4155 2057 4229 bona?

462 4278 550 4362 Quis
567 4302 640 4348 nnn
661 4276 749 4348 illud
767 4275 942 4374 approbet
956 4275 1056 4374 quod
1069 4277 1209 4374 poetica
1228 4275 1391 4372 perbibet
1405 4278 1599 4349 sententia¹
1618 4307 1626 4348 :

866 4505 1003 4569 Oderunt
1015 4523 1142 4589 peccare
1155 4505 1229 4568 boni
1243 4508 1363 4570 virtutis
1375 4511 1500 4570 amore?

463 4733 551 4816 Quis
577 4731 781 4829 Vespasiani
810 4728 975 4802 nondum
997 4730 1222 4826 imperatoris
1246 4731 1477 4823 miraculum,
1501 4733 1601 4831 quod
1619 4735 1808 4806 Suetonius
1833 4731 1980 4823 relert',
2006 4735 2063 4808 de

463 4873 556 4920 caeco
576 4848 739 4921 videlicet
759 4864 795 4921 et
814 4848 944 4922 claudo
962 4873 1028 4946 per
1048 4873 1130 4921 eum
1150 4851 1301 4942 curatis,
1328 4877 1402 4923 non
1424 4854 1533 4950 magis
1551 4853 1727 4952 approbet
1743 4877 1851 4952 quam
1867 4868 1991 4950 neget,
2015 4871 2066 4926 ut

464 4967 540 5062 ejus
566 4968 733 5040 virtutem
760 4968 911 5067 amplius
937 4967 1094 5041 aemnlari
1121 4969 1232 5041 velint
1259 4972 1437 5070 principes
1445 5027 1456 5062 ,
1488 4989 1549 5046 aut
1576 4973 1675 5071 quod
1701 4973 1748 5044 de
1775 4973 1894 5045 anima
1911 4973 2066 5070 'lrajani
2114 5061 2117 5066 1

501 5265 508 5290 ¹
528 5264 611 5316 llorat.
625 5267 715 5328 apua,
728 5267 752 5325 l,
766 5281 820 5328 xn,
831 5283 854 5317 r.
865 5267 905 5318 52.
918 5267 963 5306 -'
977 5265 1106 5318 Suetonius
1120 5266 1143 5318 in
1158 5267 1319 5330 Vespasiano,
1332 5283 1386 5334 cap.
1399 5285 1440 5319 vn.
