4522 6104
422 466 494 548 650
1020 469 1149 542 PETRI
1174 469 1409 544 tssAEttttnt

424 614 469 686 de
485 638 523 684 se
539 611 782 708 cognitionem
798 607 962 682 conferre
978 611 1109 708 possit,
1126 609 1228 707 quod
1243 625 1296 682 est
1315 634 1400 682 eum
1419 623 1554 682 nature
1574 609 1744 705 cognosci
1760 608 1816 681 vel
1838 611 2005 686 determi-

424 747 550 804 natum
566 755 654 804 csse.
674 733 764 802 Nam
781 743 816 800 et
831 753 901 802 vox
916 728 974 800 vel
989 753 1100 802 sonus
1115 728 1281 802 audibilis
1298 728 1505 802 naturaliter
1526 728 1656 800 dicitur
1675 744 1850 826 quantum
1868 733 1905 804 in
1923 733 2008 832 ipsis

425 867 494 938 est,
512 847 578 921 ets'i
594 873 702 920 nemo
719 850 858 922 assistat
873 849 937 947 qui
951 847 1028 920 haec
1043 849 1168 922 audire
1184 848 1317 938 valeat,
1333 865 1372 922 et
1392 872 1475 945 ager
1495 848 1542 920 ad
1563 848 1800 922 excolendum
1820 866 1925 948 aptus
1944 852 2008 925 luit

426 985 618 1066 antequam
634 968 746 1040 homo
764 982 855 1039 esset
871 968 934 1064 qui
949 992 1034 1040 eum
1049 969 1210 1042 excolere
1226 983 1359 1066 posset.
1376 973 1508 1040 Futura
1518 993 1606 1039 vero
1616 969 1862 1064 contingentia
1875 985 2009 1044 nature

425 1115 570 1186 quoque
585 1089 756 1160 dicuntur
771 1089 970 1185 incognita,
987 1113 1100 1186 quum
1115 1087 1281 1162 videlieet
1292 1114 1337 1160 ex
1354 1088 1453 1161 nulla
1467 1102 1602 1160 naturae
1618 1091 1827 1187 operatione
1842 1091 1900 1162 vel
1916 1093 2009 1164 insti-

426 1209 747 1307 tutionepraenosci
759 1223 905 1306 queant
919 1207 1023 1288 Unde
1032 1209 1145 1280 miror
1154 1209 1454 1306 quosdamseper
1463 1208 1722 1280 astronomiam
1733 1210 1824 1280 scire
1835 1209 2007 1308 profiteri,

427 1329 472 1400 de
488 1328 545 1400 his
565 1352 712 1425 quoque
734 1326 896 1423 judicare
922 1353 1049 1425 posse,
1074 1342 1109 1399 et
1128 1328 1232 1424 quasi
1258 1327 1477 1399 divinatores
1501 1326 1626 1399 talium
1650 1351 1740 1398 esse.
1768 1332 1888 1415 Quum
1911 1330 2009 1402 enim

427 1447 649 1518 astronomia
659 1447 796 1543 species
804 1446 849 1518 sit
862 1445 1036 1544 physicae,
1047 1445 1119 1518 hoc
1131 1461 1185 1516 est
1197 1445 1368 1518 namralis
1384 1445 1636 1544 philosophiae,
1650 1445 1838 1542 quomodo
1852 1471 1916 1544 per
1926 1471 2010 1520 earn

427 1568 639 1662 investigare
655 1566 776 1638 valent
791 1565 892 1663 quod
903 1566 971 1664 ipsi
982 1591 1130 1664 quoqne
1142 1579 1279 1638 naturae
1289 1565 1497 1664 philosophi
1510 1580 1671 1638 asserunt
1683 1567 1906 1662 incognitum
1916 1589 2007 1656 esse,

428 1689 499 1760 hoc
516 1703 628 1759 estex
650 1686 748 1759 nulla
768 1712 890 1758 rerum
910 1702 1039 1760 natura
1059 1687 1234 1785 praenosci
1256 1688 1381 1785 posse?
1405 1685 1585 1758 Naturalia
1605 1709 1692 1758 vero
1715 1687 1879 1783 quaedarn
1895 1686 2012 1760 futura

429 1832 658 1906 nequaquam
675 1807 845 1903 cognosci
861 1831 1024 1904 peream
1039 1831 1229 1904 negamus,
1246 1807 1339 1878 sicut
1355 1830 1424 1877 nec
1439 1829 1505 1904 per
1524 1806 1753 1878 medicinam.
1773 1807 1901 1877 Medici
1916 1806 2013 1877 enim

429 1925 628 1998 secundum
638 1925 904 2025 complexiones
916 1949 1112 2024 corportun
1125 1924 1238 1998 multa
1249 1947 1471 2023 praenosoere
1484 1923 1530 1996 de
1542 1923 1693 1998 infirmis
1707 1939 1878 2022 possunt,
1895 1937 2013 1996 utrum

430 2045 596 2118 videlicet
611 2045 764 2118 evadere
780 2059 934 2141 queant,
951 2069 999 2116 an
1016 2044 1177 2118 minime.
1196 2043 1253 2114 Sc
1270 2057 1306 2115 et
1321 2043 1427 2141 periti
1447 2058 1645 2132 astrorum,
1669 2044 1731 2140 qni
1751 2057 1898 2115 naturas
1918 2043 2013 2141 ipso·

431 2189 531 2253 rum,
548 2163 647 2236 unde
663 2163 779 2236 calida
794 2177 857 2235 aut
873 2162 1017 2259 frigida,
1036 2163 1130 2234 sioca
1149 2161 1207 2233 vel
1228 2160 1377 2234 htuida
1396 2161 1454 2233 vel
1473 2177 1671 2260 temperata
1693 2177 1793 2251 sunt,
1815 2175 2011 2248 noverunt;
2049 2209 2057 2221 ι

431 2300 468 2356 et
488 2284 564 2356 illas
585 2299 704 2382 partes
720 2282 800 2356 coeli
822 2307 901 2379 quae
920 2282 1104 2358 domicilia
1119 2307 1248 2356 eornm
1261 2295 1414 2372 vorant,
1432 2283 1470 2353 io
1488 2283 1619 2380 quibos
1634 2307 1748 2380 quum
1764 2283 1915 2372 laverint,
1936 2305 2016 2355 suas

432 2405 588 2476 maxime
611 2403 704 2474 vires
730 2417 914 2492 exercent,
947 2426 1012 2500 per
1041 2403 1300 2474 astronomiam
1328 2394 1552 2492 didicerrlnt,
1578 2402 1691 2474 mrvlta
1720 2399 1767 2474 de
1795 2398 2016 2475 naturalibus

430 2521 560 2594 suturis
577 2545 800 2619 praenoscere
821 2536 990 2619 possunt,
1011 2535 1136 2594 utrum
1156 2519 1322 2593 videlicet
1336 2522 1499 2628 sequar}
1517 2536 1680 2620 tempore
1699 2521 1839 2593 siochas
1859 2519 2016 2592 abundet

433 2655 494 2714 aut
519 2641 658 2738 pluvia,
681 2636 757 2712 sive
778 2640 877 2714 calor
901 2655 966 2714 aut
989 2640 1176 2736 [rigiditas.
1199 2644 1287 2728 Qua
1303 2665 1383 2712 non
1407 2640 1526 2714 solum
1550 2640 1596 2713 ad
1616 2641 1883 2740 providentiam
1904 2639 2016 2712 cultus

433 2757 554 2850 serrat,
572 2763 823 2860 verumetiam
840 2761 887 2836 ad
903 2761 1251 2835 medicamentorum
1266 2761 1554 2835 moderationem
1576 2757 1772 2861 plurimum
1788 2761 1896 2833 valet.
1915 2759 2019 2833 Unde

432 2897 469 2952 et
491 2881 700 2979 philosophi
722 2881 883 2978 planetas
903 2883 1000 2978 ipsos
1021 2905 1151 2954 vocare
1176 2882 1254 2954 aud
1274 2895 1360 2953 sunt
1379 2880 1490 2971 deos,
1514 2896 1551 2954 et
1571 2882 1672 2979 quasi
1694 2879 1873 2978 quosdam
1894 2879 2020 2952 mnndi

434 3013 594 3072 rectores
604 2999 784 3099 profiteri,
804 3024 849 3071 eo
864 2999 1030 3072 videlicet
1044 2999 1146 3096 quod
1159 2998 1359 3071 secundum
1375 3021 1503 3071 eorum
1519 3015 1665 3072 naturas
1680 3013 1716 3072 et
1731 2997 1919 3096 qualitates
1933 3001 2023 3070 situs

435 3120 501 3194 iste
520 3127 641 3192 noster
657 3119 854 3218 plurimum
869 3119 1043 3207 varietur,
1063 3133 1103 3192 ut
1118 3118 1291 3207 diximus,
1308 3133 1349 3189 ut
1363 3117 1477 3190 modo
1492 3117 1656 3190 sterilitas
1667 3117 1770 3207 inde,
1785 3116 1895 3190 modo
1906 3117 2021 3190 abun-

436 3238 560 3313 dantia
575 3240 778 3335 contingat,
797 3239 911 3310 modo
925 3239 965 3310 in
981 3237 1140 3310 humidis
1154 3237 1261 3328 locis,
1276 3237 1389 3310 modo
1396 3240 1438 3309 in
1448 3239 1553 3310 siccis
1564 3237 1815 3310 sesninandum
1830 3239 1895 3327 sit,
1910 3238 2023 3310 modo

437 3361 552 3432 calida
568 3361 623 3432 vel
640 3359 792 3432 humida
806 3361 845 3432 in
861 3359 1133 3432 medicamentis
1148 3359 1206 3430 vel
1223 3358 1292 3431 alia
1307 3359 1380 3432 sint
1400 3358 1636 3458 providenda.
1656 3361 1710 3429 De
1733 3359 2023 3455 contingentibus

439 3501 528 3548 vero
545 3479 690 3567 suturis,
708 3501 804 3574 quac,
823 3492 865 3548 ut
881 3477 1055 3566 diximus,
1073 3491 1209 3549 naurroe
1221 3502 1367 3575 quoque
1382 3493 1466 3550 sunt
1481 3477 1681 3573 incognita,
1700 3477 1862 3573 quisquis
1877 3501 1942 3575 per
1956 3477 2023 3549 do·

440 3607 650 3666 cumentum
663 3595 892 3666 astronomiae
907 3593 1159 3668 certitudinem
1171 3593 1328 3692 aliquam
1339 3595 1559 3694 promiserit,
1578 3619 1654 3666 non
1671 3608 1746 3666 tam
1761 3595 2025 3666 astronomicus

441 3736 551 3810 quam
568 3711 767 3796 diabolicus
783 3712 972 3788 habendus
986 3729 1052 3788 est.
1072 3719 1126 3786 De
1146 3739 1219 3812 quo
1241 3715 1343 3787 facile
1363 3715 1453 3788 nihil
1474 3739 1537 3788 eos
1555 3713 1646 3786 scire
1663 3715 1881 3786 convincere
1897 3739 2020 3812 possu-

442 3857 522 3907 mus
528 3833 590 3935 ..Si
607 3834 705 3904 enim
720 3834 981 3929 interrogemus
997 3833 1044 3906 de
1060 3834 1180 3932 aliquo
1199 3835 1383 3924 iaciendo,
1400 3832 1501 3934 quod
1517 3859 1616 3932 aeque
1638 3834 1755 3906 lacem
1768 3833 1825 3905 vel
1843 3833 2022 3906 dimittere

442 3953 480 4024 in
504 3955 629 4037 ¹n'ostra
650 3954 695 4027 sit
719 3969 916 4051 potestate,
941 3954 1082 4028 nullum
1110 3955 1161 4026 ibi
1182 3955 1358 4052 judicium
1383 3980 1425 4028 ex
1452 3955 1574 4054 aliquo
1599 3955 1684 4027 artis
1707 3979 1780 4028 suae
1803 3955 2022 4028 documento

443 4073 559 4146 lacere
580 4072 737 4164 auderit,
759 4075 910 4148 scientes
931 4074 1031 4171 qaod
1051 4075 1081 4146 si
1099 4073 1171 4146 hoc
1191 4074 1370 4166 dicerent,
1395 4075 1433 4146 in
1453 4075 1552 4148 aliud
1572 4099 1643 4146 nos
1659 4061 1963 4148 converteremus.
1988 4077 2024 4146 Si

443 4217 529 4265 vero
547 4193 636 4264 alius
652 4217 693 4264 ex
715 4193 821 4266 nohis
842 4217 906 4266 eos
924 4193 997 4266 hoc
1017 4194 1136 4292 ipsum
1155 4195 1392 4291 interrogaret
1410 4194 1457 4267 de
1478 4195 1600 4286 nobis,
1620 4219 1738 4292 neque
1757 4193 1813 4284 id,
1837 4194 2019 4291 inquiunt,

444 4311 576 4384 laceret
595 4333 703 4384 causa
724 4311 907 4400 tentandi,
933 4311 997 4386 sed
1017 4313 1157 4385 sincera
1175 4313 1375 4386 intentione
1394 4314 1573 4402 veritatis,
1596 4327 1684 4384 tunc
1704 4313 1950 4384 severitatem
1970 4311 2021 4384 di·

444 4446 565 4504 cturos
582 4433 810 4529 promittunt.
829 4431 937 4518 Quod
954 4449 1090 4530 quanta
1108 4433 1272 4506 irrisione
1293 4435 1339 4505 sit
1356 4433 1608 4532 excipiendum
1629 4433 1708 4529 quis
1728 4455 1804 4502 non
1826 4431 1966 4507 videat?
1989 4431 2022 4503 Si

445 4552 543 4622 enim
563 4575 628 4648 per
649 4565 762 4622 artem
783 4575 885 4624 suam
907 4551 954 4624 de
972 4567 1124 4641 eventu,
1152 4552 1199 4624 de
1222 4577 1297 4650 quo
1316 4553 1572 4643 consuluntur,
1594 4552 1845 4626 certitudinem
1870 4551 2022 4642 hahent,

445 4671 532 4767 quid
549 4671 658 4746 refert
672 4672 751 4769 quis
767 4672 852 4745 inde
868 4697 931 4746 eos
943 4673 1156 4770 interroget,
1175 4667 1233 4745 vel
1246 4699 1318 4772 qua
1332 4675 1443 4748 mam
1460 4675 1681 4747 detersione?
1696 4673 1762 4746 Vel
1776 4699 1842 4745 cur
1855 4675 1966 4746 etiam
1982 4673 2024 4745 de

321 4857 327 4869 ,
445 4791 645 4866 intentione
667 4791 862 4888 dijudicare
879 4816 955 4864 non
973 4809 1141 4892 possunt,
1164 4817 1243 4891 quae
1260 4819 1374 4891 quum
1393 4819 1548 4893 praesens
1570 4795 1636 4882 sit,
1658 4793 1938 4866 determinatum
1953 4795 2024 4890 jam

446 4909 555 4982 habet
576 4927 766 5002 eventum,
785 4928 820 4985 et
841 4913 887 4985 de
908 4913 1028 4988 futuro
1050 4915 1149 5012 quod
1170 4916 1321 4987 omniuo
1342 4916 1519 4988 incertum
1538 4930 1592 4986 est
1606 4913 1860 4988 certitudinem
1875 4916 2022 5012 promit·

445 5032 550 5100 tunt?
568 5034 617 5101 Ex
634 5057 706 5128 quo
723 5033 857 5130 liquere
874 5033 1048 5126 arbitror,
1065 5034 1165 5133 quod
1182 5035 1212 5108 si
1227 5032 1446 5134 quemquam
1461 5036 1498 5108 in
1515 5033 1646 5108 talibus
1658 5059 1783 5108 verum
1797 5034 1917 5107 dicere
1932 5033 2024 5130 ipsos
