4486 6100
448 567 520 636 352
1048 557 1176 632 PE‘l'lll
1202 557 1437 632 lantiunt

447 702 629 792 subditur,
649 698 696 772 ad
713 720 822 797 quam
840 699 905 771 iste
921 697 1096 796 legatione
1111 699 1267 798 fungitur
1283 728 1291 771 ε
1307 730 1329 770 a
1347 699 1399 772 nd
1415 698 1616 798 Virginem,
1636 727 1654 765 r
1675 698 1822 797 inquit¹,
1847 726 1865 766 a
1882 697 2033 797 despon-

447 839 571 898 satam.
593 851 610 888 >r
635 820 817 918 Virginem
836 820 1016 918 praemittit
1030 819 1271 918 desponsatae',
1293 845 1367 893 non
1385 834 1459 892 tam
1476 820 1646 920 temporis
1660 843 1770 918 quarn
1781 818 1960 917 dignitatis
1978 842 2033 902 or-

447 943 544 1015 dine.
564 940 634 1014 Sed
653 965 732 1038 quae
745 940 831 1030 ista,
847 964 987 1037 quaeso,
1008 954 1063 1012 est
1076 939 1247 1038 dignitas,
1267 965 1343 1013 esse
1361 941 1535 1038 virginem
1551 941 1587 1011 in
1602 964 1726 1032 carne,
1743 941 1773 1012 si
1782 941 1857 1037 jam
1870 965 1935 1040 per
1947 963 2033 1011 con·

446 1086 590 1134 sensum
616 1075 786 1159 corrupta
807 1059 919 1132 fuerat
941 1075 1062 1133 mente
1077 1060 1092 1129 ?
1106 1066 1185 1133 Nou
1203 1062 1300 1133 enim
1318 1060 1543 1158 desponsari,
1572 1059 1628 1132 vel
1654 1061 1924 1139 matrimonium
1947 1083 2032 1138 con·

445 1181 554 1271 trahi,
587 1181 655 1252 nisi
681 1181 759 1279 pari
789 1179 946 1254 duorum
981 1205 1158 1254 consensu
1185 1195 1323 1279 potest;
1355 1205 1422 1253 nec
1448 1179 1549 1252 aliter
1575 1181 1652 1279 ipsa
1686 1182 1818 1278 conjux
1853 1180 1910 1252 vel
1943 1205 2032 1252 uxor

444 1301 576 1401 loseph
596 1313 785 1400 vocaretur
801 1300 848 1378 ab
862 1299 1087 1398 evangelista.
1113 1301 1324 1398 Quisigitur
1336 1301 1401 1373 iste
1414 1323 1610 1373 consensus
1633 1299 1695 1374 fuit
1710 1301 1725 1370 Ρ
1743 1298 1914 1398 Nunquid
1934 1323 2032 1371 com·

446 1423 626 1494 mixtionis
644 1421 814 1512 earnalis,
839 1433 879 1492 ut
905 1421 941 1491 in
968 1420 1039 1492 hoc
1058 1421 1133 1516 jam
1155 1421 1264 1518 Virgo
1292 1421 1546 1507 consensisset,
1574 1418 1675 1517 quod
1701 1419 1827 1493 florem
1854 1418 2032 1517 dignitatis

444 1543 649 1615 amitteret?
674 1540 772 1614 Absit
787 1541 859 1614 boc
876 1565 897 1612 a
915 1540 983 1640 piis
999 1539 1193 1631 mentibus,
1215 1556 1255 1613 ut
1273 1564 1351 1638 quae
1368 1541 1483 1640 prima
1501 1541 1709 1638 virginitatis
1721 1565 1853 1611 munus
1863 1538 2032 1614 obtulisse

444 1667 522 1734 Deo
540 1661 715 1751 creditur,
734 1663 771 1733 in
791 1661 890 1732 hunc
910 1683 1125 1733 consensum
1144 1659 1251 1733 ducta
1266 1661 1474 1747 aestimetur,
1491 1660 1528 1730 in
1547 1685 1656 1759 quem
1672 1675 1726 1733 tot
1747 1660 1900 1758 virgines
1917 1684 1963 1731 ne
1976 1683 2032 1730 ve·

444 1785 578 1872 nirent,
600 1785 678 1854 vitae
700 1781 927 1881 dispendium
950 1779 1152 1879 elegerunt,
1181 1781 1287 1853 etsie
1312 1783 1451 1878 agnum
1476 1781 1577 1878 sequi
1598 1805 1816 1879 quocunque
1834 1781 1930 1868 ierit,
1957 1803 2031 1851 non

444 1900 561 1972 solum
579 1917 829 2000 permanentes
847 1901 1017 1998 virgines,
1041 1925 1167 1973 verum
1186 1901 1293 1972 etiam
1311 1899 1409 1972 facrae
1427 1898 1605 1972 mulieres.
1628 1899 1717 1987 Quis
1734 1899 1794 1971 bic
1813 1913 1933 1971 autern
1947 1923 2032 1975 con·

443 2035 567 2094 sensus
587 2021 836 2118 intelligendus
856 2022 900 2091 sit
919 2034 992 2090 tarn
1008 2021 1044 2093 in
1065 2034 1195 2118 sponsa
1207 2044 1315 2117 quarn
1334 2022 1371 2091 in
1390 2021 1544 2117 virgine,
1568 2021 1752 2118 sequeutia
1767 2021 1806 2092 ni
1825 2019 1927 2092 fallor
1949 2019 2032 2091 insi-

444 2158 568 2215 nuant.
589 2147 641 2213 De
659 2163 794 2240 sponso
811 2139 977 2238 quidem,
996 2163 1110 2237 quum
1132 2164 1199 2211 nec
1217 2163 1351 2212 nomen
1374 2140 1485 2237 ipsius
1507 2141 1692 2230 reticetur,
1717 2165 1830 2238 quum
1853 2141 2029 2212 dicitur':

447 2293 464 2331 α
481 2264 567 2333 Viro
582 2263 639 2334 cui
652 2286 785 2333 nomen
800 2273 875 2332 erat
888 2257 1031 2357 loseph.
1051 2288 1068 2326 r
1088 2259 1221 2356 Joseph
1236 2260 1390 2359 quippe,
1406 2259 1507 2357 quod
1520 2260 1772 2358 interpretatur
1784 2277 2028 2359 (regeneratum,

445 2381 532 2479 quid
550 2381 648 2452 aliud
667 2379 771 2452 nobis
794 2381 926 2470 innuit,
950 2401 1059 2476 quarn
1086 2402 1252 2475 magnam
1275 2380 1311 2451 in
1337 2404 1381 2451 eo
1406 2378 1661 2478 perfectionem
1687 2378 1888 2452 virtutum?
1914 2383 2033 2467 Quem

445 2504 569 2590 etiam,
589 2516 628 2572 ut
640 2500 764 2573 beatus
779 2499 942 2571 meminit
955 2499 1222 2594 Hieronymus⁸‚
1240 2498 1432 2596 virginem,
1453 2499 1730 2597 sicutsponsam
1748 2500 1877 2598 ipsius,
1893 2516 2033 2573 constat

444 2622 693 2719 permansisse.
720 2622 746 2691 Α
765 2643 836 2716 qua
853 2617 1013 2718 profecto
1026 2617 1233 2714 virginitatis
1245 2617 1462 2715 perfectione
1476 2619 1504 2690 si
1518 2643 1582 2718 per
1595 2642 1811 2693 consensum
1822 2619 2033 2692 imminutus

444 2757 536 2824 esset
552 2743 701 2815 carnalis
720 2741 1032 2840 concupiscentiae,
1053 2765 1280 2839 nequaquam
1298 2741 1447 2838 dignum
1465 2756 1557 2814 esset
1579 2741 1624 2814 ab
1644 2741 1857 2840 evangelista
1874 2767 2034 2815 commc-

444 2865 576 2935 morari
599 2888 682 2934 eum
710 2861 843 2960 Joseph
869 2861 1060 2934 nominari.
1093 2861 1164 2948 Qui
1186 2861 1420 2959 postmodum
1445 2876 1630 2962 comperto
1655 2862 1809 2961 Virginis
1830 2879 2030 2962 conceptu,

445 3000 543 3057 tanto
562 2984 703 3082 gravius
718 2983 755 3054 id
773 3006 857 3054 eum
874 2981 965 3054 ferre
982 3006 1057 3052 non
1076 2997 1130 3054 est
1148 2980 1325 3072 mirabile,
1346 2997 1481 3079 quanto
1504 3009 1542 3056 se
1566 2983 1677 3080 magis
1697 2982 1841 3054 illusum
1864 2961 2031 3073 dolebat,

423 3131 552 3203 ,quem
568 3104 614 3176 ad
627 3103 854 3175 continentiae
870 3125 1086 3174 consensum
1103 3126 1234 3201 sponsa
1253 3117 1482 3202 pertraxerat.
1505 3107 1585 3202 Ipsa
1598 3103 1705 3175 etiam
1718 3103 1841 3200 Virgo,
1857 3128 1972 3201 quum
1987 3104 2034 3176 de

443 3251 481 3296 se
503 3224 736 3323 postmodum
760 3226 854 3297 ait‘:
883 3223 1111 3312 «Quomodo
1135 3224 1196 3298 fret
1213 3226 1324 3318 istud,
1352 3227 1524 3325 quoniam
1546 3227 1664 3299 virum
1688 3251 1762 3299 non
1791 3226 1997 3324 cognosco?
2014 3255 2032 3292 r

443 3360 605 3441 patenter
626 3347 760 3434 innuit,
787 3361 1015 3442 nequaquam
1040 3347 1077 3416 in
1103 3371 1208 3418 usum
1226 3347 1439 3421 camiseam
1459 3349 1696 3439 consensisse,
1720 3372 1788 3419 nec
1804 3347 1842 3418 iu
1861 3349 2036 3445 concupi·

444 3465 577 3535 scentia
590 3489 628 3535 se
641 3465 718 3536 viro
733 3462 932 3536 foederasse.
950 3469 997 3537 Ut
1009 3463 1097 3562 quid
1112 3465 1209 3537 enim
1222 3466 1371 3558 diceret,
1393 3497 1411 3535 u
1423 3466 1611 3565 quomodo
1625 3465 1686 3539 fiet
1700 3467 1791 3555 hoc,
1812 3467 1894 3564 quia
1914 3469 2037 3538 virum

444 3607 518 3653 non
542 3584 743 3681 cognosco?
761 3613 779 3650 »
803 3584 833 3656 si
851 3585 888 3654 in
911 3595 1031 3656 mente
1054 3583 1202 3660 haberet
1225 3587 1302 3658 viro
1328 3587 1580 3660 commisceri?
1606 3591 1649 3659 Et
1674 3589 1704 3659 si
1729 3589 1826 3659 enim
1840 3588 1916 3682 jam
1934 3609 2037 3658 com·

340 3701 348 3712 '
385 3727 387 3734 ·
443 3702 554 3776 mixta
585 3729 660 3775 non
693 3718 800 3794 esset,
833 3718 954 3803 posset
981 3706 1103 3803 utique
1130 3706 1362 3804 postmodum
1387 3708 1629 3797 commisceri,
1660 3721 1699 3778 ut
1723 3706 1930 3778 mirandum
1956 3731 2036 3776 non

442 3840 550 3914 esset,
571 3825 600 3895 si
618 3826 692 3923 ipsa
715 3848 877 3922 quoque,
899 3825 989 3896 sicut
1006 3823 1204 3917 Elisabeth,
1225 3852 1290 3925 per
1307 3826 1436 3899 divinae
1454 3829 1572 3924 gratiae
1592 3828 1732 3900 donum
1751 3853 1794 3899 ex
1813 3829 1889 3898 viro
1912 3829 2039 3900 conci-

443 3959 554 4042 peret.
578 3944 718 4016 Sciebat
735 3945 841 4016 etiam
864 3968 931 4015 nec
943 3935 1117 4015 'homines
1136 3943 1245 4018 latere
1263 3947 1499 4043 integritatem
1522 3947 1729 4044 virginitatis
1746 3971 1829 4018 suae.
1854 3949 1929 4017 Cur
1945 3971 2038 4042 ergo

442 4066 542 4158 quasi
564 4065 744 4136 admirans
762 4079 951 4162 quaereret,
972 4063 1123 4161 qualiter
1135 4065 1173 4136 id
1186 4064 1264 4137 fieri
1276 4081 1418 4163 posset,
1437 4090 1550 4163 quum
1571 4067 1688 4138 virum
1710 4067 1787 4164 ipsa
1805 4090 1880 4138 non
1900 4091 2041 4164 cogno

442 4183 580 4253 sceret?
604 4185 639 4252 Si
663 4184 773 4273 hanc,
801 4183 967 4280 inquam,
991 4184 1231 4280 cognitionem
1258 4185 1323 4256 viri
1346 4183 1392 4257 ad
1410 4186 1703 4258 commixtionem
1722 4185 1837 4276 camis
1862 4185 2036 4274 referret,

441 4302 628 4398 quomodo
641 4301 687 4374 de
707 4302 818 4373 Adam
833 4302 889 4374 vel
899 4302 1083 4374 nonnullis
1094 4302 1170 4374 aliis
1182 4302 1318 4376 dictum
1332 4319 1400 4394 est,
1416 4306 1500 4402 quia
1513 4319 1761 4402 cognoverunt
1773 4329 1904 4376 uxores
1921 4307 2039 4376 suas?

441 4421 538 4510 Quid
555 4438 606 4494 est
625 4447 709 4519 ergo
729 4422 828 4520 quod
853 4423 926 4494 ait:
952 4423 1111 4493 «Virum
1134 4448 1207 4495 nou
1233 4424 1405 4522 cognovi,
1423 4452 1440 4492 n
1463 4426 1529 4496 nisi
1549 4427 1633 4523 quia
1656 4422 1744 4496 nulli
1766 4449 1925 4521 unquam
1950 4449 2044 4497 con-

441 4571 546 4617 sensu
566 4545 698 4617 carnali
720 4570 778 4617 me
802 4545 1024 4616 commisceri
1047 4547 1235 4642 acquievi?
1259 4551 1299 4617 ln
1318 4571 1391 4644 quo
1409 4571 1495 4644 ergo
1513 4561 1742 4620 consenserat
1763 4545 1896 4644 loseph
1916 4571 2043 4644 quum

442 4665 549 4737 abeo
569 4665 863 4764 desponsaretur,
891 4665 959 4735 nisi
981 4679 1020 4736 ut
1044 4666 1260 4738 castimoniae
1287 4669 1455 4739 virtutem
1477 4669 1554 4767 pari
1576 4665 1798 4738 custodirent
1820 4669 2044 4739 consensu?

444 4783 592 4858 Videbat
609 4787 742 4884 quippe
756 4809 793 4856 se
807 4809 827 4855 a
843 4783 1050 4883 parentibus
1067 4784 1112 4856 ad
1134 4787 1276 4884 nuptias
1291 4787 1388 4882 cogi,
1409 4811 1452 4858 ex
1468 4787 1544 4885 ipsa
1563 4788 1716 4858 maxime
1730 4784 1815 4882 legis
1829 4787 2043 4878 sanctione,

443 4929 521 4998 quae
540 4904 606 4975 sub
622 4903 810 4977 maledicto
833 4901 991 5001 ponebat
1014 4927 1139 4976 omnes
1157 4905 1219 5001 qui
1237 4929 1311 4975 non
1331 4905 1573 5003 relinquerent
1592 4929 1714 5014 semep
1729 4907 1765 4975 in
1780 4903 1899 4975 lsrael.
1919 4907 2049 4979 Nove·

1658 5049 1683 5094 s

480 5181 488 5204 ¹
504 5178 573 5238 me,
587 5193 642 5244 cap.
656 5196 677 5242 t,
692 5161 715 5230 ν’.
728 5179 769 5230 ee.
782 5207 813 5216 -
825 5178 836 5206 ·
850 5179 913 5231 rua.
927 5179 980 5222 -·
993 5179 1054 5233 xav.
1068 5179 1219 5242 seruatum,
1236 5183 1297 5244 opp.
1311 5191 1328 5231 ι.
1345 5181 1385 5243 ιν,
1401 5191 1463 5247 paa.
1480 5180 1517 5242 u,
1531 5181 1580 5231 σοι.
1599 5179 2013 5244 m.-·mc.,eap.1,v.as.
