4522 6104
1033 989 1087 1078 V.

936 1231 1187 1338 strutus

505 1479 879 1567 auaartsslltutt
905 1473 1212 1560 normanna
1242 1473 1628 1561 ranacuvrrsvs

712 1690 822 1742 Juxta
845 1689 1028 1742 noema!
1051 1690 1204 1742 PROPTER
1227 1689 1417 1748 SBQUAMH.

560 1865 598 1938 [E
609 1865 692 1919 Gallia
704 1865 854 1928 Christiana,
867 1877 887 1919 t.
898 1863 969 1930 ΧΠ,
984 1883 1013 1935 p.
1029 1861 1231 1918 stu-etwid‘e
1242 1883 1332 1935 supra,
1345 1884 1374 1936 p.
1389 1862 1418 1916 71
1433 1862 1467 1916 ad
1478 1860 1581 1937 linem]

325 2389 353 2458 Ι.
383 2384 517 2456 Heloisa
536 2411 610 2481 quae
629 2384 794 2474 Heloism,
816 2383 967 2454 Helvidis
983 2399 1017 2454 et
1032 2381 1177 2454 Helvisa
1194 2385 1229 2453 in
1249 2381 1420 2454 nonnullis
1436 2383 1518 2454 locis
1535 2385 1719 2456 dicitas...

326 2509 371 2576 11.
400 2509 498 2576 at...
525 2506 679 2601 quaedam
698 2507 796 2575 cessit
812 2530 903 2576 anno
923 2507 1017 2580 1179
1040 2505 1245 2574 monasterio
1267 2505 1448 2599 Ripatorii.
1468 2509 1569 2574 Forte
1594 2505 1788 2576 Melisendis
1809 2521 1858 2575 est
1959 2517 1961 2522 “

222 2637 224 2642 ’
278 2650 352 2720 quta
379 2625 530 2696 omnium
552 2624 721 2694 bonorum
748 2624 894 2696 coenobii
918 2621 1152 2694 Paraclitensis
1172 2622 1463 2694 confirmationem
1482 2623 1630 2694 obtinuit
1646 2650 1665 2696 a
1683 2625 1788 2696 Lucio
1806 2627 1857 2694 III

279 2771 408 2814 summo
425 2743 585 2838 pontifice
596 2767 687 2814 anno
700 2743 835 2815 circiter
846 2749 861 2816 1
872 2743 955 2818 182.
974 2744 1172 2847 Composuit
1188 2744 1281 2818 1185
1294 2767 1371 2814 cum
1385 2743 1552 2813 Guibcrto
1561 2743 1683 2814 abbate
1697 2747 1858 2814 Centum·

278 2864 411 2934 verulae.
431 2867 473 2934 Α.
492 2865 659 2934 Garnerio
671 2865 829 2959 episcopo
847 2864 1004 2935 Trecensi
1025 2863 1174 2934 obtinuit
1186 2861 1358 2933 ecelesiam
1371 2863 1595 2958 parochialem
1615 2864 1720 2933 sancti
1742 2861 1857 2930 Albini
1875 2881 1882 2897 ·

278 3009 369 3053 anno
380 2987 394 3055 l
404 2988 417 3055 1
427 2985 629 3056 93.Donata
639 2983 797 3055 estetiam
805 3008 895 3055 anno
904 2985 1058 3079 sequenti
1071 2982 1224 3078 pluribus
1233 2982 1275 3052 ab
1284 2981 1403 3052 eodem
1412 2983 1584 3076 episcopo,
1595 2981 1858 3077 quamdedicata

278 3120 328 3174 est
338 3102 474 3174 eeclesia
486 3101 654 3192 Paracliti,
669 3118 702 3176 et
712 3103 748 3172 in
758 3128 832 3173 eam
841 3103 980 3174 fuerunt
993 3102 1194 3174 introductae
1205 3101 1375 3172 moniales.
1392 3101 1513 3172 Adhuc
1523 3116 1689 3198 superstes
1702 3117 1775 3170 erat
1786 3103 1859 3169 Me·

278 3219 415 3292 lisandis
430 3246 522 3291 anno
538 3225 653 3310 42023
673 3237 880 3292 memoratur
894 3223 932 3291 in
947 3221 1138 3292 calendario
1152 3219 1367 3291 Paraclitensi
1380 3244 1442 3290 xlv
1456 3218 1610 3291 calendas
1623 3220 1827 3289 novembris.

328 3343 391 3411 ΙΙΙ.
418 3345 497 3411 1....
519 3342 679 3411 subanno
694 3345 801 3416 1203.
821 3345 922 3422 Forte
935 3343 997 3413 Ida
1009 3369 1084 3438 quae
1096 3342 1243 3414 occurrit
1256 3345 1350 3416 1209
1369 3343 1406 3410 in
1422 3341 1522 3412 cartis
1533 3339 1807 3410 Vallis-lucentis.

327 3460 389 3528 lv.
417 3459 657 3553 Ermengardis
671 3459 788 3530 eadem
810 3460 899 3531 forte
911 3485 989 3531 cum
1007 3463 1047 3531 E.
1068 3487 1144 3557 quae
1161 3486 1251 3531 anno
1270 3465 1363 3535 1210
1386 3461 1554 3554 reperitur
1570 3461 1605 3529 in
1622 3461 1723 3530 cartis
1739 3457 1861 3528 Vallis-

279 3575 432 3646 lucentis.
449 3577 634 3672 Componis
646 3602 736 3648 anno
753 3582 849 3652 1211
862 3605 939 3650 cum
957 3585 1137 3652 Homerico
1153 3580 1196 3652 de
1209 3583 1342 3651 Lesmio
1356 3580 1398 3650 de
1415 3580 1613 3675 quibusdam
1625 3580 1775 3650 decimis.
1795 3581 1862 3648 Eo·

280 3693 357 3762 dem
378 3718 468 3764 anno
484 3717 598 3764 mense
620 3693 790 3766 decembri
809 3710 1030 3784 memoratur,
1047 3700 1134 3767 siout
1150 3713 1184 3766 et
1197 3699 1293 3766 annis
1315 3703 1422 3786 1215,
1440 3699 1534 3772 1219
1551 3699 1588 3767 in
1605 3695 1770 3766 tabulario
1788 3721 1863 3766 san·

281 3815 326 3884 cti
341 3815 509 3903 Quiriaci,
526 3817 621 3886 1220
636 3813 672 3882 in
689 3829 781 3883 carta
793 3816 919 3908 Joyaci.
941 3815 1085 3884 Litteras
1101 3814 1196 3884 dedit
1206 3841 1298 3885 anno
1316 3815 1424 3904 1228,
1444 3841 1558 3886 mense
1575 3832 1716 3909 augusto
1735 3817 1770 3884 in
1788 3819 1862 3910 qui·

281 3933 345 4004 bus
357 3935 563 4004 mentionem
581 3931 843 4027 facitcujusdam
857 3933 1062 4006 venditionis
1074 3933 1169 4006 factae
1184 3934 1388 4005 aLudovieo
1404 3936 1454 4001 IX
1470 3935 1636 4027 priorissae
1650 3933 1693 4002 ds
1710 3939 1858 4004 Boreae.

282 4055 400 4122 Petrus
416 4051 598 4122 Meldensis
617 4053 754 4122 antistes
765 4053 876 4146 jussus
887 4077 906 4122 a
919 4077 1050 4123 summo
1070 4053 1242 4148 pontifice,
1264 4068 1434 4123 annuente
1446 4052 1684 4146 Ermengardi‚
1705 4055 1863 4146 praecepit

282 4185 320 4239 ut
330 4170 365 4241 ia
379 4170 532 4264 prioratu
549 4167 592 4238 de
607 4169 762 4240 Noaforti
778 4168 868 4264 apud
881 4168 1011 4240 Meldas
1024 4169 1185 4242 moniales
1196 4197 1267 4241 non
1278 4185 1391 4242 essem
1403 4169 1491 4240 ultra
1509 4172 1576 4257 25.
1587 4193 1699 4238 meuse
1715 4169 1863 4238 octobris

285 4290 392 4361 1229.
413 4291 491 4385 Ipsa
509 4313 586 4358 cum
608 4286 805 4357 Tbeobaldo
826 4289 1017 4385 Campania
1033 4290 1156 4366 comite
1178 4291 1227 4360 de·
1239 4289 1384 4385 quadam
1399 4290 1625 4360 controversia
1642 4291 1864 4382 compromis-

284 4431 364 4476 sum
377 4407 457 4476 facit
477 4431 566 4477 anno
584 4409 679 4480 1233
696 4431 810 4478 mense
831 4409 932 4478 maio.
957 4411 1043 4480 Cum
1063 4409 1182 4480 eodem
1202 4410 1324 4480 cornito
1340 4433 1431 4480 anno
1449 4408 1568 4478 eodem
1590 4430 1702 4476 mense
1723 4420 1863 4499 augusto

284 4528 463 4621 paciscitur
477 4549 579 4622 super
587 4525 723 4598 usuario
736 4527 882 4598 nemoris
899 4527 941 4598 de
958 4543 1073 4598 monte
1089 4529 1220 4598 Morvei
1232 4544 1266 4598 et
1279 4529 1426 4598 nemoris
1440 4527 1532 4622 quod
1544 4540 1682 4596 vocatur
1692 4525 1863 4596 Asellum·

279 4649 417 4742 ponam,
438 4647 621 4741 quostiam
637 4670 727 4716 anno
740 4647 806 4718 sibi
821 4646 1026 4718 satisfactum
1043 4648 1142 4718 fuisse
1160 4672 1180 4716 a
1195 4649 1318 4718 comite
1331 4646 1553 4742 recognoscit.
1574 4647 1755 4739 Reperitur
1766 4646 1866 4716 etiam

287 4765 435 4837 123481
454 4767 550 4838 1239
566 4789 634 4860 quo
650 4764 766 4836 vendit
784 4765 962 4838 duodecim
980 4767 1137 4838 denarios
1157 4766 1327 4838 censuales
1345 4769 1446 4836 Petro
1460 4767 1503 4835 de
1519 4765 1709 4836 Carteriaco
1726 4765 1865 4834 domiuo

231 4917 233 4926 ·
286 4884 328 4952 da
345 4883 501 4954 Castello.
526 4885 654 4955 Minuit
670 4886 765 4958 1244
785 4909 898 4958 mense
914 4887 1004 4956 maio
1021 4909 1199 4958 numerum
1217 4884 1520 4958 sanctimonialium
1536 4885 1704 4982 prioratus
1723 4884 1766 4953 de
1782 4887 1864 4952 Bos·

287 5028 408 5094 renem
440 5029 619 5076 numerum
640 5028 775 5101 quoque
795 5005 992 5078 monialium
1015 5007 1056 5078 de
1079 5005 1264 5102 Triangulo
1285 5007 1328 5076 ad
1345 5009 1392 5080 25
1419 5006 1666 5078 determinavit.
1693 5005 1865 5100 Significat

289 5150 378 5195 anno
393 5127 506 5215 tata,
521 5151 635 5198 mense
647 5127 849 5222 septembri,
864 5153 931 5200 sea
947 5130 1069 5200 comite
1083 5128 1275 5224 Campania
1286 5129 1529 5228 accepisselssd
1537 5127 1657 5223 jugera
1668 5127 1814 5196 nemoris
1828 5127 1863 5194 in
