4536 6102
664 575 897 650 EXPOSlTlO
924 573 1158 652 oraticula
1182 576 1423 652 DOMlNlCAE.
1767 573 1831 650 601
1900 532 1911 550 .

256 711 299 778 Et
315 710 345 780 si
360 707 410 780 illi
426 735 500 784 non
515 729 643 786 curant
654 737 786 814 panem
796 720 903 791 istum
920 719 1026 792 nobis
1043 713 1221 817 frangere,
1240 735 1280 793 tu
1296 721 1373 818 ipse
1382 743 1449 790 nos
1465 742 1571 816 pasce
1584 741 1648 816 per
1661 719 1839 791 occultam
1868 789 1870 792 .

256 827 400 924 spiritus
416 831 469 900 tui
485 833 756 928 aspirationem,
776 849 816 906 ut
832 837 927 907 intus
943 862 1008 934 per
1022 854 1056 908 te
1072 839 1253 936 capiamus
1269 862 1420 936 panem,
1440 862 1513 933 quo
1531 836 1616 906 foris
1633 834 1840 908 fraudamur

256 971 322 1046 per
338 947 481 1026 illorum
497 954 788 1027 taciturnitatem.
809 983 829 1024 u
843 960 976 1029 Panem
994 974 1156 1030 nostrum
1173 957 1425 1056 quotidianum
1441 955 1609 1029 danobis
1625 955 1746 1028 hodie.
1764 986 1780 1024 u

902 1198 1036 1245 rarrrro
1056 1198 1198 1258 Qumra.

308 1383 325 1420 ιι
348 1356 494 1429 Dimitte
515 1358 620 1430 nobis
636 1359 759 1433 debita
774 1377 915 1450 nostra,
934 1365 1024 1434 sicut
1037 1372 1077 1434 'et
1096 1388 1163 1435 nos
1184 1362 1396 1436 dimittimus
1416 1362 1636 1435 debitoribus
1658 1361 1800 1433 nostris.
1822 1387 1839 1426 ιι

257 1475 377 1559 Quam
401 1478 521 1550 multis
539 1479 717 1572 timenda,
737 1507 846 1578 quam
868 1484 988 1555 multis
1009 1484 1210 1581 perniciosa
1232 1499 1302 1573 est,
1324 1483 1465 1572 fratres,
1488 1485 1555 1556 ista
1572 1482 1702 1556 oratio!
1725 1482 1842 1554 Multis

255 1598 387 1668 etenim
408 1599 488 1696 plus
509 1600 647 1672 confert
668 1600 873 1675 detrimenti
893 1627 1003 1702 quam
1024 1605 1222 1700 augmenti,
1248 1605 1328 1704 plus
1350 1604 1475 1676 damni
1495 1631 1606 1702 quam
1627 1605 1729 1676 lucri.
1751 1607 1840 1674 Sunt

255 1727 411 1812 namque
422 1717 587 1814 quidam,
601 1721 663 1816 qui
679 1746 923 1820 permagnam
934 1723 991 1795 vel
1007 1723 1153 1820 longam
1167 1723 1394 1821 malignitatis
1406 1725 1461 1796 vel
1476 1707 1644 1797 odiorum
1657 1723 1840 1795 malitiam¹

257 1833 442 1927 obdurati,
461 1838 540 1911 illos
556 1843 619 1939 qui
635 1869 701 1941 per
722 1842 878 1940 aliquam
899 1843 1066 1941 injuriam
1083 1843 1168 1916 facti
1185 1860 1269 1917 sunt
1285 1845 1352 1916 illis
1369 1843 1568 1933 debitores,
1588 1843 1754 1915 manibus
1771 1841 1842 1912 suis

255 1952 382 2028 laedere
398 1956 455 2026 vel
471 1957 633 2054 jugulare
653 1961 941 2059 concupiscunt:
962 1986 1029 2033 nec
1044 1986 1113 2061 pro
1131 1963 1260 2034 timore
1276 1964 1360 2051 Dei,
1380 1961 1443 2033 sed
1465 1963 1630 2060 precibus
1651 1961 1840 2032 hominum

255 2071 532 2146 satisfactionem
548 2080 720 2178 recipere,
740 2080 795 2151 vel
811 2081 1047 2152 concordiam
1064 2079 1181 2152 facere
1196 2080 1336 2152 volunt.
1351 2086 1404 2152 De
1420 2081 1551 2152 talibus
1568 2081 1739 2178 scriptum
1756 2083 1840 2150 est¹:

258 2193 367 2264 «Uva
385 2217 528 2285 eorum,
547 2222 616 2270 uva
634 2198 739 2290 fellis,
757 2215 793 2272 et
813 2199 940 2272 botrus
956 2200 1210 2272 amarissimus.
1231 2201 1290 2271 Fel
1308 2200 1507 2274 draconum
1523 2204 1628 2274 vinea
1645 2226 1789 2288 eorum,
1808 2214 1844 2270 et

259 2336 437 2384 venenum
449 2316 614 2414 aspidum
627 2319 837 2390 insanabile.
853 2321 956 2407 »Qui
973 2344 1086 2417 quum
1102 2318 1189 2390 tales
1201 2320 1289 2408 sint,
1303 2313 1437 2392 secrete
1454 2335 1575 2392 tamen
1588 2322 1634 2392 ad
1650 2319 1843 2391 Ecclesiam

257 2431 462 2532 confluunt,
484 2449 519 2506 et
539 2461 664 2508 coram
684 2442 763 2509 Deo
784 2453 819 2509 et
840 2437 942 2509 altari
962 2439 1038 2534 ejus
1060 2452 1203 2509 orantes
1223 2436 1373 2508 dicunt:
1393 2442 1530 2510 «Pater
1551 2453 1686 2527 noster,
1702 2436 1844 2508 dimitte

258 2552 362 2624 nobis
379 2552 501 2626 debita
517 2570 653 2646 nostra,
664 2572 734 2629 etc.
748 2585 766 2626 ιι
786 2556 869 2647 Sed,
884 2583 906 2628 ο
921 2558 1049 2629 misera
1065 2554 1284 2656 insipientia!
1306 2582 1329 2628 ο
1347 2557 1467 2628 infelix
1483 2554 1733 2655 praesumptio!
1753 2557 1843 2627 iram

256 2672 322 2741 Dei
346 2671 536 2744 adversum
561 2701 598 2747 se
622 2676 788 2776 precibus
814 2673 1028 2776 provocare!
1048 2680 1167 2747 Homo
1191 2674 1332 2748 homini
1357 2692 1515 2748 reservat
1540 2679 1647 2765 iram,
1668 2691 1703 2746 et
1725 2701 1745 2746 a
1766 2681 1843 2747 Deo

259 2791 383 2882 quaerit
403 2792 705 2866 misericordiam?
722 2797 813 2866 Sunt
834 2809 954 2867 autem
975 2791 1124 2890 quidam
1144 2793 1361 2892 imperfecti,
1385 2818 1540 2890 quorum
1562 2794 1841 2892 imperfectioni,

258 2911 348 2982 sicut
365 2911 451 2983 dicit
467 2910 594 2983 beatus
612 2915 847 3008 Augustinus,
864 2913 986 2984 divina
1007 2912 1187 2984 miseratio
1204 2910 1512 3000 condescendens,
1532 2912 1699 2984 concedit
1719 2889 1770 2984 ut⁴
1781 2911 1846 2984 sal·

257 3041 331 3099 tem
351 3046 438 3102 tunc
459 3028 682 3103 debitoribus
705 3033 778 3102 suis
800 3031 922 3103 debita
942 3029 1142 3119 dimittant,
1163 3055 1276 3128 quum
1299 3033 1367 3129 ipsi
1383 3031 1564 3104 debitores
1584 3031 1843 3128 indulgentiam

256 3146 303 3218 ab
320 3150 370 3220 eis
386 3147 454 3219 sibi
470 3147 548 3220 dari
565 3150 836 3248 postulaverint.
858 3152 957 3223 Sicut
972 3151 1149 3222 Dominus
1165 3175 1269 3223 serre
1291 3176 1358 3222 suo
1380 3176 1536 3249 nequam
1558 3151 1681 3222 fecisse
1700 3151 1841 3248 legitur,

255 3268 563 3364 quemadmodum
584 3271 756 3369 scriptum
777 3274 862 3345 est⁸:
883 3275 1024 3345 «Serve
1039 3293 1214 3370 nequam,
1231 3297 1343 3354 ,omne
1359 3272 1522 3344 debiturn
1543 3273 1662 3344 dimisi
1677 3271 1744 3343 tibi
1760 3273 1845 3370 quia

255 3391 387 3484 rogasti
408 3414 478 3462 me.
498 3419 514 3456 u
538 3393 751 3488 Quicunque
777 3406 898 3464 autem
918 3407 1062 3488 rogatus
1082 3417 1105 3463 a
1124 3391 1288 3464 debitore
1311 3385 1474 3464 debiturn
1495 3390 1683 3486 cujuslibet
1707 3392 1844 3488 injuriae

256 3506 435 3581 dimittere
456 3510 668 3599 contemnit,
687 3511 725 3582 in
742 3534 877 3583 vanum
894 3510 961 3582 sibi
976 3536 996 3582 a
1011 3511 1171 3583 Domino
1188 3511 1320 3583 dimitti
1336 3510 1499 3583 debitum
1515 3511 1652 3608 peccati
1669 3511 1721 3582 sui
1739 3511 1840 3608 petit.

139 3717 145 3728 .
256 3629 427 3713 Quinimo
445 3631 558 3726 magis
573 3628 661 3701 illud
678 3631 769 3702 iram
780 3630 912 3727 judicis
933 3647 1100 3728 aggravat
1116 3655 1225 3729 quam
1244 3630 1397 3703 alleviat.
1420 3632 1592 3717 Quamvis
1608 3655 1695 3702 vero
1716 3633 1845 3728 imper·

257 3748 356 3820 fectis
376 3748 596 3821 concedatur
616 3773 680 3821 sua
700 3775 806 3849 posse
826 3752 1025 3848 requirere,
1044 3739 1323 3823 satisfactionem
1336 3750 1382 3821 de
1403 3750 1471 3822 sibi
1492 3751 1589 3822 illata
1609 3752 1740 3848 injuria
1759 3751 1846 3822 reci-

257 3893 359 3964 pere,
379 3884 414 3940 et
431 3893 451 3940 a
468 3867 692 3942 debitoribus
703 3859 827 3966 irogari
844 3869 889 3940 de
905 3868 1127 3966 indulgentia
1148 3897 1155 3938 :
1175 3870 1205 3939 si
1221 3883 1340 3940 tamen
1359 3866 1447 3939 nihil
1464 3869 1597 3939 horum
1614 3868 1691 3940 lieri
1707 3871 1844 3942 eontin-

258 4005 335 4083 gat,
355 3987 491 4060 debent
518 3989 669 4060 omnino
691 3989 830 4088 proprii
854 3987 973 4060 cordis
996 3988 1086 4060 iram
1106 3987 1300 4077 refrenare,
1318 4002 1354 4059 et
1378 3987 1544 4060 tenebras
1567 3988 1736 4061 odiorum
1761 4015 1781 4060 a
1806 4014 1853 4083 se¹

258 4107 407 4205 pellere,
427 4132 603 4180 memores
624 4107 717 4180 illius
734 4107 857 4180 Jacobi
874 4107 1041 4206 apostoli⁶
1060 4135 1068 4178 :
1088 4137 1105 4176 u
1124 4112 1179 4178 lra
1198 4107 1295 4178 enim
1310 4107 1378 4179 viri
1394 4107 1568 4201 justitiam
1585 4108 1651 4176 Dei
1668 4132 1743 4178 non
1761 4131 1844 4204 ope

257 4241 369 4298 ratur.
387 4256 405 4293 ιι
425 4229 503 4298 Et⁵:
522 4256 539 4293 u
549 4228 626 4315 ¹Qui
642 4227 723 4299 odit·
734 4227 880 4300 fratrem
896 4251 1014 4317 suum,
1030 4226 1102 4298 boc
1120 4241 1189 4314 est,
1204 4227 1322 4300 omnis
1337 4224 1533 4316 homicida,
1550 4250 1625 4296 non
1642 4223 1751 4296 babet
1767 4249 1842 4322 par-

257 4359 331 4417 tem
347 4349 386 4418 in
401 4371 512 4443 regno
524 4347 628 4417 Dei.»
640 4347 883 4418 Perfectorum
899 4361 1019 4418 autem
1035 4360 1088 4418 est
1104 4344 1272 4417 omnibus
1289 4347 1411 4416 omnia
1429 4343 1539 4416 corde
1555 4369 1661 4442 pure,
1677 4341 1775 4414 vultu
1791 4343 1845 4438 ju·

257 4465 393 4554 cundo,
409 4467 486 4536 sine
502 4466 761 4536 restauratione
776 4489 914 4554 rerum,
931 4466 1007 4536 sine
1023 4464 1263 4538 satisfactione
1279 4465 1503 4561 injuriarum,
1522 4479 1557 4535 et
1572 4464 1649 4534 sine
1662 4459 1840 4560 precibus,

259 4585 331 4656 suis
349 4583 573 4656 debitoribus
588 4584 794 4680 indulgere:
814 4586 960 4683 insuper
976 4601 1012 4658 et
1029 4611 1093 4658 sua
1109 4585 1278 4674 tribuere,
1297 4600 1333 4656 et
1354 4583 1527 4682 obsequia
1547 4583 1729 4656 charitatis
1750 4580 1844 4652 exbi-
1868 4594 1874 4605 “

259 4702 358 4776 bere.
379 4705 569 4778 Provideat
589 4706 696 4802 igitur
713 4707 956 4803 unusquisque
973 4705 1041 4777 sibi
1058 4707 1094 4777 in
1112 4707 1274 4778 oratione
1290 4707 1376 4776 ista:
1392 4705 1570 4776 «Dimitte
1587 4701 1706 4789 nobis,
1724 4713 1839 4798 pater,

263 4823 385 4896 debita
401 4841 540 4914 nostra,
554 4826 645 4898 sicut
661 4840 695 4897 et
712 4851 779 4898 nos
795 4825 1007 4898 dimittimus
1023 4823 1246 4898 debitoribus
1264 4825 1412 4910 nostris,
1431 4854 1446 4891 ιι
1465 4839 1500 4894 et
1516 4825 1544 4894 si
1562 4848 1628 4921 pro
1646 4821 1766 4917 aliqua
1778 4818 1845 4890 fra-

294 5071 302 5096 ¹
322 5045 398 5122 Aliter
411 5077 570 5124 trititiam·
583 5071 780 5142 'Derttemap
796 5089 878 5137 xxxu,
893 5089 916 5124 ι.
936 5075 976 5122 31.
988 5072 1041 5112 --Ι
1056 5072 1152 5136 natm,
1167 5089 1221 5140 cap.
1242 5089 1315 5134 artu,
1328 5089 1351 5122 ι.
1370 5074 1411 5122 st.
1426 5099 1452 5108 -
1467 5070 1582 5130 ‘Jacob¹
1605 5083 1660 5134 cap.
1677 5085 1701 5131 r,
1717 5084 1740 5118 v.
1754 5067 1796 5116 ²0.
1810 5091 1843 5104 -

261 5155 351 5226 'leam
365 5159 392 5222 1,
404 5174 461 5226 cap.
471 5176 512 5222 ιιι,
522 5176 546 5212 ιι.
559 5162 598 5211 15.

379 5263 390 5306 ι
647 5279 652 5286 -
1333 5237 1337 5242 ’
1681 5227 1847 5304 76Ι
