4536 6102
672 571 905 648 exrosruo
931 569 1166 648 omuours
1188 541 1431 646 norrmcn.

765 847 951 896 combusto
975 847 1100 896 ΗΔΜΙΜ
1123 847 1345 898 PE'MIONUM.

319 1063 336 1101 u
354 1040 479 1108 Amen.
504 1061 522 1102 n
553 1037 812 1131 interpretatur
841 1053 943 1120 vere,
971 1046 1009 1103 et
1036 1031 1221 1104 concludit
1252 1055 1379 1104 omnes
1410 1029 1642 1129 praecedentis
1678 1028 1850 1100 orationis

256 1152 457 1254 petitiones
487 1183 495 1226 :
522 1183 540 1222 «
564 1150 696 1244 Amen',
722 1181 740 1220 n
761 1145 864 1249 qua'si
883 1151 1045 1224 dicamus
1066 1180 1074 1222 :
1093 1155 1126 1223 Ο
1151 1158 1253 1224 Pater
1269 1167 1404 1244 noster,
1422 1153 1485 1251 qui
1505 1177 1543 1223 es
1568 1152 1605 1222 in
1631 1148 1744 1239 coelis,
1769 1172 1851 1220 vere

246 1272 508 1372 ,sanctificetur
536 1297 671 1344 nomen
701 1287 821 1361 tuum,
849 1296 933 1343 vere
963 1271 1131 1347 adveniat
1159 1295 1310 1368 regnum
1336 1287 1456 1362 tuum,
1483 1293 1566 1344 vere
1595 1268 1658 1341 fiat
1685 1268 1852 1340 voluntas
1931 1301 1935 1309 ·

270 1410 332 1466 tua
353 1395 501 1466 sicutin
523 1392 614 1466 coelo
636 1394 729 1464 etin
756 1406 868 1482 terra,
901 1416 986 1466 vere
1018 1415 1151 1491 panem
1186 1406 1351 1464 nostrum
1382 1388 1634 1490 quotidianum
1660 1388 1723 1460 des
1747 1387 1853 1460 nobis

272 1513 399 1603 bodie,
428 1538 511 1586 vere
533 1512 691 1585 dimittas
711 1511 819 1584 nobis
838 1511 960 1589 debita
981 1525 1118 1603 nostra,
1137 1513 1229 1584 sicut
1253 1526 1289 1583 et
1314 1536 1382 1583 nos
1397 1511 1610 1582 dimittimus
1630 1505 1854 1580 debitoribus

273 1634 422 1720 nostris,
450 1657 534 1704 vere
560 1657 606 1703 nc
631 1656 698 1708 nos
723 1629 873 1703 inducas
899 1632 936 1702 in
964 1633 1219 1720 tentationem,
1239 1655 1322 1704 vere
1347 1629 1476 1704 liberes
1501 1655 1569 1702 nos
1595 1654 1616 1701 a
1648 1627 1757 1700 malo.
1787 1633 1855 1698 Ista

272 1768 343 1838 est,
363 1751 501 1841 fratres,
513 1751 645 1847 jugiter
657 1747 883 1839 meditanda,
901 1751 969 1822 ista
984 1764 1038 1822 est
1046 1750 1177 1848 jugiter
1193 1749 1348 1823 dicenda
1362 1750 1493 1838 oratic,
1512 1763 1637 1847 utpote
1653 1772 1764 1846 quam
1780 1748 1855 1844 ipse
1937 1831 1942 1842 ι

271 1870 434 1943 Salvator
450 1869 592 1960 docuit,
612 1884 648 1940 et
663 1893 734 1965 qua
753 1868 859 1940 nobis
880 1872 1021 1940 Patrem
1037 1893 1143 1942 orare
1164 1871 1344 1970 praecepit.
1364 1868 1471 1942 Nulla
1484 1883 1538 1940 est
1552 1870 1650 1940 enim
1664 1868 1730 1940 ista
1741 1864 1854 1937 subli-

273 1990 380 2076 mior,
390 1985 883 2085 nullautilior.Suntquidam
891 1988 1071 2084 qui,sicut
1080 1987 1437 2088 ethnici‚gloriantur
1449 1985 1562 2062 multa
1570 1985 1681 2059 verba
1691 1984 1853 2072 fundere,

273 2107 386 2180 multa
400 2107 568 2206 psalteria
582 2106 713 2206 legere,
733 2106 891 2180 diversas
905 2107 1015 2180 horas
1032 2107 1236 2200 decantare,
1251 2107 1406 2206 prolixas
1422 2109 1604 2180 orationes
1614 2107 1826 2190 continuare
1847 2132 1854 2174 :

273 2243 309 2298 et
334 2253 448 2325 quum
468 2252 533 2298 ore
550 2229 710 2300 Domino
731 2226 943 2325 loquuntur,
962 2252 1227 2326 nonnunquam
1247 2229 1285 2298 in
1307 2226 1439 2299 finibus
1455 2242 1558 2300 terrae
1572 2241 1759 2324 vagantur.
1784 2227 1858 2295 Me·

276 2347 446 2418 mineriut
454 2346 543 2418 tales
550 2347 739 2444 Scriptura
748 2370 822 2444 qua
830 2345 997 2418 dicitur:
1016 2346 1204 2446 «Populus
1215 2345 1276 2418 hic
1287 2345 1390 2420 labiis
1403 2371 1462 2419 rue
1472 2346 1648 2434 honorat,
1662 2369 1727 2416 cor
1740 2359 1859 2416 autem

277 2489 402 2538 eorum
426 2463 533 2562 longe
555 2480 608 2538 est
628 2490 649 2538 a
670 2491 741 2538 me.
764 2493 783 2534 >r
816 2467 938 2564 Neque
963 2466 1030 2539 ista
1060 2465 1239 2557 dicentes,
1265 2479 1396 2540 sanctae
1419 2465 1593 2540 orationis
1618 2461 1800 2540 solertiam
1827 2477 1862 2532 et

279 2598 566 2680 perseverantem
590 2584 823 2657 devotionem
843 2582 1049 2683 culpamus,
1068 2608 1180 2684 quam
1201 2583 1355 2658 multum
1381 2584 1587 2674 laudamus,
1612 2583 1700 2656 dum
1721 2581 1864 2689 prolixi·

280 2717 390 2776 tatem
407 2703 579 2775 orationis
592 2704 784 2778 comitatur
799 2703 919 2776 fervor
935 2704 1111 2777 maximus
1127 2704 1330 2778 devotionis
1339 2707 1361 2775 ¹.

311 3017 327 3053 0

738 3545 742 3552 ’
814 3525 1081 3606 Exposlrlo
1115 3525 1330 3610 SYMB⁰LI

727 3774 846 3849 QUOD
874 3777 1058 3840 ntctruu
1081 3777 1415 3844 APOSTOLORUM.

330 4044 553 4132 institutum,
577 4041 715 4133 fratres,
741 4068 762 4116 a
786 4043 948 4142 patribus
965 4047 1097 4118 sanctis
1119 4045 1311 4136 habemus,
1331 4063 1405 4120 tam
1421 4048 1626 4146 symbolum
1647 4047 1744 4137 fidei,
1767 4047 1867 4145 quod

223 4215 237 4243 ,.
280 4163 414 4235 dicitur
445 4164 712 4262 apostolorum,
743 4187 853 4262 quam
882 4165 1084 4239 orationem
1115 4166 1336 4273 dominicam
1363 4167 1410 4240 ab
1435 4167 1604 4240 omnibus
1628 4171 1899 4242 communiter·

281 4281 485 4356 christianis
507 4282 640 4356 debere
661 4283 767 4373 sciri,
785 4299 821 4356 et
841 4286 1052 4357 memoriter
1072 4286 1235 4377 retineri,
1254 4299 1294 4358 ut
1319 4289 1525 4387 promptius
1542 4303 1676 4386 queant
1701 4287 1868 4386 frequen·

283 4403 427 4476 tari.'ln
446 4401 508 4474 iilo
523 4404 658 4502 quippe
675 4402 759 4475 fidei
775 4403 953 4479 consessio
978 4405 1135 4478 breviter
1156 4420 1211 4480 est
1228 4431 1394 4505 expressa
1421 4435 1430 4480 ι
1458 4409 1496 4480 in
1521 4408 1588 4480 ista
1614 4409 1823 4480 instruimur
1848 4433 1870 4478 a

284 4522 442 4595 Domino
468 4522 649 4621 postulare
665 4524 875 4598 necessaria.
900 4531 951 4596 Ex
977 4523 1131 4598 concilio
1155 4527 1334 4618 Remensi,
1361 4525 1519 4625 capitulo
1544 4552 1620 4600 vur.
1651 4556 1668 4595 α
1687 4533 1733 4598 Ut
1751 4528 1870 4598 omnis

285 4643 472 4742 presbyter
488 4643 657 4718 omnibus
670 4646 899 4744 parochianis
915 4648 989 4721 suis
1004 4645 1210 4744 symbolum
1224 4663 1260 4720 et
1268 4650 1470 4721 orationem
1485 4648 1704 4726 dominicam
1719 4662 1781 4719 aut
1796 4650 1871 4745 ipse

286 4765 463 4856 insinuet,
481 4780 544 4838 aut
567 4766 783 4840 insinuanda
802 4766 964 4864 injungat
983 4796 992 4842 ε
1009 4781 1053 4840 nt
1066 4791 1183 4866 quum
1196 4767 1244 4842 ad
1259 4767 1522 4842 confessionem
1538 4784 1700 4867 tempore
1713 4765 1872 4866 quadra·

292 4882 451 4977 gesimali
464 4883 647 4974 venerint,
661 4884 737 4956 haec
753 4885 801 4957 ab
812 4909 1034 4986 unoquoque
1053 4888 1263 4962 memoriter
1278 4887 1345 4965 sibi
1361 4888 1546 4964 decantari
1564 4887 1681 4962 saciat.
1701 4891 1774 4960 Nec
1791 4901 1873 4959 ante

324 5141 333 5170 ¹
354 5141 455 5209 latu..
468 5159 524 5211 cap.
536 5159 578 5208 xv,
591 5159 617 5198 v.
629 5144 699 5197 8.·—'
709 5145 752 5202 Est
762 5156 789 5200 st
798 5147 846 5202 dit
857 5145 930 5218 bssr
942 5148 1058 5204 oratiomr
1071 5149 1199 5216 expositio.
1212 5148 1274 5203 Vide
1283 5165 1370 5219 supra,
1381 5167 1408 5218 p.
1418 5151 1476 5205 466.
1487 5150 1566 5204 Seru.
1580 5153 1604 5206 in
1615 5151 1702 5206 diebus
1713 5151 1875 5218 mpetum.
