4590 6106
898 633 901 642 ’
945 609 1091 684 NOTAE.
1762 605 1806 678 tt

231 750 345 808 manilio
358 749 442 804 etiarn
459 747 566 804 domini
580 745 713 804 Gsufrisli
725 747 898 802 carnotensis
909 749 1048 820 episcopi,
1070 766 1103 804 ιιι
1125 745 1230 802 solidos
1243 745 1361 820 singulis
1376 746 1457 802 annis
1471 764 1488 800 a
1498 744 1661 818 presbytero
1672 743 1710 800 de
1724 744 1811 800 bene·

231 843 302 898 ficiis
314 839 439 915 ejusdem
450 838 571 907 ecclesie
583 837 787 912 persolvendos.
797 861 811 889 n

845 995 919 1052 Nota
935 994 1048 1066 XLIII,
1067 1012 1131 1070 pag.
1150 998 1195 1053 ib.

268 1146 536 1219 Stephcnmqur'ppe
545 1146 621 1217 regis
631 1153 698 1198 tunc
706 1141 778 1215 dupr'
791 1161 894 1197 er...-
901 1141 960 1198 Nec
970 1141 1038 1198 hinc
1051 1151 1126 1198 certe
1139 1141 1230 1215 magis
1239 1141 1352 1216 precisa
1362 1143 1497 1216 temporis
1506 1141 1581 1198 illius
1589 1141 1715 1200 definitio
1723 1153 1815 1218 potest

231 1238 301 1294 erni.
322 1237 393 1292 Nam
408 1247 437 1292 et
453 1235 612 1308 Stephanus
624 1234 747 1307 dapifer,
767 1235 844 1308 regis
855 1232 989 1290 ludovici
1002 1233 1106 1290 litteris
1125 1234 1208 1288 etiam
1230 1250 1304 1288 anno
1324 1235 1393 1291 ⁴⁴20
1413 1243 1496 1308 atque
1515 1236 1598 1301 rtis,
1620 1235 1814 1309 subscripsisse

230 1329 335 1404 legitur
347 1328 376 1382 iu
391 1327 513 1383 archivis
527 1325 623 1382 Sancti
638 1325 775 1398 Dionysii.
788 1326 884 1396 Quare
902 1325 1084 1398 pretermissa
1105 1323 1302 1400 disquisitione
1320 1325 1390 1396 ista,
1405 1323 1556 1380 ridendum
1572 1327 1630 1397 jam
1645 1327 1814 1402 potiusquis

231 1420 316 1478 fuerit
329 1421 376 1476 hic
391 1418 500 1494 dapifer
516 1419 575 1474 sive
587 1417 753 1474 senescallus
771 1418 940 1491 Stephanus.
957 1419 1043 1492 Hugo
1056 1416 1092 1474 de
1105 1418 1207 1474 Cleriie
1224 1419 1254 1472 in
1268 1418 1469 1474 commentario
1482 1415 1517 1473 de
1530 1418 1668 1490 mammtu
1683 1430 1713 1475 et
1733 1438 1813 1476 sene-

231 1514 328 1570 scalcia
342 1513 465 1569 Francius
486 1511 636 1568 comitibus
657 1511 725 1568 olim
747 1510 994 1586 Andegarensihus
1007 1512 1192 1581 hereditaria,
1212 1511 1296 1568 docet
1315 1512 1399 1568 fuisse
1417 1511 1591 1586 Stephanum
1609 1511 1645 1568 de
1661 1512 1812 1582 Gar-lauda,

232 1604 375 1660 Guillelmi
396 1604 432 1660 de
447 1603 590 1662 Garlands
610 1603 729 1678 dapiferi
750 1619 951 1673 successuum,
972 1601 1018 1658 bis
1039 1603 1155 1660 verbis:
1179 1603 1377 1661 «Gnillelrnns
1393 1603 1429 1658 de
1447 1602 1589 1660 Garlanda
1610 1614 1677 1660 tunc
1696 1606 1817 1665 francie

233 1695 398 1752 senescallus
410 1699 571 1772 recognovit
583 1697 613 1752 in
626 1696 675 1752 illo
690 1696 830 1772 colloquio
840 1697 1001 1752 hominium
1016 1714 1044 1752 se
1057 1696 1160 1753 dehere
1172 1698 1269 1754 comiti
1281 1695 1398 1754 Fulconi
1411 1695 1447 1752 de
1459 1696 1623 1754 senescalcia
1637 1697 1775 1770 Francis,
1788 1711 1818 1756 et

232 1791 297 1846 inde
315 1789 371 1846 fuit
394 1791 423 1844 in
444 1789 587 1846 voluntate
601 1789 722 1846 comitis.
735 1790 803 1846 Post
815 1788 1003 1846 Guillelmum
1022 1789 1077 1846 fnit
1094 1790 1260 1848 senescallus
1279 1791 1438 1865 Stephanus
1457 1789 1493 1846 de
1505 1789 1663 1860 Garlanda,
1680 1793 1729 1866 qni
1753 1794 1817 1850 fecit

234 1883 392 1938 hominium
403 1882 512 1938 comiti.
528 1906 541 1934 ι
558 1881 613 1939 Sed
628 1882 707 1957 qnod
718 1893 817 1938 auctor
827 1881 873 1938 ille
889 1899 946 1937 non
960 1882 1072 1956 prodit,
1085 1882 1153 1938 alibi
1164 1882 1267 1952 didici,
1287 1901 1388 1958 nempe
1401 1884 1575 1959 Stephanum
1591 1885 1722 1940 eumdem
1733 1886 1817 1941 Guil-

234 1974 309 2044 lelmi
323 1974 359 2030 de
373 1973 533 2045 Garlandn,
553 1993 604 2032 nec
619 1993 677 2032 non
689 1974 796 2032 Anselli
813 1974 856 2030 vel
874 1974 999 2030 Anselm
1019 1974 1156 2049 dapiferi,
1174 1974 1381 2052 Gillehertique
1403 1975 1565 2032 buticularii
1586 1978 1700 2034 fratrem
1723 1978 1817 2034 tuisse.

235 2067 282 2122 Sic
297 2067 371 2122 enim
388 2067 523 2124 asseritur
542 2067 570 2123 in
590 2066 688 2123 charta
705 2065 839 2122 Ludorici
856 2065 975 2136 Grossi,
996 2065 1190 2123 fundationem
1209 2066 1299 2124 Beate
1312 2068 1406 2124 Marie
1422 2067 1458 2124 de
1470 2067 1596 2126 Gornaio
1608 2069 1816 2136 confirmantis,

234 2177 295 2232 que
310 2177 468 2234 quanquam
485 2159 608 2233 prolixa,
629 2177 686 2217 non
704 2161 859 2234 incongrue
876 2170 970 2216 tamen
983 2159 1031 2216 hic
1044 2160 1147 2235 apponi
1160 2160 1278 2235 poterit,
1294 2179 1383 2236 quum
1401 2164 1553 2236 presertim
1567 2161 1604 2216 ad
1619 2161 1816 2220 illustrandum

232 2253 353 2308 auctoris
364 2253 454 2310 nostri
465 2252 559 2308 locutu
572 2253 692 2308 maxime
705 2253 796 2308 faciat.
811 2252 857 2310 Sic
868 2252 958 2326 igitur
969 2271 999 2308 se
1011 2251 1097 2310 babet
1109 2277 1114 2307 :

834 2403 938 2460 Charta
951 2401 1088 2459 ludovici
1103 2405 1211 2461 Grossr'.

268 2537 353 2611 «Ego
372 2533 528 2592 Ludosious
543 2535 593 2590 Dei
607 2533 786 2608 dispensante
805 2533 998 2593 misericordia
1018 2537 1048 2591 in
1069 2551 1165 2609 regem
1181 2536 1353 2591 Francorum
1372 2535 1552 2603 sublimatus,
1569 2545 1666 2592 notum
1683 2537 1741 2592 fieri
1757 2538 1818 2593 volo

232 2630 339 2684 eunctis
354 2627 484 2686 fidelibus
497 2639 556 2684 tam
570 2627 673 2684 futuris
686 2643 771 2703 quam
785 2637 815 2684 et
829 2628 1013 2696 instantibus,
1030 2627 1106 2703 qnod
1126 2628 1271 2685 ecclesiam
1287 2628 1393 2684 Sancte
1410 2629 1461 2684 Dei
1480 2629 1624 2703 genitricis
1637 2629 1742 2699 llarie,
1755 2649 1818 2688 san·

232 2724 325 2796 otique
335 2723 452 2778 loannis
464 2721 645 2796 Evangelistac
658 2739 743 2795 super
757 2722 916 2778 blatronam
927 2720 1043 2776 fluvium
1054 2723 1138 2794 juxta
1146 2721 1305 2778 Gornaium
1320 2731 1443 2778 castrum
1454 2723 1550 2790 sitam,
1571 2721 1669 2778 Guido
1687 2722 1816 2792 Rubeus,

232 2825 260 2869 et
279 2833 350 2870 usor
367 2815 429 2887 ejus
445 2812 603 2872 Adheleida
617 2814 679 2887 pari
690 2814 725 2868 ab
737 2815 798 2888 ipso
810 2813 993 2870 fundamento
1005 2813 1155 2870 devotione
1170 2824 1397 2870 construxerunt.
1415 2814 1450 2869 Et
1462 2832 1551 2889 quum
1563 2813 1651 2870 mults
1663 2815 1703 2870 illi
1715 2826 1817 2872 contu-

232 2906 329 2962 lissent
341 2905 491 2975 beneficia,
506 2924 567 2964 cans
581 2923 645 2962 cum
658 2906 789 2962 omnibus
800 2906 836 2962 ad
849 2907 938 2980 ipsam
953 2906 1158 2980 pcrtinentibus
1173 2907 1318 2962 monachis
1332 2906 1427 2962 Sancti
1439 2907 1555 2962 blartini
1572 2904 1607 2962 de
1623 2906 1738 2980 Campis
1751 2927 1818 2982 per·

233 3009 322 3072 petuo
334 2999 492 3055 habendam
504 3010 710 3056 concesserunt.
727 2999 768 3055 Ut
781 3010 874 3056 antem
887 3016 984 3054 eornm
1000 2998 1090 3069 dona,
1113 3017 1174 3074 que
1191 2999 1328 3074 predicte
1340 3001 1462 3056 ecclesie
1477 2998 1631 3066 dederunt,
1651 3000 1686 3055 ab
1699 3000 1817 3056 aliorum

233 3091 380 3148 beneficiis
392 3090 612 3166 distinguamus.
627 3091 725 3148 eadem
736 3089 810 3147 dona
822 3093 988 3148 nominatim
1002 3091 1139 3148 subscribi
1153 3093 1337 3167 precipimus.
1352 3091 1480 3146 Primum
1493 3108 1591 3146 eorum
1603 3091 1709 3146 donum
1720 3109 1819 3146 mona-

232 3185 295 3239 chis
306 3185 402 3240 Sancti
415 3185 529 3240 llartini
542 3185 579 3240 de
590 3184 725 3259 Campis,
733 3195 766 3240 ut
778 3184 887 3240 dictum
901 3195 961 3254 est,
974 3183 1107 3240 collatum
1119 3186 1176 3240 hoc
1190 3194 1249 3240 est:
1266 3184 1379 3258 prefata
1390 3183 1506 3240 ecclesia
1516 3202 1580 3240 cnm
1595 3185 1652 3240 suis
1663 3182 1817 3255 clausuris,

232 3287 260 3332 et
271 3295 335 3332 cum
348 3278 426 3332 omui
440 3275 585 3350 adjacente
598 3278 723 3345 ambitu,
737 3277 841 3352 capella
855 3277 890 3333 de
904 3277 1047 3346 Gornaio,
1062 3287 1137 3332 terra
1150 3276 1185 3332 de
1199 3277 1337 3348 Luahnm,
1351 3275 1545 3333 molendinum
1557 3277 1633 3352 apud
1646 3277 1817 3349 Gornaium3

232 3368 306 3444 apud
322 3369 489 3425 Russiacum
508 3370 623 3426 ecclesia
643 3387 708 3426 cum
726 3371 811 3438 atrio,
833 3379 862 3426 et
877 3370 961 3426 tertie
975 3380 1055 3444 parte
1072 3369 1199 3442 ejusdem
1215 3369 1294 3426 ville.
1312 3369 1377 3424 llec
1390 3379 1457 3424 suut
1467 3369 1625 3444 specialiter
1638 3369 1779 3426 Guidonis
1791 3383 1820 3426 et
1921 3423 1923 3427 .

234 3463 326 3518 uxone
339 3479 394 3518 sue
406 3461 553 3536 Adelayde
571 3461 645 3518 dona
664 3461 805 3535 predictis
821 3462 966 3518 monachis
978 3461 1013 3518 ab
1025 3461 1132 3518 eisdem
1146 3461 1255 3518 collata.
1269 3462 1387 3518 Cunctis
1401 3471 1532 3536 preterea
1544 3464 1718 3520 innotescere
1735 3464 1820 3520 volu-

234 3573 310 3624 mus,
331 3553 408 3629 quod
420 3553 551 3612 Ansellus
562 3554 597 3612 de
609 3555 752 3612 Garlauda
770 3555 879 3630 dapifer
896 3565 991 3612 nomer
1006 3555 1168 3630 supradicto
1186 3556 1356 3613 monasterio
1370 3555 1472 3614 tribuit
1486 3556 1561 3631 apud
1570 3557 1736 3614 liussiacuns
1750 3559 1818 3614 duas

234 3647 359 3720 ejusdem
369 3645 439 3703 ville
450 3656 558 3720 partes,
572 3657 601 3703 et
614 3648 655 3702 sic
666 3658 756 3705 totam
768 3649 885 3704 omnino
897 3647 991 3704 villam
1005 3648 1141 3704 concessit
1154 3649 1300 3704 monacbis
1310 3658 1427 3723 excepto
1438 3667 1563 3718 nemore,
1576 3652 1706 3723 etipsum
1721 3668 1820 3706 nemus

232 3741 337 3796 eisdem
350 3741 495 3796 monachis
506 3749 535 3796 ct
546 3759 645 3797 eorum
658 3740 816 3815 hospitibus
827 3740 862 3796 ad
877 3741 1033 3798 ardendum
1044 3750 1073 3796 et
1085 3741 1304 3814 hospitandum,
1317 3753 1346 3798 et
1363 3741 1400 3796 ad
1410 3744 1530 3817 proprie
1543 3744 1712 3800 necessitatis
1725 3761 1816 3798 usum.
1863 3751 1866 3758 ’

232 3833 388 3890 Nusiellum
397 3852 527 3909 quoque,
542 3834 688 3891 ecclesiam
698 3835 820 3903 scilicet,
836 3844 866 3890 et
879 3833 1014 3909 quicquid
1027 3833 1063 3889 ad
1077 3833 1153 3890 illam
1166 3835 1301 3907 pertinet,
1322 3854 1387 3891 cum
1399 3834 1577 3908 hospitibus,
1596 3837 1696 3904 terris,
1717 3838 1818 3910 pratis,

233 3927 334 3995 vineis,
347 3945 411 3982 cum
423 3944 538 3984 nemore
552 3937 582 3982 et
593 3926 771 3998 molendino,
784 3929 856 3984 sicut
870 3927 1000 3984 monachi
1013 3945 1045 3982 ea
1058 3925 1217 4000 possident,
1232 3925 1274 3982 illi
1291 3927 1413 3985 donavit.
1426 3928 1568 3986 Decimam
1582 3931 1697 4004 insuper
1709 3929 1744 3985 de
1753 3930 1820 3986 lier-

234 4017 355 4082 corellis,
375 4028 405 4074 et
421 4016 491 4074 duas
508 4028 602 4092 partes
617 4018 731 4076 decimae
748 4019 784 4077 de
795 4019 961 4075 bercheriis.
976 4018 1103 4074 Tertiam
1115 4035 1181 4073 sero
1193 4027 1302 4092 partem
1315 4038 1380 4076 cum
1392 4021 1465 4076 atrio
1477 4019 1630 4080 balduinus
1646 4021 1681 4078 de
1692 4021 1820 4078 Clsciaco

236 4112 380 4168 monachis
392 4111 490 4182 dedit,
507 4130 621 4170 assemu
628 4113 756 4169 Anselmi
767 4111 886 4187 dapiferi
901 4113 1002 4168 nostri.
1015 4113 1119 4192 Totam
1130 4129 1243 4187 quoqne
1255 4109 1392 4168 decimam
1404 4113 1440 4171 de
1450 4113 1591 4184 Ponteuz,
1609 4125 1639 4172 et
1657 4115 1732 4190 apud
1745 4117 1819 4170 Tor-

236 4205 343 4260 ciscnm
355 4204 535 4262 medietatem
548 4204 680 4276 decime,
690 4223 751 4281 que
762 4205 867 4262 dicitur
881 4203 977 4261 Sancti
993 4205 1122 4274 lilartini,
1142 4215 1172 4260 et
1190 4203 1333 4260 ecclesiam
1345 4206 1465 4262 &socie
1478 4225 1546 4262 cnm
1554 4207 1626 4264 atrio
1645 4217 1675 4262 et
1694 4206 1818 4273 decima,

236 4296 385 4352 Anselmns
402 4298 495 4354 eidem
513 4299 682 4356 monasterio
702 4297 833 4355 contulit.
851 4298 983 4373 Hospites
999 4315 1066 4353 seso
1084 4298 1115 4354 in
1128 4296 1229 4354 eodem
1246 4297 1320 4354 atrio
1337 4310 1546 4356 commanentes
1563 4299 1721 4372 Stephanus
1734 4299 1820 4354 irater

234 4387 361 4463 ejusdem
371 4391 497 4448 Anselmi
516 4393 543 4448 ei
555 4391 725 4448 monasterio
742 4392 889 4448 concessit.
904 4391 990 4466 Apud
1002 4389 1151 4449 Canoilum
1170 4390 1307 4467 quicquid
1325 4389 1458 4448 Alhertus
1477 4391 1586 4464 deliri,
1603 4391 1747 4448 ecclesiam
1764 4392 1818 4447 sci-

234 4482 300 4540 licet
318 4501 383 4539 cum
402 4484 525 4556 decima,
545 4496 640 4560 prata,
657 4495 686 4542 et
705 4495 825 4552 terram,
845 4495 874 4541 et
896 4501 996 4540 nemus
1014 4484 1162 4542 monacbis
1171 4485 1276 4560 prefati
1289 4485 1451 4542 monasterii
1464 4484 1619 4552 concessit,
1633 4485 1694 4557 ipso
1706 4482 1819 4538 Ansello

234 4587 390 4646 annuente,
410 4595 446 4634 ex
464 4579 544 4652 cujus
563 4578 647 4636 feodo
662 4577 792 4634 hahebat.
809 4576 862 4634 llis
876 4589 905 4634 et
922 4577 984 4634 aliis
1004 4578 1148 4636 beneficiis
1164 4577 1244 4635 bone
1261 4578 1402 4634 memorie
1413 4576 1547 4635 Anseflus
1560 4577 1705 4650 prefatum
1720 4576 1820 4633 ditarit

235 4671 451 4741 monasterinm,
467 4681 496 4728 et
507 4671 654 4729 Christum
666 4671 800 4728 heredem
816 4672 895 4738 iecit,
916 4671 1052 4728 fratribus
1071 4673 1129 4727 suis
1141 4672 1297 4746 Stephano,
1320 4670 1488 4738 Vnillelmo,
1507 4681 1536 4726 et
1548 4669 1706 4727 Gilleberto
1719 4687 1817 4726 conce-

235 4761 377 4820 dentibus.
393 4765 427 4819 ln
439 4763 525 4834 rodo,
547 4765 623 4840 quod
640 4760 683 4822 est
701 4767 777 4821 inter
797 4763 956 4822 Gornsium
975 4774 1005 4820 et
1025 4763 1142 4833 lislam,
1157 4781 1194 4817 xv
1210 4774 1326 4840 arpenta
1346 4774 1491 4837 pratorum
1510 4762 1629 4832 habent,
1652 4780 1671 4816 v
1691 4763 1726 4818 de
1742 4762 1818 4819 dono

236 4865 345 4926 nomro,
359 4873 396 4910 ru
416 4855 452 4913 de
464 4855 539 4914 dono
556 4857 679 4915 Alberici
691 4857 727 4914 de
743 4857 934 4924 hiontefirmo,
952 4867 981 4913 et
1000 4858 1055 4913 tria
1076 4856 1111 4913 de
1127 4856 1248 4914 aliorum
1263 4855 1387 4912 fidelium
1406 4855 1551 4912 beneficio.
1570 4855 1628 4913 Nos
1647 4867 1741 4912 sutem
1761 4856 1818 4911 hec

235 4949 328 5004 omnia
338 4949 470 5024 predicta
483 4949 572 5021 dona,
582 4951 725 5008 Guidonis
737 4948 869 5008 videlicet
879 4949 984 5024 Rubei,
995 4959 1025 5007 et
1036 4951 1133 5008 uxoris
1146 4950 1222 5022 ejus,
1236 4960 1265 5005 et
1274 4947 1379 5006 ensem
1388 4946 1507 5024 dapiferi
1522 4949 1626 5020 nostri,
1642 4960 1670 5006 et
1683 4949 1818 5024 Stephani

236 5041 328 5098 fratris
341 5043 402 5114 sni,
414 5053 445 5101 et
456 5042 586 5100 balduini
600 5043 637 5100 de
649 5043 789 5113 Claciaco,
805 5053 835 5100 et
847 5043 969 5101 Alberici
982 5043 1019 5099 de
1032 5041 1230 5110 Montefirmo,
1247 5051 1277 5098 et
1287 5041 1416 5098 volumus
1428 5052 1458 5099 et'
1469 5042 1674 5124 approbamus,
1690 5053 1720 5098 et
1729 5061 1820 5118 quan·

235 5144 294 5190 tuns
313 5133 350 5192 ad
364 5145 489 5193 noemam
506 5136 631 5211 pertinet
647 5137 818 5210 majestatem
833 5137 863 5192 in
877 5147 1045 5212 perpetuum
1063 5135 1180 5192 omnino
1197 5134 1405 5192 conficiamus.
1424 5135 1543 5192 Terram
1556 5145 1709 5211 quoquest
1721 5153 1819 5192 nemus

236 5224 270 5282 de
290 5227 400 5303 Campo
413 5227 551 5300 llnlloso,
582 5245 667 5304 quem
689 5229 826 5287 hrnnlfns
846 5229 882 5286 de
901 5227 1107 5306 Corquerellis,
1129 5233 1271 5286 annuente
1288 5227 1402 5303 Pegaso
1422 5227 1459 5284 de
1480 5229 1661 5304 llontegaio,
1683 5228 1823 5304 predictis
