4510 6108
654 1048 712 1136 IN
751 1043 1130 1135 DEDICATIONE
1164 1045 1455 1141 ECCLESIAE.

926 1320 1040 1368 smo
1064 1319 1190 1368 xxvtlt.

315 1564 557 1638 Dedicationis
582 1561 789 1634 solenmitas
808 1575 984 1658 quantum
1005 1574 1148 1632 caeteras
1169 1559 1374 1648 antecedat,
1395 1584 1470 1632 non
1491 1576 1567 1634 tam
1587 1565 1850 1662 Scripturarum

266 1685 476 1772 auctoritas,
498 1705 610 1780 quam
634 1682 726 1754 ratio
748 1680 936 1753 manifesta
952 1679 1123 1751 declarat.
1146 1678 1200 1750 Ab
1222 1679 1291 1750 hac
1307 1681 1441 1778 quippe
1457 1697 1664 1768 caeterarum
1688 1688 1852 1758 omnium

267 1802 453 1874 exordium
477 1814 621 1889 manat,
645 1824 758 1897 quum
785 1800 822 1870 in
844 1797 912 1870 hac
937 1797 1038 1869 locus
1059 1811 1301 1887 consecretur,
1320 1822 1394 1895 quo
1411 1814 1544 1871 caeterae
1560 1801 1798 1894 celebrentur,
1817 1821 1853 1875 et

267 1923 449 1994 dominica
472 1934 695 1994 sacramenta
713 1917 963 1990 conficiantur.
987 1917 1052 1988 llic
1075 1931 1129 1988 est
1144 1915 1203 1988 ille
1224 1917 1344 2007 locus,
1369 1942 1479 2014 quem
1495 1919 1564 1990 sibi
1579 1922 1756 1992 Dominus
1772 1947 1852 2020 spe·

266 2040 401 2112 cialiter
416 2039 566 2134 eligens,
585 2052 622 2109 et
637 2038 792 2135 propriae
807 2035 938 2108 domus
953 2034 1131 2106 vocabulo
1148 2035 1342 2131 insigniens
1358 2059 1423 2133 per
1439 2040 1584 2134 Moysen
1602 2039 1651 2109 ait
1666 2045 1674 2078 ¹
1695 2067 1703 2109 :
1726 2069 1744 2107 κ
1762 2041 1854 2112 Vide

267 2183 314 2230 ne
330 2158 459 2230 offeras
478 2155 689 2229 holocausta
705 2170 768 2228 tua
782 2157 820 2226 in
835 2155 938 2227 omni
954 2153 1054 2242 loco,
1073 2153 1138 2225 sed
1154 2153 1216 2224 ubi
1233 2153 1340 2226 suerit
1355 2158 1531 2229 memoria
1547 2159 1703 2229 nominis
1725 2161 1808 2232 mei.
1834 2191 1851 2228 n

268 2283 312 2349 Et
325 2301 469 2349 rursum
484 2281 495 2316 ⁸
514 2303 522 2345 :
544 2279 715 2347 «Domus
731 2297 812 2347 mea
828 2272 959 2346 domus
975 2273 1148 2344 orationis
1170 2273 1405 2345 vocabitur.»
1423 2279 1469 2346 Et
1484 2291 1691 2348 caeterarum
1707 2253 1854 2374 quidem

267 2396 460 2470 celebratio
487 2397 741 2483 festivitatum,
774 2417 863 2491 quas
894 2394 1044 2490 antiquo
1070 2391 1208 2490 populo
1245 2407 1419 2490 tanquam
1451 2397 1646 2494 praecipuas
1678 2398 1854 2468 Dominus

268 2517 438 2604 instituit,
464 2537 693 2612 nequaquam
719 2513 960 2610 septenarium
992 2511 1135 2584 dierum
1158 2527 1397 2584 excesserunt.
1431 2513 1568 2611 Templi
1600 2538 1688 2586 vero
1709 2515 1854 2589 dedica-

164 2637 169 2646 '
268 2639 405 2710 tionem
431 2636 633 2734 septenario
655 2634 836 2729 geminato
858 2631 1028 2704 Salomon
1050 2646 1086 2703 et
1110 2633 1298 2704 universus
1319 2632 1426 2705 lsrael
1450 2634 1489 2706 in
1510 2633 1728 2707 holocaustis
1745 2636 1874 2735 innu-¹

269 2758 391 2848 meris,
421 2771 457 2827 et
489 2752 676 2852 multiplici
704 2753 925 2824 musicorum
950 2753 1273 2824 instrumentorum
1305 2753 1552 2824 modulatione
1583 2755 1856 2850 quatuordecim

268 2876 394 2949 diebus
410 2874 571 2946 exsolvit.
590 2877 642 2943 Ex
663 2897 737 2970 quo
759 2871 937 2968 liquidum
960 2886 1014 2943 est
1032 2886 1167 2968 quanta
1183 2872 1354 2968 dignitate
1370 2873 1504 2971 pariter
1519 2888 1626 2970 atque
1646 2877 1856 2949 auctoritate

268 2995 452 3066 celebritas
468 2993 535 3063 ista
550 2993 595 3063 sit
606 2990 770 3090 praedita,
789 3005 826 3062 et
840 3005 976 3088 quanta
992 2990 1185 3063 devotione
1202 2993 1247 3063 sit
1264 2992 1310 3064 ab
1326 2992 1495 3064 omnibus
1511 2995 1728 3092 peragenda.
1747 2998 1855 3092 Cujus

266 3113 416 3208 quidem
431 3111 607 3182 institutio
623 3134 699 3181 non
715 3108 847 3204 alege,
866 3133 941 3181 non
964 3134 986 3182 a
1005 3110 1202 3208 propheta,
1225 3110 1289 3182 sed
1313 3134 1335 3181 a
1358 3111 1561 3209 patriarcha
1582 3111 1693 3183 Jacob
1713 3114 1855 3186 initium

269 3232 406 3304 habuit.
426 3232 496 3318 Qui
512 3245 548 3302 et
565 3230 673 3301 futuri
683 3228 918 3326 postmodum
928 3229 1054 3326 templi
1069 3229 1190 3301 locum
1207 3229 1411 3326 designasse
1425 3229 1569 3321 dicitur,
1587 3247 1623 3302 et
1634 3248 1856 3304 sacramenta

269 3352 505 3424 dedicationis
519 3351 657 3448 primus
674 3348 887 3439 exhibuisse,
907 3349 999 3419 sicut
1015 3349 1053 3418 in
1068 3349 1218 3422 historia
1230 3353 1374 3422 Generis
1390 3353 1624 3424 continetur⁸.
1644 3354 1709 3424 Hic
1725 3377 1855 3451 nempe

269 3469 399 3542 relictis
415 3465 636 3567 parentibus,
650 3467 937 3563 persecutionem
948 3466 1177 3562 primogeniti
1194 3466 1310 3538 fratris
1322 3467 1520 3558 declinans,
1535 3493 1648 3565 quum
1661 3471 1800 3542 veniret
1811 3472 1857 3543 ad

269 3588 463 3686 quemdam
479 3587 601 3658 locum
620 3609 787 3682 vespere,
807 3598 843 3654 et
860 3585 897 3654 in
919 3608 964 3656 eo
989 3585 1211 3680 requiescere
1227 3584 1352 3676 vellet,
1371 3586 1453 3657 tulit
1472 3611 1587 3658 unum
1608 3589 1654 3661 de
1678 3589 1858 3688 lapidibus

270 3710 333 3806 qui
345 3707 512 3804 jacebant
527 3708 564 3777 in
582 3720 696 3793 terra,
716 3717 753 3775 et
773 3704 881 3801 capiti
903 3727 970 3774 suo
991 3728 1200 3801 supponens
1221 3703 1455 3780 obdormivit.
1478 3709 1647 3806 Viditque
1667 3711 1858 3783 insomnis

271 3828 403 3900 scalam
419 3839 574 3898 stantem
590 3846 697 3921 super
717 3836 867 3908 terram,
887 3821 988 3915 cujus
1005 3844 1177 3892 cacumen
1197 3821 1327 3938 coelum
1344 3825 1525 3920 tangebat.
1546 3826 1697 3922 Angelos
1713 3853 1858 3927 quoque

271 3965 436 4043 peream
461 3939 693 4013 ascendentes
717 3953 752 4008 et
778 3935 1059 4025 descendentes,
1085 3950 1121 4008 et
1145 3939 1343 4010 Dourinum
1368 3942 1531 4013 innixum
1556 3945 1659 4016 scalae
1678 3945 1858 4019 dicentem

272 4064 339 4136 sibi
359 4091 367 4134 :
390 4066 571 4133 «Terram
592 4061 629 4131 in
645 4079 717 4155 qua
732 4057 869 4128 dormis
885 4055 950 4127 tibi
966 4055 1081 4146 dabo,
1099 4071 1136 4128 et
1162 4058 1289 4130 semini
1316 4073 1393 4131 tuo.
1415 4089 1433 4128 n
1453 4065 1645 4160 Quumque
1661 4067 1859 4161 evigilasset

271 4183 383 4257 Jacob
398 4184 448 4254 ait
467 4211 474 4254 :
498 4210 515 4250 a
534 4185 653 4268 Quam
668 4177 834 4250 terribilis
851 4192 904 4248 est
919 4177 1020 4249 locus
1038 4175 1120 4248 iste!
1141 4203 1216 4248 oon
1234 4194 1287 4250 est
1301 4179 1362 4251 hic
1378 4181 1475 4253 aliud
1487 4184 1555 4254 nisi
1573 4185 1703 4256 domus
1719 4187 1804 4274 Dei,
1823 4204 1859 4258 et

272 4319 377 4402 porta
401 4304 493 4376 coeli.
516 4331 534 4370 u
553 4305 706 4396 surgens
732 4323 817 4394 ergo
843 4321 949 4370 mane
975 4297 1056 4369 tulit
1077 4295 1252 4396 lapidem,
1276 4325 1386 4397 quem
1410 4320 1647 4402 supposuerat
1672 4308 1796 4404 capiti,
1823 4324 1859 4378 et

271 4425 383 4494 erexit
399 4422 436 4493 in
453 4419 609 4508 titulum,
628 4417 783 4490 lundens
798 4415 919 4488 oleum
935 4415 1101 4513 desuper.
1120 4421 1255 4488 Votum
1270 4419 1378 4490 etiam
1394 4421 1494 4493 vovit
1509 4421 1633 4494 dicens
1649 4452 1687 4494 :tt
1702 4425 1737 4494 si
1755 4424 1859 4496 luerit

273 4551 369 4617 Deus
389 4567 553 4630 mecum,
572 4537 608 4612 et
623 4537 833 4612 custodierit
848 4561 924 4626 me,
943 4551 1159 4610 cunctorum
1173 4562 1253 4635 quae
1269 4538 1411 4612 dederis
1426 4541 1517 4614 mihi
1533 4542 1690 4616 decimas
1707 4544 1857 4617 olleram

274 4665 352 4735 ilbi.
376 4693 394 4730 u

324 4789 432 4870 Ecce,
462 4781 604 4868 iratres,
632 4777 819 4849 historiam
839 4777 1019 4848 succincte
1035 4777 1289 4874 percurrimus.
1311 4782 1414 4850 Nunc
1430 4779 1477 4852 ad
1493 4780 1764 4856 aedificationem
1791 4808 1858 4854 no·

274 4921 385 4977 stram
406 4899 674 4998 intelligentiam
690 4899 867 4996 praecipue
887 4896 1062 4968 moralem
1077 4897 1115 4970 in
1133 4921 1174 4968 ea
1189 4898 1457 4997 perquiramus,
1481 4915 1517 4972 et
1536 4902 1693 4974 melioris
1713 4903 1857 4975 dedica·

311 5162 318 5188 ⁴
337 5163 419 5222 Dect„
432 5175 486 5227 cap.
501 5176 580 5222 xu,v.
595 5159 634 5210 13.
644 5155 696 5198 -'
708 5156 803 5220 natu..
815 5171 868 5221 cap.
881 5173 941 5216 xxi,
950 5171 974 5206 v.
989 5157 1026 5206 tt.
1037 5154 1088 5195 --1
1100 5157 1195 5216 Genea,
1207 5171 1263 5224 cap.
1279 5173 1371 5223 xxrnr,
1383 5173 1406 5210 v.
1426 5162 1453 5210 tt
1467 5168 1555 5227 etseq.
