4536 6102
513 655 517 666 .
631 611 673 684 ru
698 607 855 684 unuln
880 611 1032 684 slucrr
1058 612 1271 687 srarnmr
1297 613 1456 684 saeuo.
1674 576 1684 604 ''
1725 563 1730 572 ’
1757 612 1828 682 557

249 747 343 844 jutas
358 747 416 820 ille
431 775 496 822 vos
511 751 548 822 in
566 775 667 824 sacro
683 752 868 849 proposito
884 752 1080 843 custodiat,
1099 754 1161 851 qui
1185 753 1272 826 tales
1292 752 1395 826 vobis
1416 751 1600 849 deputavit
1622 750 1825 840 ministros,

252 883 289 939 et
303 869 450 940 eosdem
468 871 564 968 apud
579 895 617 942 se
632 886 768 944 vestros
780 870 911 944 habeat
927 872 1121 946 advocatos
1135 897 1287 972 sponsus
1300 889 1416 946 vester
1426 873 1602 944 Dominus
1613 876 1712 944 lesus
1725 871 1827 943 Chri-

251 1003 343 1080 stus,
362 993 423 1087 qui
439 1015 522 1063 oum
534 995 648 1082 Patre,
665 1005 732 1064 etc.

362 1727 433 1816 ou
467 1727 654 1818 uiuos
690 1727 885 1816 sulcu
911 1687 1198 1838 'saaraim
1232 1726 1719 1868 euorouaurrms,

283 1969 454 2034 luctatis
481 1972 633 2035 CHRISTI
664 1971 807 2034 SERVUS
836 1971 1008 2044 CHRlSTl,
1040 1970 1164 2032 Tauro
1193 1969 1340 2032 DOMlNO
1371 1969 1485 2030 lllGNE
1517 1967 1796 2030 coustitutum.

914 2205 1025 2254 sufflo
1049 2208 1160 2253 xxxll.

221 2479 238 2508 ι
286 2440 571 2536 ·Protomartyris
592 2455 627 2511 et
648 2439 798 2512 coelestis
821 2439 977 2535 signiferi
997 2441 1171 2537 piissimas
1192 2441 1374 2536 exequias,
1398 2439 1472 2510 imo
1493 2435 1745 2533 triumphalem
1770 2461 1828 2507 ce·

240 2557 425 2630 lebrantes
449 2583 619 2655 agonem,
648 2574 749 2632 tanto
774 2559 812 2630 id
837 2560 972 2655 majore
999 2558 1159 2657 perficite
1186 2559 1397 2645 devotione,
1426 2573 1562 2656 quanto
1587 2583 1653 2627 vos
1678 2557 1829 2655 amplius

240 2676 330 2748 huic
347 2693 421 2749 tam
445 2677 574 2749 Christi
592 2701 701 2775 quam
726 2693 845 2772 vestro
870 2677 1024 2749 diacono
1046 2676 1379 2749 constat'obnoxias
1400 2699 1488 2747 esse.
1518 2675 1613 2761 Quid
1634 2675 1731 2745 enim
1752 2675 1827 2746 dia-

237 2821 359 2893 conus
374 2798 442 2868 nisi
454 2781 616 2869 minister
632 2798 904 2894 interpretatur?
920 2798 1008 2885 Quis
1025 2812 1144 2868 autem
1156 2803 1267 2868 Actus
1278 2796 1527 2893 Apostolorum
1543 2793 1741 2892 perlegens,
1752 2819 1827 2865 non

236 2917 388 2987 noverit
402 2915 548 2987 beatum
565 2915 788 3014 Stephanum
806 2941 889 2987 cum
905 2941 965 2988 sex
982 2915 1057 2988 aliis
1072 2917 1205 3014 Spiritu
1222 2930 1347 2986 sancto
1363 2915 1491 3012 plenis,
1504 2914 1603 3010 juxta
1624 2913 1733 3012 ipsius
1749 2915 1828 3012 Spi-

234 3037 333 3108 ritus
349 3037 699 3134 septiformis‘gratiae
716 3061 925 3125 numerum,
946 3037 992 3109 ab
1009 3037 1179 3134 apostolis
1195 3038 1232 3108 in
1248 3037 1486 3108 ministerium
1504 3049 1709 3106 sanctarum
1725 3034 1826 3106 femi·

231 3177 372 3226 narum
389 3154 562 3227 diaconos
578 3156 723 3244 electos,
742 3170 777 3226 et
793 3181 857 3254 per
875 3157 1142 3253 impositionem
1159 3180 1306 3244 manus,
1326 3155 1372 3227 ad
1389 3154 1494 3250 hujus
1511 3153 1828 3226 administrationis

229 3298 366 3346 curam
389 3273 577 3369 diligenter
599 3275 778 3362 astrictos,
798 3290 834 3346 et
849 3277 950 3372 quasi
972 3276 1173 3372 adjuratos?
1190 3277 1260 3363 Qui
1283 3299 1396 3373 quum
1420 3297 1547 3345 omnes
1563 3274 1714 3371 pariter¹
1729 3273 1828 3370 pleni

227 3393 375 3490 Spiritu
391 3406 516 3463 sancto
534 3392 581 3465 ab
597 3393 767 3492 apostolis
783 3392 937 3490 eligendi
957 3393 1135 3484 dicantur,
1158 3395 1254 3466 solus
1275 3409 1395 3466 tamen
1420 3393 1621 3492 Stephanus
1636 3393 1730 3465 hanc
1748 3417 1827 3489 gra·

225 3513 324 3584 tiam
356 3509 560 3609 spiritaliter
583 3511 734 3610 adeptus
752 3514 789 3583 in
810 3514 1043 3611 sequentibus
1066 3530 1299 3604 memoratur,
1323 3539 1434 3613 quum
1458 3513 1632 3584 dicitur²z
1655 3542 1672 3581 u
1691 3517 1735 3583 Et
1755 3513 1826 3584 ele-

224 3646 369 3727 gerunt
384 3630 608 3729 Stephanum
623 3633 741 3704 virum
757 3633 904 3731 plenum
920 3634 991 3706 lide
1008 3651 1043 3706 et
1058 3637 1191 3733 Spiritu
1207 3651 1351 3725 sancto,
1370 3650 1405 3707 et
1423 3634 1645 3733 Philippum,
1664 3648 1732 3705 etc.
1751 3661 1768 3700 n
1785 3640 1827 3705 Et

221 3752 402 3822 rursum·
415 3777 423 3819 :
438 3779 455 3818 κ
466 3751 667 3848 Stephanus
684 3753 811 3850 plenus
827 3755 938 3848 gratia
955 3770 990 3826 et
1004 3755 1213 3827 fortitudine
1230 3755 1382 3828 faciebat
1397 3755 1561 3853 prodigia
1578 3771 1614 3826 et
1631 3755 1730 3852 signa
1749 3780 1825 3826 ma·

217 3894 298 3966 gna
329 3870 373 3940 in
402 3869 552 3968 populo.
582 3899 599 3936 n
628 3871 789 3943 Gaudete
812 3872 953 3969 itaque,
983 3888 1019 3944 et
1046 3873 1274 3971 spiritaliter*
1291 3873 1515 3969 congaudete
1542 3875 1632 3944 tanti
1658 3876 1825 3970 agonistae

217 3990 413 4078 victoriae,
441 3997 564 4087 quem'
578 4005 614 4062 et
640 3992 817 4064 meruistis
848 3977 982 4064 habere
1010 3995 1229 4083 ministrum,
1258 4010 1294 4064 et
1318 3995 1355 4065 in
1382 3994 1487 4090 hujus
1508 3993 1824 4066 administrationis

216 4111 406 4196 mercede
423 4113 580 4210 priorem
600 4115 759 4210 martyrii
775 4114 933 4212 palmam
951 4114 1122 4213 adeptum
1139 4117 1185 4187 de
1203 4115 1376 4213 obsequio
1394 4130 1514 4187 vestro
1534 4116 1676 4186 misistis
1693 4115 1739 4186 ad
1755 4141 1825 4187 coe·

212 4233 315 4306 lum.
342 4231 499 4304 Reddite
520 4248 684 4304 mutuum
710 4259 817 4332 super
837 4233 909 4306 hoe
935 4236 1063 4308 divinae
1083 4235 1198 4308 laudis
1221 4235 1434 4334 obsequium
1443 4263 1455 4324 ;.
1480 4250 1515 4306 et
1539 4259 1613 4332 quo
1633 4233 1692 4306 ille
1710 4234 1823 4306 fidelis

210 4379 289 4451 pro
309 4357 399 4424 Deo
416 4353 541 4436 vestris
557 4351 771 4426 ministravit
786 4357 936 4443 mensis,
958 4381 1002 4426 eo
1023 4382 1088 4428 vos
1106 4357 1270 4428 devotius
1287 4357 1325 4426 in
1346 4355 1521 4453 obsequio
1539 4354 1604 4426 Dei
1621 4369 1656 4425 et
1676 4379 1823 4426 venera·

207 4476 325 4546 tione
345 4474 517 4570 martyris
535 4474 742 4573 persistatis.
762 4480 802 4544 ln
826 4501 900 4573 quo
925 4477 1031 4547 simul
1051 4493 1087 4549 et
1101 4475 1281 4548 honorem
1307 4490 1464 4548 vestrum
1487 4489 1652 4573 pensate,
1676 4489 1712 4544 et
1732 4473 1822 4544 lidu-

206 4595 317 4664 ciam'
336 4592 392 4664 de
406 4593 542 4664 meritis
557 4593 633 4688 ejus
649 4617 724 4665 non
742 4593 962 4666 mediocrem
984 4597 1125 4666 sumite.
1147 4599 1332 4667 Honorem
1353 4593 1518 4691 quidem,
1547 4590 1663 4690 quod,
1682 4608 1722 4662 ut
1737 4615 1821 4689 prae·

204 4713 278 4785 sati
296 4733 457 4800 sumus,
476 4712 584 4782 talem
596 4713 773 4785 meruistis
789 4713 922 4786 habere
939 4717 1140 4788 ministrum
1150 4771 1167 4806 ,Α
1178 4739 1287 4814 quem
1303 4714 1435 4786 militiae
1451 4705 1601 4784 coelestis
1614 4711 1820 4808 signiferum

204 4859 359 4907 omnes
380 4833 511 4903 animae
526 4850 725 4930 sequuntur
733 4835 835 4930 justae
857 4864 864 4906 :
884 4833 1054 4908 fiduciam
1069 4861 1176 4927 vero,
1194 4861 1266 4934 qua
1282 4837 1399 4934 ipsum
1414 4835 1591 4933 praecipue
1607 4833 1657 4904 ibi
1673 4835 1820 4932 speretis

241 5110 251 5136 ¹
275 5108 336 5159 MS.
365 5103 441 5157 Eine.
459 5131 476 5142 -
490 5105 588 5156 Pariter
608 5105 678 5160 dent
699 5106 746 5158 Ed.
772 5106 844 5160 emb.
869 5137 894 5147 -
912 5106 923 5135 ¹
942 5109 997 5160 Act.
1020 5111 1114 5172 apori„
1137 5123 1191 5176 cap.
1215 5125 1251 5172 u,
1272 5123 1295 5159 r.
1316 5103 1543 5170 5.-⁸1bid.,v.
1566 5107 1590 5154 8.
1607 5131 1636 5142 -
1654 5103 1820 5168 ‘Spectotiter

194 5199 250 5252 ldS.
269 5199 355 5251 Eine·
