4496 6102
446 614 518 687 aso
800 702 804 716 ¹
1047 615 1176 687 ruam
1202 614 1437 687 aemulum

446 754 499 826 bit
510 757 639 827 virum.
663 783 680 822 u
692 761 740 826 Ac
750 717 919 853 sivapcrte
932 753 1048 826 dicat:
1064 754 1126 827 llle
1140 756 1220 852 qui,
1239 754 1330 826 sicut
1346 755 1598 853 scriptumest,
1617 752 1700 825 fecit
1711 778 1791 852 quae
1804 754 1923 827 futura
1933 773 2032 846 sunt;

443 874 517 971 jam
534 875 705 946 altissimo
719 898 790 945 suae
803 873 1077 971 dispensationis
1091 875 1262 963 consilio,
1277 873 1435 946 futuram
1446 871 1633 969 cujusdam
1644 872 1801 946 hominis
1819 877 2034 948 creationem

446 1018 600 1086 novam,
622 1009 658 1066 et
680 994 813 1066 caeteris
834 993 1002 1066 omnibus
1019 994 1226 1066 dissimilem
1243 993 1518 1095 pradestinavit.
1537 993 1607 1080 Qui
1623 1018 1735 1090 quum
1755 993 1937 1090 adjunxit,
1962 1022 2033 1069 non

446 1115 615 1203 interra,
633 1113 721 1186 sed:
747 1115 896 1211 «Super
917 1127 1070 1205 terram,
1091 1142 1109 1180 n
1133 1113 1290 1185 ostendit
1314 1113 1408 1184 hanc
1430 1110 1646 1184 creationem
1672 1136 1747 1182 non
1770 1124 1911 1184 tantum
1930 1137 2034 1213 supra

447 1235 572 1306 merita
588 1234 778 1305 hominum
798 1259 891 1324 esse;
912 1232 1099 1306 sedetiam
1116 1234 1338 1334 superiorem
1358 1249 1394 1306 et
1413 1231 1698 1306 excellentiorem
1717 1233 1850 1304 caeteris
1867 1233 2035 1307 omnibus

445 1353 684 1426 creationibus
695 1356 844 1427 terrenis
861 1356 1021 1427 existere.
1037 1359 1120 1444 Quae
1132 1355 1176 1426 sit
1187 1369 1307 1425 autem
1319 1353 1425 1449 hujus
1442 1353 1630 1426 creationis
1647 1354 1804 1443 novitas,
1819 1351 2036 1452 subsequen·

447 1493 499 1548 ter
512 1477 658 1576 exponit
669 1477 793 1549 dicens
813 1505 820 1547 :
842 1474 1020 1548 «Femina
1039 1474 1275 1550 circumdabit
1292 1477 1422 1546 virum.
1437 1479 1544 1546 »Hoc
1560 1488 1613 1546 est
1625 1497 1669 1546 ex
1681 1475 1826 1573 propria
1841 1473 2036 1548 substantia

447 1597 574 1669 mulier
586 1596 678 1682 sola,
694 1599 770 1670 sine
783 1596 891 1669 virilis
904 1597 1048 1669 seminis
1060 1596 1297 1686 admixtione,
1312 1592 1484 1695 praebebit
1494 1619 1639 1694 corpus,
1650 1614 1723 1692 quo
1739 1619 1776 1666 se
1790 1593 1956 1668 divinitas
1969 1597 2034 1668 cir·

394 1767 397 1774 .
445 1716 591 1788 cumdet
609 1742 650 1788 ac
667 1718 810 1807 vestiat,
831 1718 899 1788 viri
912 1718 1064 1788 sormam
1081 1717 1117 1787 in
1140 1741 1182 1787 ea
1195 1715 1402 1813 suscipiens.
1426 1713 1529 1786 Unde
1541 1729 1577 1787 et
1594 1712 1687 1786 bene
1700 1719 1841 1786 uterus¹
1859 1715 2032 1812 Virginis,

445 1840 546 1934 quasi
564 1837 715 1911 circulus
742 1841 803 1909 ex’
821 1839 921 1911 omni
942 1852 1042 1936 parte
1059 1839 1208 1934 integer,
1230 1837 1346 1908 virum
1367 1835 1469 1908 illum
1495 1837 1531 1907 in
1554 1861 1591 1908 se
1613 1850 1847 1935 conceptum,
1873 1860 1949 1908 non
1973 1863 2036 1936 per

445 1958 580 2028 coitum
616 1959 833 2030 extrinsecus
866 1958 1086 2047 immissum,
1122 1956 1282 2054 undique
1311 1955 1533 2030 circumdare
1566 1954 1707 2028 dicitur.
1737 1959 1866 2026 Totum
1903 1957 2035 2056 quippe

445 2076 554 2149 illud'
578 2077 764 2178 corporale
786 2078 1037 2150 indumentum
1060 2103 1104 2151 ex
1128 2078 1323 2150 substantia
1347 2077 1499 2175 Virginis
1517 2091 1570 2150 est
1594 2090 1820 2168 contextum,
1850 2091 1885 2149 et
1907 2078 1964 2148 vir
1979 2077 2036 2150 ille

369 2243 373 2251 -
445 2199 482 2267 in
502 2223 543 2270 ea
561 2201 662 2296 quasi
679 2201 715 2271 in
734 2201 868 2272 circulo
887 2201 1077 2272 continuo*
1097 2201 1164 2272 suit
1183 2227 1192 2270 :
1214 2201 1298 2297 quia
1316 2200 1392 2295 ejus
1411 2200 1646 2296 integritatem
1662 2223 1731 2271 nec
1751 2214 1948 2300 conceptus
1971 2225 2036 2274 nec

444 2335 548 2392 iratus
575 2321 745 2393 dissolvit.
781 2325 964 2409 Quantum
989 2345 1074 2392 vero
1100 2346 1213 2411 nova,
1235 2335 1270 2394 et
1297 2345 1319 2392 a
1345 2321 1470 2392 ceteris
1492 2321 1537 2391 sit
1554 2318 1693 2391 diversa
1719 2317 1824 2415 hujus
1849 2321 2037 2392 creationis

446 2440 646 2529 natiuitasl,
671 2439 1013 2529 animadvertemus,
1041 2440 1071 2511 si
1093 2455 1235 2512 caeteras
1260 2439 1450 2516 hominum
1477 2439 1675 2532 creationes
1694 2437 1739 2509 ab
1757 2437 1905 2510 emrdio
1925 2438 2038 2510 revol-

446 2557 581 2632 vamus.
613 2561 751 2632 Primus
767 2559 879 2632 bomo
897 2561 942 2631 de
964 2575 1057 2632 terra
1076 2561 1264 2650 lormatuS,
1292 2585 1358 2632 nec
1376 2586 1418 2632 ex
1438 2575 1538 2658 patre
1557 2583 1624 2631 nec
1641 2585 1683 2633 ex
1702 2574 1815 2631 matre
1833 2562 1951 2632 carnis
1968 2559 2036 2632 ori·

445 2680 563 2773 ginem
591 2681 706 2751 traxit.
736 2683 810 2751 Eva
830 2661 979 2768 autem,
994 2703 1073 2775 quae
1093 2678 1139 2768 de
1163 2693 1262 2750 costa
1292 2678 1368 2773 ejus
1394 2678 1545 2752 formata
1574 2691 1644 2768 est,
1674 2702 1715 2750 cx
1742 2692 1844 2775 patre
1860 2676 1940 2750 solo
1962 2693 2035 2769 est,

445 2823 520 2870 non
535 2824 577 2870 ex
595 2815 721 2872 matre.
737 2800 860 2872 Caeteri
877 2821 964 2869 vero
975 2796 1142 2870 homines
1156 2820 1199 2867 ex
1210 2812 1312 2894 patre
1323 2795 1429 2866 simul
1443 2810 1480 2867 et
1493 2809 1605 2868 matre
1621 2809 1858 2893 generantur:
1874 2795 1948 2868 boc
1964 2821 2039 2869 uno

378 2906 381 2912 ¹
444 2919 588 3015 quidem
610 2935 779 3019 excepto,
805 2921 867 3018 qui
891 2944 931 2990 ex
960 2915 1036 2988 sola
1060 2930 1191 3004 matre,
1216 2929 1256 2986 ut
1277 2914 1413 2988 dictum
1434 2928 1509 3005 est,
1531 2917 1698 2988 nascitur.
1724 2914 1829 2988 Unde
1841 2931 1877 2988 et
1893 2920 2039 3017 proprie

444 3039 519 3138 ipse
537 3040 633 3116 solus
654 3041 746 3114 filius
764 3039 938 3128 hominis,
963 3063 1038 3109 non
1056 3037 1267 3128 hominurn,
1283 3037 1400 3111 dictus
1420 3039 1510 3109 est⁸:
1531 3038 1615 3134 quia
1633 3061 1715 3110 eum
1734 3035 1898 3110 videlicet
1914 3063 2039 3112 secun·

445 3158 695 3238 dumcarnem
718 3159 792 3232 sola
815 3159 934 3256 virgo⁷
952 3157 1092 3255 genuit,
1119 3173 1154 3229 et
1177 3159 1254 3257 ipse
1274 3158 1307 3230 ei
1324 3181 1470 3255 quoque
1494 3155 1591 3229 solus
1613 3171 1649 3230 et
1668 3141 1796 3230 unicus
1813 3157 1907 3230 filius
1928 3161 2041 3233 extitit

446 3285 537 3355 sicut
553 3297 590 3354 et
602 3283 713 3382 patn',
731 3297 769 3354 ut
781 3280 856 3377 ejus
869 3278 1083 3351 excellentiae
1095 3278 1334 3378 singularitas⁸
1348 3304 1414 3379 per
1431 3281 1553 3353 omnia
1564 3280 1858 3378 commendetur,-

400 3419 407 3433 “
494 3402 625 3497 Hujus'
652 3401 798 3499 quidem
817 3425 901 3472 caro
926 3399 1098 3496 Virginis,
1127 3425 1198 3498 qua
1222 3425 1260 3472 sc
1282 3424 1387 3473 verus
1412 3425 1524 3498 agnus
1545 3399 1678 3492 induit,
1707 3399 1796 3472 illud
1818 3414 1870 3472 est
1889 3375 2040 3472 biveum

446 3522 557 3594 vellus
574 3521 873 3594 innocentissime
889 3520 985 3609 ovis,
1005 3518 1142 3618 dequo
1162 3519 1345 3593 Psalmista
1366 3519 1474 3618 longe
1497 3536 1579 3594 ante
1598 3518 1803 3594 cecinerat¹⁰
1824 3548 1832 3591 :
1855 3547 1873 3588 u
1885 3523 2043 3592 Descen-

446 3643 507 3714 det
528 3641 619 3712 sieut
636 3640 754 3741 pluvia
772 3641 809 3711 in
826 3638 956 3730 vellus,
976 3653 1045 3710 etc.
1067 3667 1084 3706 u
1105 3640 1269 3738 Legimus
1287 3641 1323 3710 in
1344 3637 1447 3724 Libro
1462 3637 1626 3712 Indicum
1634 3645 1665 3724 ¹¹,
1682 3638 1728 3710 ad
1742 3637 1953 3738 petitionem
1970 3641 2043 3710 Ge·

446 3762 562 3850 deon,
585 3775 625 3831 ut
647 3759 921 3833 confirmaretur
949 3759 995 3830 ad
1022 3757 1183 3857 praelium
1205 3783 1270 3858 per
1301 3757 1438 3831 visibile
1461 3758 1555 3830 s'ibi¹¹
1575 3761 1734 3857 signum,
1763 3756 1874 3830 vellus
1898 3758 1937 3829 in
1959 3781 2045 3828 area

416 3911 426 3932 ·
447 3885 602 3983 positum
623 3907 704 3956 rore
722 3883 770 3954 ita
796 3877 903 3954 luis'se
926 3881 1181 3972 madefactum,
1209 3897 1248 3954 ut
1265 3881 1545 3979 circumquaque
1566 3883 1659 3953 sicca
1681 3895 1775 3952 terra
1793 3892 1975 3968 maneret,
2001 3900 2046 3947 ac

446 4005 679 4103 postmodum
693 4003 739 4076 ad
753 4003 963 4103 petitionem
976 4003 1138 4099 ejusdem
1152 4030 1172 4076 e
1186 4028 1361 4075 converso
1374 4003 1573 4100 contigisse.
1588 4007 1670 4091 Quo
1681 4002 1830 4100 quidem
1841 4001 1946 4098 signo
1957 4025 2047 4101 prae·

447 4125 637 4221 figuratum
655 4124 798 4213 dicitur,
819 4124 968 4221 gratiam
987 4125 1069 4212 Dei,
1091 4149 1169 4221 quae
1196 4147 1277 4194 rore
1296 4122 1513 4221 designatur,
1531 4123 1677 4219 judaico
1699 4120 1837 4221 populo
1850 4121 1895 4194 in
1920 4117 2047 4194 medio

448 4265 621 4319 terrarum
637 4244 724 4316 olim
736 4243 931 4336 habitanti,
952 4246 1052 4342 quasi
1066 4242 1188 4316 velleri
1204 4245 1240 4316 in
1254 4269 1335 4316 area
1348 4247 1485 4343 posito,
1501 4242 1666 4317 collatam
1678 4243 1796 4343 primo
1813 4241 1938 4331 fuisse,
1958 4265 2049 4338 gen·

448 4366 497 4438 tili
510 4364 647 4464 populo
663 4363 854 4464 reprobato
873 4392 880 4435 :
899 4388 941 4436 ac
952 4364 1187 4462 postmodum
1208 4364 1254 4434 ab
1265 4363 1334 4435 hac
1352 4366 1463 4462 gratia
1474 4365 1605 4438 vellere
1616 4365 1773 4453 siccato,
1791 4362 1829 4433 id
1850 4375 1904 4433 est
1922 4360 2051 4433 Judaea

447 4491 602 4589 privata,
618 4511 697 4558 eam
716 4488 994 4583 circumquaque
1017 4501 1192 4558 terrarum
1214 4486 1251 4555 in
1276 4500 1398 4582 gentes
1416 4485 1616 4559 defluxisse.
1638 4484 1709 4558 Sed
1722 4485 1807 4583 quia
1822 4506 1881 4554 ros
1895 4506 2052 4582 compa·

427 4610 585 4680 'ratione
601 4605 729 4706 pluviae
750 4607 866 4678 tenuis
889 4620 960 4716 est,
985 4620 1019 4678 et
1047 4607 1165 4679 minus
1188 4606 1334 4703 irrigare
1352 4606 1499 4714 sufficit3
1530 4606 1744 4679 descensum
1769 4602 1899 4676 divinae
1925 4602 2052 4700 gratiae

441 4905 448 4914 ·
482 4882 489 4907 ¹
510 4881 613 4932 stetis.
628 4880 1220 4934 llina.-Vtrtuslldit.llrnb.-¹SicllS.Eins.
1262 4885 1357 4945 qrrtdem
1377 4897 1454 4950 usque
1472 4885 1526 4932 loer
1548 4885 1622 4946 tultus·
1637 4883 1724 4930 mutter
1744 4876 1784 4928 bic
1807 4874 1897 4926 desunt
1915 4873 1940 4922 in
1959 4871 2054 4924 codice

448 4965 516 5013 -Err
527 4963 597 5014 deest
607 4963 672 5014 Edit.
685 4963 757 5018 lmb.
769 4993 801 5004 -
815 4966 884 5018 Ἥ.
898 4967 989 5018 Eine·
998 4967 1062 5018 lttud
1076 4965 1145 5018 deest
1157 4966 1220 5018 Edit.
1262 4966 1342 5028 Eine..
1354 4967 1399 5018 aed
1414 4964 1536 5018 babennu
1552 4964 1641 5032 partim
1655 4963 1687 5015 ad
1703 4961 1777 5012 linem
1791 4959 1861 5010 istim
1870 4956 2004 5008 orationis.
2023 4981 2053 4993 -

449 5047 519 5098 llmb.
533 5047 587 5086 -0
602 5049 731 5112 Contipuroe
742 5049 793 5102 llS.
805 5051 874 5102 llina.
888 5077 918 5086 -
930 5050 945 5086 ⁸-
954 5049 1005 5101 llS.
1020 5051 1088 5102 Eius.
1099 5053 1225 5103 -chr'tar
1266 5051 1385 5104 ⁴⁰Psalm.
1398 5069 1468 5115 uxr,
1480 5067 1505 5103 r.
1518 5053 1542 5101 6.
1552 5075 1587 5090 -
1597 5049 1618 5078 “
1630 5050 1701 5108 lud,
1714 5062 1768 5113 cap.
1784 5061 1822 5106 tr,
1834 5060 1858 5096 v.
1870 5045 1947 5094 llb-
1958 5040 1986 5070 ¹⁸
2000 5041 2055 5093 HS·

449 5120 514 5184 Edit.
532 5132 603 5184 amb.
617 5157 650 5172 ·-
664 5134 778 5186 'Dictum
791 5148 825 5188 cat
843 5135 909 5187 lldit.
922 5135 995 5188 amb.
1011 5163 1039 5174 -·
1056 5136 1065 5162 ⁷
1082 5137 1161 5187 tram
1173 5136 1224 5188 llS.
1267 5137 1335 5188 Eius.
1345 5139 1423 5188 -Stbr'
1431 5135 1501 5187 deest
1513 5133 1579 5186 Edit.
1592 5132 1664 5185 llmb.

449 5219 516 5268 Eine.
529 5245 557 5254 —
570 5217 580 5244 ⁸
591 5219 745 5271 decedentia
758 5225 933 5287 rtnprrluntan'r
947 5221 997 5273 tta.
1011 5221 1078 5272 ains.
1087 5221 1137 5258 -'
1149 5223 1227 5285 Hrrjur
1543 5213 1549 5224 ”
