4606 6106
612 613 701 685 CUM
726 614 852 686 PETlll
880 615 1114 688 ABAEtitttnt
1141 616 1465 689 SOLll‘l'lONlBUS.
1760 615 1834 688 253

251 758 336 829 hinc
349 755 498 827 transire
511 754 558 826 ad
570 777 656 845 vos,
672 778 748 826 non
761 757 916 853 possint,
935 781 1051 853 neque
1065 757 1149 828 inde
1162 757 1234 829 huc
1248 755 1516 829 transmearela
1531 753 1725 841 Quomodo
1738 758 1836 828 enim

252 881 360 978 aliqui
377 879 539 951 excaecati
553 892 653 967 sunt,
670 891 710 948 ut
723 876 770 948 de
789 877 968 974 refrigerio
979 892 1084 950 tantae
1102 879 1229 975 quietis
1247 878 1293 950 ad
1311 902 1434 976 poenas
1452 861 1704 948 damnatorum
1719 891 1834 947 trans·

253 1003 303 1073 ire
322 997 450 1084 velint,
472 995 529 1069 vel
548 999 599 1069 eis
619 995 764 1094 aliquod
786 996 993 1094 impendere
1013 995 1229 1069 beneficium
1239 997 1314 1093 jam
1328 999 1477 1068 omnino
1490 997 1642 1096 inaniter
1655 995 1837 1086 affectent,

254 1141 384 1224 quosue
401 1115 644 1188 misericordia
663 1115 729 1188 Dei
747 1114 888 1213 penitus
909 1114 1070 1187 exclusos
1087 1114 1233 1188 vident?

869 1300 1004 1372 Solutio
1021 1299 1218 1372 Abaelardi'..

305 1461 499 1550 Abraham,
520 1462 557 1532 in
576 1461 677 1556 cujus
694 1462 775 1533 sinu
794 1466 944 1534 Lazarus
966 1475 1018 1533 est
1036 1476 1237 1558 susceptus,
1257 1464 1354 1531 Deus
1374 1474 1442 1548 est,
1468 1459 1530 1555 qui
1552 1457 1674 1530 fideles
1692 1484 1774 1532 suos
1791 1460 1838 1532 de

255 1580 361 1674 hujus
378 1579 457 1651 vitae
470 1579 619 1650 miseriis
637 1578 683 1650 ad
701 1578 825 1651 futurae
839 1555 918 1652 vitae
934 1579 1153 1676 refrigerium
1167 1577 1272 1650 nobis
1285 1577 1404 1649 adhuc
1422 1576 1603 1649 occultum
1617 1591 1785 1673 tanquam
1801 1581 1837 1650 in

255 1696 439 1796 quoddam
458 1713 633 1769 secretum
647 1698 773 1794 quietis
787 1699 944 1798 suscipit.
963 1698 1015 1769 Ad
1029 1698 1127 1770 hunc
1140 1699 1258 1768 anima
1277 1696 1444 1768 damnata
1460 1696 1620 1794 loquitur
1635 1698 1736 1792 quasi
1750 1723 1839 1795 sup-

256 1800 444 1917 plicand0,
464 1816 552 1888 dum
570 1841 653 1888 eum
672 1817 727 1889 sui
744 1816 923 1890 desideret
941 1819 1110 1890 misereri.
1134 1816 1310 1913 abraham
1329 1816 1421 1887 eide
1439 1815 1612 1888 sententia
1631 1839 1693 1887 sua
1711 1817 1841 1886 consti·

255 1951 331 2008 tuta
348 1937 559 2035 respondet,
582 1961 694 2033 quum
709 1919 796 2008 ¹eum
809 1936 1003 2034 intelligere
1022 1937 1102 2008 facit
1120 1937 1273 2009 inaniter
1285 1960 1367 2008 eum
1380 1933 1598 2022 desiderare,
1616 1932 1714 2028 quod
1728 1932 1840 2004 nulla·
1931 2012 1936 2022 ‚

256 2053 360 2128 tenus
379 2054 495 2127 eidem
520 2070 640 2154 potest
663 2055 817 2128 evenire.
845 2060 922 2127 Hoc
947 2071 1000 2126 est
1024 2070 1143 2127 autem
1168 2053 1266 2152 quod
1289 2053 1609 2150 eum¹intelligere
1627 2053 1725 2142 facit,
1742 2053 1840 2150 quod

256 2172 458 2270 subjungit:
477 2203 495 2241 a
506 2175 593 2246 Etin
606 2173 662 2246 his
676 2173 842 2248 omnibus
856 2176 1026 2246 internos
1040 2189 1075 2245 et
1088 2198 1152 2247 vos
1163 2175 1272 2247 chaos
1283 2197 1453 2270 magnum
1465 2173 1646 2245 firmatum
1660 2187 1726 2263 est,
1743 2187 1810 2244 etc.
1820 2202 1836 2237 u

259 2325 275 2364 r
288 2300 326 2365 ln
345 2295 400 2366 his
418 2295 604 2385 omnibus,
620 2326 637 2364 a
652 2296 723 2368 hoc
739 2311 811 2388 est,
828 2297 863 2408 in
880 2298 1036 2394 utrisque
1054 2296 1246 2397 praedictis,
1263 2294 1308 2368 de
1321 2295 1567 2367 consolatione
1580 2294 1711 2367 scilicet
1724 2295 1839 2389 justo·

257 2439 335 2486 mm
359 2429 394 2485 et
414 2415 571 2486 cruciatu
593 2413 792 2506 malorum,
820 2445 838 2484 α
854 2414 962 2487 chaos
980 2440 1150 2512 magnum
1176 2413 1355 2486 firmatum
1377 2429 1450 2504 est,
1469 2442 1486 2480 a
1507 2427 1542 2484 et
1563 2411 1634 2484 hoc
1653 2428 1707 2484 est
1729 2414 1840 2511 impe·

256 2533 456 2606 dimentum
479 2548 619 2606 tanturn
643 2533 765 2605 divino
785 2533 922 2632 judicio
947 2535 1150 2631 perenniter
1173 2535 1405 2606 constitutum
1427 2561 1435 2603 ε
1461 2533 1621 2629 «utqui
1644 2531 1770 2603 volunt
1794 2531 1840 2602 ad

258 2677 322 2723 vos
335 2652 420 2725 hinc
433 2653 583 2724 transire
601 2649 675 2725 non
692 2653 839 2752 possint.
857 2682 874 2720 a
889 2655 1052 2726 Transire
1063 2653 1134 2726 hoc
1148 2653 1228 2727 loco
1243 2654 1288 2726 de
1303 2655 1484 2752 refrigerio
1498 2653 1676 2748 justorum
1698 2651 1744 2722 ad
1766 2678 1839 2750 poe-

258 2793 321 2840 uas
337 2771 513 2843 malorum
532 2769 759 2866 intelligimus
778 2769 869 2842 velle
885 2771 940 2842 his
953 2796 1098 2867 quoque
1112 2771 1317 2861 subvenire,
1333 2773 1396 2868 qui
1410 2771 1570 2842 damnati
1583 2785 1665 2841 suut
1685 2785 1721 2840 et
1739 2773 1840 2866 quasi
1949 2799 1955 2810 ·

256 2888 328 2962 hoc
346 2889 560 2964 beneficium
576 2891 753 2985 justorum
775 2888 843 2960 illis
864 2891 1008 2977 afferre3
1030 2888 1087 2962 vel
1106 2888 1191 2959 inde
1214 2886 1285 2958 huc
1307 2889 1386 2958 illos
1406 2890 1578 2979 educere,
1608 2890 1697 2961 sicut
1717 2888 1840 2960 fideles

257 3009 416 3108 quotidie
433 3011 566 3082 iaciunt
582 3011 618 3080 in
639 3008 708 3079 hac
728 3009 820 3097 vita,
842 3007 930 3078 dum
948 3005 1168 3078 orationibus
1189 3005 1245 3077 vel
1271 3005 1505 3102 eleemosynis
1523 3009 1595 3078 suis
1617 3007 1673 3078 his
1694 3032 1839 3106 quoque

258 3127 447 3201 subvenire
471 3131 645 3217 nituntur,
669 3151 762 3224 quos
779 3127 816 3196 in
837 3127 952 3224 poenis
974 3125 1187 3223 purgatoriis
1210 3149 1286 3197 esse
1310 3138 1455 3221 putant,
1475 3149 1589 3221 quum
1607 3127 1756 3197 omnino
1771 3126 1842 3197 sint

260 3246 429 3319 damnati.
454 3251 533 3318 Non
554 3270 638 3342 ergo
658 3244 704 3316 de
722 3245 790 3316 illis
815 3246 877 3340 qui
897 3241 1014 3314 in.i110
1032 3242 1211 3339 refrigerio
1231 3257 1330 3332 sunt,
1354 3242 1598 3339 intelligimus,
1620 3259 1658 3316 ut
1679 3244 1773 3315 hanc
1794 3243 1839 3316 de

259 3367 436 3439 damnatis
457 3365 742 3464 compassionem
763 3360 942 3452 habeant,
965 3361 1027 3435 sed
1048 3361 1093 3434 de
1122 3360 1320 3433 viventibus
1342 3360 1477 3450 adhuc,
1499 3363 1590 3433 sicut
1610 3361 1744 3434 dictum
1767 3377 1837 3451 est,

259 3483 434 3556 fidelibus.
452 3489 531 3556 Non
557 3485 654 3557 enim
680 3481 857 3554 Abraham
876 3481 979 3571 dixit,
1001 3497 1041 3552 ut
1061 3480 1099 3550 hi
1119 3480 1165 3553 de
1183 3481 1256 3552 istis
1282 3481 1344 3577 qui
1363 3495 1446 3552 sunt
1462 3479 1540 3572 hic,
1562 3480 1687 3554 volunt
1707 3482 1753 3553 ad
1775 3506 1840 3554 vos

258 3604 343 3676 hinc
361 3603 528 3694 transire,
549 3602 613 3675 sed
625 3601 831 3704 simpliciter
843 3599 930 3671 dixit
945 3626 953 3670 :
969 3629 987 3669 a
1003 3599 1046 3669 Hi
1064 3600 1126 3696 qui
1144 3598 1286 3689 volunt,
1305 3627 1324 3668 a
1345 3599 1418 3670 sive
1438 3597 1556 3670 adhuc
1574 3599 1660 3689 vivi,
1678 3601 1751 3672 sive
1765 3601 1840 3696 jam

260 3721 428 3795 delimcti.
451 3725 523 3792 Nos
541 3735 678 3810 autem,
701 3734 739 3790 ut
756 3718 927 3808 diximus,
948 3732 1094 3815 propter
1114 3718 1273 3788 viventes
1295 3715 1368 3788 hoc
1392 3716 1526 3788 dictum
1545 3719 1758 3815 accipimus,
1779 3722 1842 3816 qui

259 3839 462 3938 parabolice
480 3839 648 3912 dicuntur
664 3837 710 3910 de
730 3837 911 3934 refrigerio
932 3837 1111 3932 justorum
1135 3837 1284 3907 transire
1305 3833 1352 3906 ad
1379 3835 1458 3914 loca
1478 3835 1631 3935 poenalia
1652 3837 1840 3910 damnato·

259 3985 353 4050 rum,
366 3959 422 4033 vel
434 3959 519 4032 inde
531 3958 603 4031 huc
616 3975 831 4030 transmeare
849 3985 857 4027 ε
872 3981 950 4053 quae
959 3955 1125 4027 videntur
1138 3955 1168 4050 ej
1174 3955 1298 4026 usdem
1312 3977 1388 4028 esse
1404 3955 1597 4027 sententiae.
1613 3956 1695 4027 Tale
1707 3957 1840 4056 quippe

259 4094 313 4152 est
329 4103 391 4150 eos
408 4079 453 4150 de
473 4079 651 4176 relligerio
662 4078 840 4174 justorum
864 4076 1013 4148 transire
1038 4073 1084 4145 ad
1098 4097 1222 4172 poenas
1240 4071 1508 4166 damnatorum,
1532 4074 1588 4145 vel
1601 4074 1673 4145 huc
1693 4099 1835 4148 meare:

260 4213 430 4295 tanquam
445 4197 511 4270 illis
528 4222 691 4295 quoque,
706 4198 770 4294 qui
783 4195 941 4268 damnati
954 4209 1058 4284 sunt,
1072 4194 1121 4265 ita
1132 4192 1305 4290 compati,
1328 4207 1367 4264 ut
1380 4191 1485 4264 bonis
1503 4191 1671 4292 operibus
1684 4195 1757 4264 suis
1769 4193 1839 4264 hoc
1876 4185 1884 4202 '

262 4318 481 4415 refrigerium
499 4318 608 4390 velint
621 4317 689 4389 illis
702 4315 873 4414 impertiri
882 4317 905 4405 ²,
923 4328 958 4385 et
970 4309 1242 4409 quodammodo
1255 4324 1512 4411 transportare,
1529 4310 1585 4383 vel
1598 4334 1661 4382 eos
1674 4310 1758 4382 inde
1769 4309 1841 4383 huc

262 4437 432 4528 educere,
453 4451 492 4508 ut
510 4435 635 4510 eadem
654 4435 826 4508 sententia
843 4435 880 4504 in
898 4431 1045 4506 diversis
1062 4429 1225 4505 videatur
1241 4427 1368 4504 uerbis.

828 4651 1008 4700 pneuma
1032 4649 1198 4698 Httm1ssm
1223 4649 1271 4732 XI:

311 4801 406 4891 Quid
424 4816 479 4874 est
497 4798 597 4898 quod
617 4801 654 4872 in
671 4798 800 4874 eodem
817 4797 1029 4894 evangelista
1050 4796 1198 4894 legimus
1219 4795 1415 4868 Dominum
1435 4791 1577 4864 dicere'
1603 4818 1612 4862 ε
1638 4793 1761 4866 «Dico
1779 4817 1840 4865 au-

263 4937 335 4993 tem
357 4920 482 5011 vobis,
514 4917 615 5018 quod
635 4919 683 4989 ita
704 4917 873 5015 gaudium
893 4917 960 4988 erit
983 4916 1020 4987 in
1051 4914 1142 4986 coelo
1159 4939 1266 5011 super
1289 4937 1362 4985 uno
1387 4926 1574 5013 peccatore
1595 4911 1846 5010 poenitentiam

298 5204 383 5257 ‘Em
396 5203 466 5256 aar
478 5203 539 5256 coa
551 5201 656 5254 Vict.-·
670 5199 679 5230 ¹
695 5201 890 5268 marcos
906 5199 970 5252 ua.
985 5225 1012 5238 -
1025 5198 1035 5226 ·
1048 5198 1186 5264 neap.
1199 5213 1242 5259 xv,
1256 5213 1277 5247 v.
1294 5199 1326 5250 r,
