4522 6102
893 602 1129 676 EPISTOLAE.
1735 621 1805 690 433

228 733 472 833 demptionem
508 738 752 810 Hierusalem.
770 769 788 808 u
819 745 909 816 Nota
942 744 1079 841 singula
1105 771 1183 844 quae
1213 747 1394 842 dicuntur,
1424 769 1460 826 et
1484 754 1666 854 perpende
1697 783 1805 855 quam

228 860 406 932 studiosus
423 860 460 931 in
478 857 584 956 hujus
598 861 712 932 viduae
730 861 834 934 laude
847 860 951 935 fuerit
964 864 1194 962 evangelista,
1217 883 1253 940 et
1269 873 1410 966 quantis
1427 877 1613 970 preconiis
1632 877 1805 950 excellen-

229 983 332 1052 tiam¹
349 983 424 1078 ejus
442 981 616 1052 extulerit.
632 981 740 1078 Cujus
753 981 900 1078 quidem
920 984 1150 1082 prophetissae
1163 988 1311 1084 gratiam
1323 1015 1432 1087 quam
1445 992 1576 1066 habere
1593 995 1696 1068 solita
1709 1014 1802 1088 erat,

226 1117 263 1172 et
280 1115 464 1198 parentem
489 1103 581 1196 ejus,
609 1117 644 1172 et
664 1100 816 1191 tribum,
833 1118 867 1173 et
878 1119 960 1200 post
970 1119 1107 1202 septem
1124 1130 1254 1198 annos,
1271 1133 1363 1205 quos
1381 1137 1464 1182 curn
1480 1114 1557 1184 viro
1573 1117 1802 1207 sustinuerat,

227 1221 424 1318 longaevum
437 1237 565 1294 sanctae
578 1222 757 1294 viduitatis
769 1235 908 1320 tempus
921 1247 995 1320 quo
1008 1249 1046 1296 se
1057 1227 1214 1298 Domino
1228 1230 1506 1328 mancipaverat,
1521 1249 1556 1304 et
1566 1235 1804 1320 assiduitatem

227 1341 301 1436 ejus
323 1342 360 1412 in
378 1341 534 1439 templo,
566 1356 602 1413 et
618 1342 836 1438 jejuniorum
859 1357 894 1416 et
917 1345 1121 1416 orationum
1139 1347 1362 1438 instantiam,
1387 1351 1647 1426 consessionem
1668 1355 1801 1439 laudis,

224 1485 313 1558 quas
335 1476 449 1557 grates
467 1462 624 1534 Domino
648 1461 823 1534 referebat
840 1476 876 1534 et
897 1461 1079 1559 publicam
1096 1465 1172 1560 ejus
1189 1466 1477 1564 pradicationem
1501 1471 1547 1544 de
1570 1476 1745 1570 promisso
1768 1491 1804 1547 et

223 1597 309 1652 nato
330 1581 512 1654 Salvatore
530 1580 716 1678 diligenter
736 1583 929 1679 expressit3
952 1597 987 1654 et
1004 1584 1207 1659 Simeonem
1225 1587 1372 1683 quidem
1387 1587 1464 1684 jam
1478 1592 1639 1690 superius
1652 1616 1802 1691 evange-

222 1701 299 1773 lista
317 1701 363 1774 de
376 1703 528 1799 justitia,
549 1726 624 1775 non
642 1699 688 1772 de
705 1700 893 1799 prophetia
906 1703 1239 1796 commendaverat,
1257 1731 1324 1778 nec
1342 1709 1380 1779 in
1394 1733 1437 1780 eo
1456 1723 1562 1781 tantae
1576 1711 1803 1785 continentiae

221 1820 278 1892 vel
294 1821 514 1895 abstinentiae
532 1823 719 1911 virtutem,
745 1846 811 1894 nec
836 1820 948 1892 divini
972 1821 1247 1896 sollicitudinem
1268 1825 1430 1924 obsequii
1450 1827 1555 1900 fixisse
1573 1834 1800 1923 memoravit,

220 1966 287 2013 nec
303 1941 349 2014 de
367 1943 442 2039 ejus
459 1942 505 2015 ad
519 1943 606 2016 alios
622 1941 872 2044 predicatione
887 1940 1084 2040 quidquam
1106 1943 1246 2039 adjecit.
1267 1947 1381 2041 Hujus
1398 1970 1542 2044 quoque
1561 1949 1805 2046 professionis¹

219 2079 325 2160 atque
338 2065 514 2162 propositi
524 2064 589 2136 illae
601 2079 684 2137 sunt
696 2089 787 2136 verae
799 2063 931 2154 viduae,
948 2065 993 2138 de
1006 2065 1136 2161 quibus
1147 2063 1194 2137 ad
1206 2067 1434 2139 Timotheum
1445 2069 1602 2141 scribens
1615 2072 1804 2170 Apostolus
1854 2065 1857 2072 ⁴

219 2184 308 2255 ait⁸.·
326 2213 344 2252 u
359 2185 493 2255 Viduas
502 2185 659 2274 honora,
676 2209 756 2282 quae
769 2209 861 2256 verae
874 2183 989 2256 viduae
1001 2199 1096 2256 sunt.
1112 2213 1130 2252 u
1155 2189 1285 2258 ltem⁸t
1309 2213 1327 2254 a
1341 2191 1428 2275 Quae
1450 2202 1568 2260 autem
1587 2214 1670 2262 vere
1693 2191 1802 2264 vidua

219 2317 291 2391 est,
313 2319 348 2374 et
364 2303 539 2394 desolata,
559 2306 725 2402 speretin
738 2309 872 2394 Deum,
891 2319 927 2377 et
946 2305 1052 2376 instet
1074 2303 1378 2379 obsecrationibus
1398 2321 1504 2380 nocte
1518 2332 1559 2379 ac
1575 2308 1644 2381 die.
1669 2313 1712 2380 Et
1728 2311 1817 2383 hoc*

217 2425 386 2522 pracipe⁸
398 2441 437 2496 ut
447 2424 772 2524 irreprehensibiles
784 2427 865 2496 sint.
880 2451 899 2492 u
915 2427 960 2494 Et
971 2425 1137 2496 iterum⁷2
1153 2453 1171 2492 u
1184 2425 1220 2496 si
1232 2425 1311 2523 quis
1323 2424 1446 2498 fideles
1460 2425 1568 2499 habet
1575 2429 1701 2500 viduas
1712 2430 1797 2502 sub-

218 2544 391 2615 ministret
406 2543 492 2632 illis,
509 2561 545 2618 et
557 2570 632 2616 non
646 2560 811 2642 gravetur
828 2543 1001 2632 Ecclesia,
1019 2558 1058 2617 ut
1074 2543 1227 2641 hisquae
1248 2569 1338 2618 vcrae
1357 2545 1473 2617 viduae
1493 2562 1576 2618 sunt
1597 2547 1758 2622 sufficiat.
1778 2577 1796 2616 u

219 2665 325 2734 Veras
339 2666 471 2764 quippe
489 2665 615 2736 viduas
632 2665 718 2737 dicit
728 2689 807 2762 quae
819 2665 1026 2737 viduitatem
1039 2689 1139 2736 suam
1154 2663 1319 2736 secundis
1333 2666 1466 2763 nuptiis
1478 2670 1570 2738 non⁸
1587 2667 1799 2740 dehonesta-

216 2799 363 2871 verunt,
384 2784 440 2856 vel
461 2810 540 2882 quae
561 2785 752 2858 devotione
766 2787 876 2882 magis
889 2809 997 2882 quam
1015 2786 1221 2858 necessitate
1239 2785 1289 2856 sio
1304 2800 1571 2883 perseverantes
1583 2789 1741 2858 Domino
1761 2814 1799 2862 se

216 2901 392 2975 dicarunt.
407 2905 589 2976 Desolatas
599 2906 686 2976 dicit
696 2931 775 3002 quae
788 2905 838 2978 sic
851 2904 1019 2977 omnibus
1037 2904 1305 2993 abrenuntiant,
1328 2920 1366 2977 ut
1378 2903 1518 2976 nullum
1535 2908 1665 2978 terreni
1682 2908 1798 2980 solatii

215 3022 413 3097 subsidium
431 3026 622 3112 retineant,
642 3025 700 3096 vel
720 3026 782 3122 qui
801 3049 924 3097 earum
946 3047 1069 3096 curam
1091 3037 1197 3118 agant
1218 3047 1293 3092 non
1312 3022 1456 3094 habent.
1479 3028 1575 3112 Quas
1593 3025 1740 3122 quidem
1763 3043 1798 3098 et

216 3143 445 3216 honorandas
465 3169 540 3216 esse
561 3145 735 3244 prmcipit,
752 3144 846 3216 etde
860 3143 1043 3241 stipendiis
1062 3141 1225 3214 Ecclesiae
1239 3156 1359 3213 censet
1371 3145 1559 3215 sustentari
1572 3159 1743 3241 tanquam
1751 3147 1797 3220 de

216 3265 369 3361 propriis
382 3264 579 3336 redditibus
598 3265 721 3363 sponsi
738 3289 861 3336 earum
879 3263 1019 3335 Christi.
1041 3266 1092 3334 Ex
1109 3261 1239 3358 quibus
1252 3263 1359 3333 etiam
1378 3262 1500 3361 quales
1520 3264 1566 3336 ad
1586 3264 1796 3338 diaconatus

216 3385 449 3457 ministerium
469 3387 540 3457 sint
563 3384 732 3483 eligendae
755 3383 942 3481 diligenter
958 3382 1146 3472 describit,
1174 3381 1343 3454 dicens’:
1369 3411 1387 3450 u
1410 3382 1526 3454 Vidua
1547 3382 1696 3480 eligatur
1719 3409 1794 3457 non

214 3504 332 3576 minus
346 3507 524 3602 sexaginta
537 3529 733 3596 annorum,
752 3529 832 3602 quae
845 3503 950 3576 fuerit
963 3504 1068 3576 unius
1077 3503 1144 3574 viri
1158 3525 1260 3592 uxor,
1279 3500 1316 3572 in
1328 3500 1495 3600 operibus
1513 3499 1618 3574 bonis
1636 3505 1795 3576 testimo·

212 3627 318 3710 nium
327 3624 483 3714 habens,
500 3627 529 3696 si
547 3625 639 3696 filios
657 3626 840 3712 educavit,
861 3624 890 3694 si
907 3622 1063 3722 hospitio
1081 3623 1253 3720 suscepit,
1268 3622 1297 3691 si
1311 3635 1516 3692 sanctorum
1529 3621 1639 3720 pedes
1649 3622 1750 3712 lavit,
1766 3627 1793 3696 si

211 3745 478 3818 tribulationem
498 3745 713 3844 patientibus
734 3745 1028 3842 subministravit,
1054 3743 1083 3814 si
1101 3765 1210 3812 omne
1235 3739 1375 3812 bonum
1394 3765 1486 3839 opus
1505 3757 1695 3813 consecuta
1725 3759 1789 3816 est.

210 3865 517 3952 adolescentiores
530 3881 648 3938 autem
659 3864 786 3938 viduas
800 3864 930 3936 devita.
948 3859 1090 3949 »Quod
1108 3858 1253 3954 quidem
1272 3858 1397 3930 beatus
1417 3883 1600 3958 exponens
1618 3861 1791 3962 Hieronp-

203 4009 308 4058 mus:
330 4015 348 4053 u
362 3988 508 4076 Devita,
527 4015 545 4053 »
561 3986 712 4084 inquitr,
733 4015 751 4052 u
762 3985 798 4054 in
811 3983 1006 4056 ministerio
1021 3980 1228 4052 diaconatus
1246 3981 1500 4076 praeponeress,
1515 4003 1562 4050 ne
1573 3980 1709 4051 malum
1723 4007 1790 4080 pro

203 4105 305 4177 bono
321 4106 427 4178 detur
442 4107 658 4204 exemplum,
678 4107 708 4178 si
721 4103 886 4178 videlicet
894 4103 1055 4200 juniores
1066 4099 1113 4172 ad
1129 4098 1201 4170 hoc
1218 4097 1392 4195 eligantur
1404 4122 1482 4195 quae
1496 4098 1543 4169 ad
1555 4101 1790 4172 tentationem

202 4226 397 4322 proniores
414 4241 450 4298 et
462 4243 587 4300 natura
605 4227 779 4300 leviores:
801 4249 869 4297 nec
885 4248 951 4322 per
963 4221 1215 4330 experientiam
1233 4218 1399 4316 longaevae
1414 4219 1524 4292 aetatis
1537 4220 1695 4316 providae
1712 4244 1788 4291 rna·

200 4347 282 4416 lum
301 4347 505 4445 exemplum
525 4347 580 4418 his
599 4345 800 4444 praebeant,
821 4340 951 4440 quibus
969 4342 1121 4413 maxime
1142 4339 1281 4411 bonum
1305 4337 1391 4410 darc
1410 4335 1618 4408 debuerant.
1639 4365 1656 4402 u
1680 4338 1788 4423 Quod

192 4466 350 4564 quidem
364 4468 524 4538 malum¹¹
542 4467 744 4565 exemplum
763 4467 799 4536 in
813 4461 1014 4560 junioribus
1027 4460 1162 4548 viduiS,
1179 4459 1348 4554 quiajam
1362 4455 1551 4554 Apostolus
1573 4457 1677 4527 certis
1697 4455 1788 4526 didi·

194 4610 302 4666 cerat
314 4589 576 4692 experimentis,
596 4601 717 4686 aperte
726 4582 927 4684 profitetur,
941 4595 977 4654 et
989 4579 1176 4652 consilium
1194 4580 1340 4676 insuper
1352 4574 1542 4648 adversum
1554 4575 1625 4646 hoc
1638 4573 1782 4672 praebet.

229 4813 238 4837 ¹
259 4814 339 4862 lueet
354 4811 402 4860 llS.
425 4808 495 4860 amb.
509 4805 559 4845 -'
576 4808 699 4858 Summam
719 4805 771 4868 ejus
788 4808 980 4871 stuprantemque
1012 4817 1036 4852 t.
1055 4803 1084 4864 9,
1099 4803 1128 4851 10
1141 4809 1166 4850 et
1180 4803 1219 4850 11.
1229 4827 1256 4836 -
1267 4797 1399 4860 ’0,Οοωω.
1417 4796 1442 4846 iu
1461 4797 1532 4862 epist.
1548 4799 1582 4846 ad
1595 4794 1709 4852 Timoth„
1724 4793 1785 4856 opp.

184 4905 314 4962 pietatem
327 4891 777 4955 cdebravitRllS.-¹Perfeetr'onir
795 4887 845 4939 llS.
867 4885 936 4937 hmb.
952 4914 977 4924 -·
1011 4898 1031 4938 t.
1057 4885 1095 4948 V,
1123 4885 1172 4937 col.
1202 4887 1273 4936 1092.
1295 4882 1363 4934 llunc
1382 4881 1581 4934 commentarium
1609 4893 1673 4945 pene
1703 4892 1788 4927 omues

186 4983 198 5008 ⁸
217 4981 332 5032 Timoth.
350 4981 375 5038 l,
392 4995 447 5045 cap.
465 4995 489 5040 r,
505 4995 529 5030 v.
550 4979 574 5027 8.
586 5003 616 5014 »-
627 4974 722 5035 ¹lbid.,
732 4991 757 5024 r.
771 4976 795 5024 ὃ.
806 4999 839 5010 -
848 4972 858 5000 ‘
868 4972 910 5023 Sic
922 4971 951 5022 l).
961 4997 979 5008 -
1002 4971 1158 5036 ,Hieronymo
1169 4967 1323 5033 abjudicant,
1338 4965 1435 5030 Pelagio
1448 4963 1566 5014 tribuunt.
1577 4985 1611 5000 ·-
1624 4962 1644 4987 ⁴¹
1659 4960 1699 5009 Sic
1710 4958 1787 5007 hl).-

185 5071 331 5130 Proecipae
350 5065 412 5116 Edd.
432 5092 457 5101 —
470 5062 479 5089 ²
493 5065 596 5114 Timoth.
614 5063 638 5121 l,
649 5077 705 5128 cap.
719 5077 743 5120 v,
757 5075 780 5109 v.
797 5061 835 5109 16.
844 5084 878 5097 -
888 5057 898 5086 ⁸
909 5057 978 5110 luse-
1012 5059 1214 5117 Proeportereuon
1224 5051 1312 5118 legitur
1323 5051 1346 5100 io
1357 5049 1416 5100 edit.
1428 5045 1569 5098 amu-⁴¹
1580 5045 1621 5096 Sic
1631 5043 1789 5095 rich-lla-

183 5157 258 5206 ritur
292 5162 348 5200 uota
373 5153 500 5212 turpustmr'
520 5150 633 5197 udrilterr'i
654 5163 669 5196 a
693 5149 812 5208 primaevis
841 5145 978 5194 christiania
1010 5143 1058 5190 hm
1071 5138 1139 5190 deest
1150 5138 1175 5188 in
1186 5136 1249 5187 Edd.

183 5241 272 5290 triana·
294 5251 341 5286 aon
362 5240 565 5287 dedecoraverunt
578 5231 648 5283 llllS.
661 5257 688 5267 —
701 5229 712 5257 ⁹
725 5229 827 5280 limotb.
839 5229 867 5286 l,
881 5243 935 5292 cap.
953 5243 978 5288 v,
