4522 6102
444 626 491 696 98
772 685 778 690 .
877 623 1004 693 PETRI
1031 619 1264 692 ABAELARDl
1290 619 1346 690 ET
1371 617 1598 690 HELOlSSAE

444 766 543 836 nium
567 764 629 834 tibi
653 763 850 859 religionis,
876 777 916 832 ut
936 762 1020 833 hinc
1049 760 1183 858 aliquid
1208 759 1419 832 extollentia
1446 781 1566 830 sumas
1579 761 1600 826 ¹.
1628 760 1701 826 Nec
1724 754 1769 828 de
1794 747 2030 824 commenda?

444 885 562 956 tione¹
579 884 787 979 cujusquam
800 881 921 953 amicis
932 881 1153 954 credendum
1168 895 1240 972 est,
1257 880 1348 951 sicut
1361 903 1428 950 nec
1441 877 1592 949 inimicis
1604 875 1650 948 de
1661 875 1935 980 vituperatione.

492 1006 659 1100 Superest
682 1001 828 1072 tandem
855 1017 894 1073 ut
920 1003 967 1073 ad
992 1002 1174 1098 antiquam
1196 1000 1312 1089 illam,
1338 1013 1378 1070 ut
1395 998 1567 1087 diximus,
1592 1011 1633 1068 et·
1648 994 1826 1067 assiduam
1844 993 2021 1089 querimo-

444 1125 540 1192 niam
557 1137 654 1192 tuam
673 1121 876 1208 veniamus,
898 1123 982 1218 quia
1000 1121 1162 1192 videlicet
1175 1120 1222 1192 de
1240 1135 1370 1191 nostrae
1387 1118 1629 1190 conversionis
1642 1114 1753 1187 modo
1772 1117 1888 1185 Deum
1907 1113 2034 1210 potius.

443 1265 606 1312 accusare
624 1241 825 1337 pressuris,
852 1265 961 1337 quam
986 1239 1203 1337 glorificare,
1232 1254 1271 1310 ut
1292 1239 1427 1335 justum
1451 1253 1522 1327 est,
1548 1237 1647 1310 velis.
1678 1240 1778 1306 lianc
1795 1235 1869 1330 jam
1888 1231 2024 1304 dudum

443 1360 716 1435 amaritudinem
735 1361 867 1431 animi'
887 1362 939 1431 tui
963 1376 1035 1432 tam
1054 1361 1239 1432 manifesto
1263 1359 1391 1432 divinae
1409 1357 1658 1430 misericordiae
1675 1354 1822 1428 consilio
1843 1353 2025 1425 evanuisse

443 1477 684 1566 credideram
705 1503 785 1574 quae
808 1493 943 1575 quanto
970 1478 1035 1550 tibi
1057 1478 1290 1576 periculosior
1308 1493 1379 1568 est,
1401 1501 1531 1575 corpus
1549 1491 1651 1548 tuum
1668 1475 1800 1574 pariter
1817 1487 1852 1545 ct
1868 1472 2020 1543 animam

443 1611 648 1684 conterens,
667 1611 766 1670 tanto
786 1596 1020 1668 miserabilior
1035 1613 1105 1688 est,
1121 1597 1257 1669 etmihi
1275 1596 1468 1668 molestior.
1487 1600 1575 1683 Quae
1585 1619 1698 1692 quum
1716 1593 1804 1665 mihi
1822 1617 1886 1690 per
1903 1591 2021 1662 omnia

444 1717 601 1813 placere,
622 1717 711 1788 sicin
730 1715 924 1814 profiteris,
955 1716 1115 1807 studeas,
1146 1717 1217 1788 lroc
1244 1717 1370 1788 saltem
1391 1740 1465 1787 uno
1482 1731 1522 1787 ιιι
1540 1741 1597 1788 me
1616 1739 1691 1786 non
1710 1714 1865 1802 crucies,
1893 1713 1966 1782 imo
1986 1725 2022 1782 ut

445 1837 537 1908 mihi·
552 1861 781 1935 summopere
798 1838 955 1934 placeas,
983 1837 1078 1910 banc
1094 1837 1253 1936 depone,
1274 1862 1358 1908 cum
1375 1861 1447 1934 qna
1464 1836 1552 1906 milri
1570 1859 1644 1908 uon
1664 1847 1768 1932 potes
1783 1834 1942 1932 placere,
1962 1855 2023 1902 ne·

445 1981 515 2051 que
541 1981 681 2027 mecum
703 1955 750 2027 ad
770 1956 1038 2028 beatitudinem·
1052 1958 1248 2055 pervenire.
1279 1955 1474 2027 sustinebis
1502 1955 1584 2026 illuc
1613 1978 1671 2026 me
1697 1955 1773 2025 sine
1798 1967 1832 2024 te
1853 1957 2019 2050 pergere,

445 2101 553 2172 quem
572 2079 684 2148 etiam
700 2077 745 2147 ad
761 2077 923 2148 vulcania
946 2075 1125 2175 profiteris
1143 2092 1176 2148 te
1198 2078 1298 2174 sequi
1318 2077 1409 2148 velle
1422 2077 1454 2145 ⁴?
1473 2081 1551 2147 Hoc
1575 2075 1697 2148 saltem
1722 2097 1796 2144 uno
1818 2071 2022 2168 religionem

445 2211 589 2296 appete,
613 2221 693 2268 nea
709 2221 768 2268 me
788 2197 984 2286 adDenm,
1011 2213 1051 2268 ut
1075 2197 1208 2286 credis,
1240 2211 1455 2295 properante
1480 2195 1664 2285 dividaris,
1686 2211 1720 2266 et
1737 2207 1838 2266 tanto
1860 2191 2023 2263 libentius

400 2399 403 2408 1
445 2330 580 2412 quanto
595 2341 668 2413 quo
688 2315 905 2387 veniendum
922 2317 1027 2388 nobis
1043 2332 1096 2388 est
1111 2316 1248 2389 beatius
1266 2331 1338 2406 est;
1358 2331 1397 2387 ut
1416 2329 1516 2388 tanto
1536 2317 1667 2388 scilicet
1684 2316 1832 2388 societas
1850 2327 1971 2384 nostra
1983 2309 2026 2381 sit

447 2434 595 2529 gratior,
615 2449 751 2530 quanto
770 2435 915 2506 felicior.
932 2439 1112 2508 Memento
1126 2459 1205 2532 quse
1218 2436 1367 2526 dixeris,
1389 2435 1580 2508 recordare
1591 2461 1669 2533 quae
1683 2435 1882 2532 scripseris,
1903 2434 1941 2503 in
1955 2429 2024 2501 hcc

356 2581 360 2590 ·
445 2553 610 2624 videlicet
626 2569 756 2624 nostrae
774 2555 1017 2626 conversionis
1037 2555 1167 2645 modo,
1189 2579 1262 2651 quo
1280 2557 1369 2629 milri
1385 2559 1481 2626 Deus
1498 2556 1651 2654 amplius
1663 2553 1843 2626 adversari
1856 2552 2023 2639 creditur,

446 2673 681 2770 propitiorem
706 2672 810 2763 mihi,
840 2674 931 2744 sicut
959 2674 1184 2748 manifestum
1207 2689 1277 2762 est,
1310 2676 1475 2746 extitisse.
1506 2679 1582 2746 llcc
1605 2699 1678 2746 uno
1706 2674 1831 2746 saltem
1851 2673 1929 2744 lraec
1952 2671 2028 2767 ejus

446 2791 632 2890 dispositio
655 2790 718 2861 tibi
740 2791 896 2888 placeat,
916 2791 1016 2886 quod
1039 2791 1126 2861 mihi
1144 2791 1188 2862 sit
1201 2790 1452 2880 saluberrima,
1477 2791 1551 2863 imo
1577 2791 1663 2864 mihi
1685 2792 1816 2889 pariter
1835 2806 1871 2862 et
1892 2789 1975 2880 tibi,
1996 2791 2027 2861 si

447 2912 622 2980 rationem
644 2911 697 2980 vis
715 2908 849 2981 doloris
861 2910 1034 2982 admittat.
1057 2915 1129 2982 Nec
1146 2924 1182 2982 te
1199 2911 1288 2982 tanti
1305 2910 1391 2982 boni
1406 2935 1549 2986 causam
1562 2935 1639 2982 esse
1652 2911 1793 3000 doleas,
1817 2910 1864 2981 ad
1877 2909 1975 3007 quod
1993 2924 2029 2982 te

448 3034 559 3100 aDec
576 3029 729 3100 maxime
743 3045 904 3102 creatam·
913 3055 989 3101 esse
1003 3053 1084 3100 non·
1092 3029 1245 3101 dubites.
1263 3034 1336 3102 Nec
1349 3031 1431 3129 quia
1446 3031 1483 3102 id
1497 3031 1637 3102 tulerim
1651 3031 1814 3128 plangas,
1832 3030 1902 3101 nisi
1918 3053 2028 3128 quum

449 3162 645 3242 martyrum
666 3149 892 3245 passionum,
924 3149 1103 3247 ipsiusque
1121 3149 1311 3220 dominicae
1334 3151 1459 3222 mortis
1478 3150 1671 3222 commoda
1698 3165 1732 3221 te
1754 3149 2025 3222 contristabunt.

449 3265 617 3360 Nunquid
635 3265 664 3335 si
683 3265 720 3336 id
738 3264 825 3336 mihi
840 3266 933 3361 juste
947 3265 1147 3357 accidisset,
1171 3267 1390 3338 tolerabilius
1407 3268 1533 3359 ferres,
1559 3284 1593 3340 et
1613 3269 1729 3340 minus
1751 3283 1786 3341 te
1804 3268 2030 3341 offenderet?

450 3381 611 3454 Profecto
625 3384 654 3453 si
668 3384 719 3454 sic
735 3382 853 3474 lieret,
877 3408 921 3454 eo
936 3383 1046 3454 modo
1060 3385 1282 3482 contingeret
1299 3410 1373 3482 quc
1388 3387 1474 3457 mihi
1495 3403 1588 3460 esset
1599 3388 1887 3484 ignominiosius,
1909 3403 1944 3459 et
1961 3388 2029 3459 ini-

454 3503 553 3572 micis
580 3501 808 3591 laudabilius,
829 3528 941 3599 quum
968 3502 1034 3574 illis
1060 3503 1204 3576 laudem
1220 3505 1370 3600 justitia,
1395 3507 1541 3577 etmihi
1566 3523 1814 3607 contemptum
1840 3511 2036 3605 acquireret

459 3620 583 3717 culpa,
616 3645 682 3692 nec
707 3622 782 3716 jam
810 3623 997 3719 quisquam
1018 3623 1118 3719 quod
1141 3639 1260 3696 actum
1282 3639 1336 3696 est
1359 3642 1561 3716 accusaret,
1591 3631 1673 3699 aut⁸
1693 3629 1942 3726 compassione
1968 3630 2037 3699 mei

455 3755 669 3813 moveretur.
700 3746 745 3813 Ut
764 3757 883 3814 tamen
906 3757 941 3813 et
959 3742 1029 3813 hoc
1047 3741 1159 3814 modo
1176 3744 1282 3840 hujus
1299 3746 1576 3819 amaritudinem
1592 3747 1730 3819 doloris
1745 3747 1939 3838 leniamus,
1966 3763 2037 3819 tam

452 3857 545 3951 juste
567 3881 676 3954 quarn
703 3859 832 3934 utiliter
857 3860 892 3933 id
920 3861 1196 3934 monstrabimus
1218 3862 1322 3936 nobis
1345 3865 1531 3956 accidisse,
1557 3882 1592 3938 et
1611 3867 1742 3940 reedus
1767 3867 1805 3938 in
1830 3868 2039 3964 conjugatos

457 4001 566 4072 quam
583 3978 620 4048 in
634 3978 847 4052 fornicantes
862 3979 976 4054 ultum
989 3984 1105 4055 Deum
1123 3981 1240 4056 fuisse.
1259 3985 1358 4054 Nosti
1372 4000 1456 4082 post
1466 3987 1580 4058 nostri
1597 3987 1937 4060 conioederaticnem
1952 4011 2039 4058 con-

458 4095 558 4192 jugii,
579 4122 692 4193 quum
706 4099 907 4195 argenteoli
926 4125 1009 4175 cum
1023 4101 1351 4178 sanctimonialibus
1364 4105 1401 4175 in
1414 4105 1569 4178 oleastro
1586 4106 1892 4197 conversabarisl,
1912 4131 1973 4177 me
1984 4105 2041 4176 die

460 4216 615 4310 quadam
638 4219 802 4314 privatim
828 4219 875 4293 ed
901 4233 935 4290 te
961 4219 1173 4296 visitandam
1199 4221 1352 4312 venisse,
1385 4238 1420 4294 et
1449 4224 1537 4320 quid
1558 4224 1610 4296 ibi¹
1631 4240 1747 4296 mcum
1774 4249 1862 4298 mee
1886 4223 2042 4296 libidinis

461 4339 570 4432 egerit
589 4339 882 4436 intemperantia*
896 4340 932 4415 in
951 4339 1107 4436 quadem
1126 4341 1231 4415 etiam
1249 4357 1352 4438 parte
1367 4342 1477 4440 ipsius
1491 4344 1691 4436 refectorii,
1710 4371 1822 4443 quum
1843 4369 1917 4443 quo
1938 4345 2044 4416 alias·

461 4453 731 4548 diverteremus,
752 4482 827 4530 non
845 4459 1071 4539 haberemus.
1096 4460 1212 4552 Nosti,
1238 4461 1401 4558 inquam,
1422 4464 1461 4536 id
1481 4465 1906 4564 impudentissime⁹tunc
1923 4481 2043 4538 actum

464 4600 538 4646 esse
552 4576 588 4647 in
608 4593 680 4650 tam
693 4579 889 4650 reverendo
903 4578 984 4650 loco
998 4593 1033 4652 et
1045 4603 1191 4655 summae
1203 4581 1339 4678 Virgini
1357 4599 1576 4657 consecrato.
1594 4583 1719 4675 Quod,
1741 4585 1806 4657 etsi
1823 4583 1890 4656 alia
1907 4599 2046 4656 cessent
2153 4602 2158 4610 ·

466 4693 615 4790 flagitia,
642 4696 755 4775 multo
774 4700 935 4793 graviore
948 4698 1099 4794 digumu
1115 4699 1159 4776 sit
1172 4699 1307 4774 duone
1320 4705 1349 4774 ¹⁰.
1368 4703 1464 4791 Quid
1476 4705 1642 4804 pristinas
1657 4705 1909 4788 fornicationes
1927 4719 1962 4776 et
1979 4705 2048 4776 irn-

502 4952 509 4980 ¹
525 4954 562 5002 Da
573 4965 614 5004 tua
628 4960 709 5007 indole
721 4957 925 5021 repensantis.
937 4957 988 4997 -'
1002 4961 1125 5011 Enecariir
1136 4959 1240 5012 alts-
1273 4969 1401 5016 vetareris
1412 4963 1441 5016 C.
1452 4991 1484 5001 -
1494 4965 1503 4992 ³
1515 4965 1603 5022 Fertor
1613 4971 1787 5031 iatempntirur
1796 4965 1867 5018 aits.
1874 4965 1921 5002 -'
1932 4968 2052 5018 Videlicet

468 5061 501 5074 —-
511 5035 520 5064 ⁸
529 5041 613 5088 Aerem
627 5045 701 5091 ammi
714 5044 819 5092 dolorem
831 5041 904 5093 aits,
918 5072 943 5080 -
955 5042 966 5070 ⁴
978 5035 1095 5096 inaerilur
1107 5047 1157 5095 lieu
1169 5060 1240 5108 artam
1273 5052 1336 5099 aima
1352 5049 1382 5099 d.
1396 5075 1413 5087 -
1426 5050 1542 5101 Videlicet
1560 5051 1589 5100 l).
1600 5050 1654 5091 -⁰
1673 5050 1772 5105 Sum
1785 5055 1906 5115 mactate
1924 5049 1996 5102 aits.
2014 5075 2053 5092 ··-

468 5126 659 5175 maleactionis
675 5136 798 5188 utramque
811 5140 917 5180 antenna
931 5142 1022 5181 astruat
1036 5146 1110 5182 muto
1121 5133 1241 5182 omuino
1274 5129 1297 5158 '⁰
1313 5133 1423 5184 Vindicta
1434 5131 1505 5184 lillS.

468 5211 539 5272 ionae
550 5212 688 5261 dacorum!
699 5211 817 5264 lusa-⁸
826 5213 868 5264 Sic
882 5213 983 5265 an-ur
994 5213 1040 5267 ild.
1050 5213 1169 5267 inb-⁰
1177 5215 1241 5266 Gor·
