4606 6106
640 631 731 702 CUM
755 629 884 703 PETRI
910 625 1145 702 ABAEttttot
1171 625 1494 701 sotttttottttttts.
1784 625 1849 698 att

273 777 323 851 sic
340 790 393 849 est
411 773 686 874 accipiendum,
707 772 807 872 quod
825 772 904 864 ille,
924 773 986 870 qui
1001 797 1048 846 eo
1066 787 1228 870 tempore
1246 771 1448 862 Christum,
1470 794 1577 868 quem
1597 766 1763 858 videbat,
1782 793 1858 840 esse

273 896 388 970 lilium
410 896 475 967 Dei
493 892 664 992 negabat,
688 895 814 992 saepius
833 892 920 964 olim
936 892 1050 990 legem
1071 918 1113 964 ac
1129 893 1322 991 prophetas
1341 890 1524 964 recitando
1539 889 1575 960 id
1590 889 1772 962 confessus
1787 888 1859 960 fue·
1890 893 1896 910 ¹
1960 899 1964 906 '

274 1030 339 1088 rat.
361 1020 483 1103 Quum
507 1029 627 1086 autem
643 1013 772 1086 ludaeis
792 1011 1091 1110 interrogantibus
1114 1037 1161 1083 an
1179 1015 1223 1084 sit
1247 1012 1427 1103 Christus,
1450 1012 1507 1083 vel
1521 1035 1567 1082 an
1585 1010 1628 1082 sit
1652 1008 1744 1081 filius
1766 1012 1854 1097 Dei,

273 1134 484 1235 respondit:
507 1164 524 1203 a
543 1139 617 1206 Vos
635 1133 772 1224 dicitis,
789 1161 807 1200 n
831 1132 943 1204 verbo
963 1132 1094 1204 scilicet
1110 1134 1290 1230 praesentis
1311 1132 1482 1231 temporis
1500 1145 1603 1202 utens
1619 1129 1664 1202 ad
1685 1154 1746 1201 eos
1769 1130 1858 1200 siout

276 1256 375 1328 etad
399 1255 573 1346 Pilatum,
593 1269 805 1355 praesentem
822 1253 896 1350 jam
912 1253 1036 1326 adesse
1052 1253 1148 1324 diem
1167 1251 1357 1350 significat,
1378 1253 1414 1321 in
1435 1275 1509 1348 quo
1530 1250 1566 1321 id
1584 1250 1770 1322 fateantur.
1790 1248 1857 1321 Ubi

271 1375 370 1448 enim
384 1375 573 1449 illudentes
591 1376 624 1448 ei
638 1373 803 1446 dicebant
823 1402 831 1446 ε
854 1403 872 1443 a
891 1374 1118 1472 prophetiza,
1134 1374 1292 1463 Christe,
1314 1373 1393 1469 quis
1407 1372 1532 1469 estqui
1546 1387 1581 1442 te
1599 1370 1819 1468 percussit¹?
1838 1399 1854 1437 n

272 1492 352 1565 rel:
373 1523 390 1563 a
409 1498 502 1585 Ave,
521 1519 582 1566 rex
600 1493 846 1584 ludaeorum’,
865 1521 883 1562 u
911 1519 994 1565 eum
1014 1492 1174 1592 profecto
1196 1491 1373 1564 Christum
1394 1517 1490 1580 esse,
1521 1490 1591 1562 hoc
1613 1505 1666 1562 est
1690 1506 1853 1576 unctum,

273 1635 489 1710 quacunque
511 1613 710 1686 intentione
736 1613 996 1703 testabantur³‚
1027 1613 1064 1683 in
1090 1613 1160 1684 hoc
1183 1613 1339 1683 fortassis
1360 1611 1584 1711 prophetiam
1612 1609 1754 1707 Caiphae
1780 1611 1857 1681 imi·

274 1746 388 1804 tantes
408 1733 582 1806 dicentis*
607 1761 616 1804 ε
650 1733 836 1833 «Expedit
859 1733 961 1806 vobis
986 1747 1027 1805 ut
1055 1759 1146 1804 unus
1172 1733 1347 1805 moriatur
1371 1732 1503 1820 homo,
1528 1747 1563 1803 et
1582 1755 1657 1802 non
1676 1743 1750 1802 tota
1773 1755 1858 1827 gens

273 1867 406 1950 pereat.
432 1882 451 1920 >r
472 1853 541 1925 Sed
557 1869 597 1926 et
614 1853 726 1925 turbae
745 1854 951 1925 testimonio
970 1878 1053 1926 eum
1072 1878 1155 1924 cum
1182 1853 1290 1924 ramis
1314 1851 1514 1950 palmarum
1541 1850 1763 1947 suscipientis
1783 1853 1858 1950 ipse

270 1987 309 2046 et
322 1972 416 2047 filius
435 1974 550 2046 David
564 1990 615 2046 est
628 2029 637 2064 ,
651 1975 753 2071 juxta
769 1974 995 2048 Matthaeuml
1011 2002 1019 2044 :
1041 1990 1077 2046 et
1092 1975 1128 2044 in
1143 1975 1221 2072 ipso
1235 1998 1386 2071 regnunt
1401 1972 1515 2043 David
1528 1973 1644 2061 venit,
1660 1971 1858 2044 secundum

272 2097 477 2168 Marcumlt
498 2111 534 2168 et
549 2095 758 2168 benedictus
776 2109 829 2166 est
844 2120 905 2167 rex
923 2096 984 2192 qui
1003 2095 1120 2182 venit,
1144 2095 1344 2166 secundum
1360 2096 1533 2164 Lucam⁷:
1554 2107 1590 2164 et
1603 2091 1775 2189 denique,
1801 2117 1856 2164 se-

271 2211 432 2286 cundum
454 2218 670 2305 loannem',
701 2214 910 2288 benedictus
924 2215 990 2312 qui
1015 2215 1112 2286 venit
1138 2215 1173 2284 in
1204 2213 1351 2285 nomine
1368 2213 1515 2284 Domini
1531 2237 1590 2284 rex
1610 2213 1728 2284 lsrael.
1751 2213 1858 2301 Quod

273 2357 499 2432 nequaquam
513 2337 591 2426 isti,
613 2361 678 2434 per
695 2335 919 2426 illusionem,
939 2337 1028 2407 sieut
1050 2333 1264 2431 supradicti,
1288 2333 1349 2406 sed
1367 2359 1408 2406 ex
1423 2332 1495 2405 fide
1513 2333 1691 2406 dicebant.
1712 2333 1794 2406 Tale
1807 2351 1859 2406 est

271 2475 357 2560 ergo
373 2453 473 2550 quod
491 2455 620 2526 ludoeis
638 2456 710 2527 ait:
734 2459 842 2526 «Vos
860 2454 995 2545 dicitis,
1014 2483 1031 2520 n
1053 2478 1095 2525 ac
1113 2455 1141 2525 si
1159 2453 1314 2525 diceret:
1333 2451 1435 2524 multi
1449 2452 1568 2524 adhuc
1581 2455 1672 2525 inter
1685 2479 1747 2525 vos
1761 2469 1856 2547 sunt,

272 2573 334 2668 qui
353 2571 424 2644 hoc
438 2598 516 2645 non
532 2574 651 2646 solum
670 2597 737 2647 ore
754 2574 958 2674 proferant,
980 2574 1041 2646 scd
1062 2588 1097 2645 et
1115 2572 1224 2644 corde
1252 2587 1407 2648 teneant.
1430 2573 1502 2643 Etsi
1522 2573 1618 2645 enim
1638 2571 1687 2643 illi
1706 2574 1769 2669 qui
1788 2572 1859 2644 hoc

271 2688 557 2792 interrogabant,
580 2717 806 2792 nequaquam
821 2693 858 2764 id
870 2694 1050 2783 dicerent,
1071 2693 1128 2766 vel
1139 2692 1342 2784 crederent,
1364 2718 1474 2790 quum
1490 2708 1609 2764 tamen
1624 2694 1734 2764 dixit:
1755 2698 1859 2766 «Vos

272 2809 406 2902 dicitis,
425 2838 443 2878 n
463 2837 538 2884 non
557 2811 602 2884 ad
621 2837 791 2912 personas
807 2813 906 2904 illas,
928 2839 1007 2911 quae
1025 2812 1188 2903 aderant,
1211 2812 1276 2884 scd
1296 2811 1341 2882 ad
1362 2810 1538 2910 populum
1554 2813 1673 2911 ipsum
1691 2815 1854 2911 respexit.

271 2930 329 3002 Sic
346 2945 381 3002 et
397 2929 480 3003 alibi
498 2956 611 3029 quum
630 2933 678 3004 ait
696 2933 824 3005 ludaeis
842 2933 889 3006 de
907 2933 1096 3005 Zacharia⁹
1120 2959 1129 3004 z
1152 2935 1304 3020 «Quem
1320 2931 1497 3004 occidistis
1516 2933 1608 3004 inter
1631 2932 1804 3031 templum
1823 2949 1859 3005 et

272 3049 403 3141 altare,
428 3079 446 3119 n
469 3076 696 3150 nequaquam
716 3053 762 3126 de
780 3054 870 3145 illis,
900 3055 963 3151 qui
982 3068 1069 3124 tunc
1085 3067 1205 3141 erant,
1226 3051 1377 3144 ludaeis,
1400 3053 1462 3125 sed
1478 3053 1524 3125 de
1536 3051 1672 3152 populo
1690 3053 1791 3152 ipsc,
1810 3055 1857 3128 de

271 3191 345 3264 quo
372 3187 491 3262 erant,
524 3172 769 3272 accipiendum
789 3189 856 3245 est.
878 3175 936 3246 Sic
957 3186 993 3245 et
1009 3176 1148 3243 losue¹⁰
1163 3195 1275 3269 quum
1296 3172 1426 3243 dicitur
1451 3170 1543 3244 lilios
1568 3171 1674 3244 lsrael
1698 3173 1857 3246 secundo

271 3292 556 3384 circumcidisse,
581 3318 654 3366 non
675 3293 745 3365 hoc
761 3295 799 3365 in
818 3293 955 3366 eisdem
972 3293 1156 3392 personis,
1181 3293 1245 3364 sed
1263 3294 1299 3363 in
1317 3292 1446 3365 eodem
1463 3291 1599 3390 populo
1614 3306 1756 3365 constat
1774 3319 1855 3365 eum

271 3408 404 3482 fecisse.
428 3412 592 3508 legimus
616 3437 762 3510 quoque
788 3414 824 3484 in
851 3411 923 3484 hoc
938 3411 1000 3483 die
1017 3411 1216 3510 passionis,
1236 3411 1337 3509 quod
1356 3414 1542 3502 centurio,
1565 3427 1601 3484 et
1626 3415 1688 3511 qui
1713 3437 1797 3484 cum
1812 3438 1856 3485 eo

270 3545 372 3602 erant
389 3530 628 3604 custodientes
645 3535 842 3604 Dominum
862 3530 1090 3623 crucifixum,
1107 3555 1219 3630 quum
1237 3533 1450 3631 expirasset,
1474 3548 1510 3605 et
1527 3532 1688 3605 viderent
1701 3537 1719 3571 ¹¹
1736 3532 1856 3605 velum

270 3651 394 3749 templi
405 3653 552 3726 scissum
563 3706 573 3743 ,
586 3668 621 3724 et
638 3669 741 3728 terrac
753 3670 914 3743 motum,
933 3669 969 3726 et
982 3668 1216 3724 monumenta
1232 3670 1373 3752 aperta,
1393 3655 1610 3727 dixerunt²’:
1628 3685 1645 3722 a
1660 3659 1753 3727 Vere
1764 3653 1856 3726 filius

269 3773 335 3844 Dei
352 3775 518 3847 erat'iste.
539 3804 557 3844 a
578 3781 621 3848 Et
632 3775 749 3848 omnis
767 3775 871 3848 turba
888 3800 1037 3866 eorum,
1057 3777 1119 3873 qui
1130 3777 1234 3849 simul
1251 3778 1400 3851 aderant
1414 3778 1460 3850 ad
1477 3780 1719 3877 spectaculum
1736 3783 1853 3876 istud,

270 3906 305 3963 et
321 3893 491 3966 videbant
513 3920 592 3993 quae
613 3895 767 3986 fiebant,
788 3895 1026 3994 percutientes
1038 3911 1182 3994 pectora
1196 3922 1259 3969 sua
1275 3899 1554 3978 revertebantur.
1570 3901 1652 3973 Tale
1674 3918 1731 3974 est·
1746 3929 1852 4002 ergo,

271 4027 310 4083 ut
327 4012 497 4108 diximus,
518 4015 618 4114 quod
636 4017 764 4088 ltrdaeis
781 4014 1036 4114 quarentibus,
1056 4040 1102 4088 an
1120 4032 1212 4089 esset
1228 4016 1320 4092 filius
1341 4020 1423 4109 Dei,
1445 4019 1652 4120 respondit:
1676 4051 1693 4090 a
1710 4027 1784 4096 Vos
1800 4025 1855 4097 di-

270 4133 368 4224 citis3
386 4162 404 4202 a
423 4133 494 4206 hoc
512 4123 579 4226 est,
594 4135 669 4232 Jam
688 4160 841 4234 praesens
858 4135 933 4207 dies
949 4135 1005 4207 vel
1016 4139 1035 4174 ¹³
1054 4151 1194 4237 tempus
1208 4137 1324 4228 adest,
1346 4139 1384 4210 in
1402 4165 1475 4238 quo
1492 4141 1530 4212 id
1546 4140 1591 4213 de
1609 4167 1666 4215 me
1684 4142 1854 4216 conlitea-

272 4254 371 4325 mini.
393 4254 560 4328 Similiter
579 4256 692 4328 Pilato
710 4256 901 4353 quaerenti,
922 4281 968 4327 an
987 4257 1032 4327 sit
1048 4281 1109 4327 rex
1125 4255 1347 4347 ludaeorum,
1369 4259 1576 4358 respondit:
1601 4265 1683 4333 «Tu
1702 4260 1811 4354 dicis,
1835 4293 1852 4331 »

271 4375 390 4473 potius
407 4401 537 4474 quam:
556 4406 574 4445 u
590 4382 642 4448 Tu
661 4375 789 4448 dixisti.
809 4405 827 4444 a
847 4381 966 4449 Homo
981 4378 1115 4476 quippe
1129 4377 1267 4474 gentilis
1283 4378 1487 4478 prophetias
1502 4381 1705 4480 ignorabat,
1720 4408 1794 4457 non
1814 4409 1855 4457 ea

271 4492 540 4592 legaratverba,
560 4498 623 4569 ubi
637 4497 795 4570 Christus
811 4497 923 4568 suerat
934 4498 1143 4595 promissus,
1165 4512 1200 4569 et
1212 4522 1362 4595 regnum
1375 4501 1395 4537 ¹⁸
1408 4500 1482 4596 ejus
1495 4500 1856 4602 prophetatumjuxta

272 4615 358 4689 illud
370 4619 414 4688 ¹¹:
434 4647 452 4686 a
470 4623 513 4690 Et
530 4619 627 4717 regni
647 4619 723 4716 ejus
740 4643 814 4690 non
838 4621 904 4690 erit
921 4617 1019 4711 finis,
1037 4649 1054 4688 u
1074 4619 1129 4692 vel
1148 4618 1236 4691 illud
1247 4621 1283 4690 ¹⁶:
1310 4621 1456 4694 «Dicite
1474 4621 1552 4694 liliae
1565 4624 1670 4716 Sion,
1693 4651 1775 4700 ecce
1791 4653 1852 4702 rex

307 4911 314 4937 ¹
329 4911 1048 4982 temp.xxa,v.ut.-·ttmt1.,eap.uvn,v.29.
1082 4913 1106 4943 ⁴⁰
1117 4915 1201 4976 lanu,
1223 4931 1280 4984 cap.
1297 4932 1321 4978 r,
1336 4931 1361 4966 v.
1373 4918 1388 4966 2
1401 4925 1427 4967 et
1438 4932 1477 4984 aq.
1496 4939 1529 4954 -
1542 4917 1563 4944 '¹
1580 4919 1641 4980 oreta
1663 4921 1774 4970 uiderunt
1791 4919 1854 4973 cot.

271 5011 305 5032 ··-
315 4994 325 5024 ⁸
337 4995 379 5048 Sic
390 4996 452 5049 (lod.
463 5023 481 5036 -
489 4997 677 5051 Daeuutantur
689 4997 755 5051 Edit.
768 4997 839 5050 tmb.
861 5009 1002 5066 perperam.
1017 5025 1049 5036 -
1080 4999 1145 5052 liet.
1155 5024 1188 5038 -
1199 4997 1224 5027 ¹¹
1232 4999 1329 5064 llatth.,
1342 5015 1398 5068 cap.
1408 5017 1489 5067 xxrn,
1499 5018 1523 5054 v.
1536 5002 1576 5053 bl.
1587 5027 1620 5042 -
1631 5001 1653 5030 ¹⁸
1665 5003 1722 5056 Dias
1733 5016 1757 5056 et
1765 5016 1856 5070 serapia

274 5077 378 5146 ⁴loun,
391 5087 447 5148 etp.
459 5097 531 5144 xrrrr,
543 5098 570 5134 r:
584 5081 790 5146 tl.-'Hattlr.,
804 5097 860 5150 cap.
875 5098 967 5147 xxm.
979 5084 1005 5134 tl.
1018 5107 1047 5120 -
1081 5081 1142 5137 cod.
1156 5113 1184 5122 -
1197 5083 1221 5113 ¹⁸
1240 5087 1331 5138 Nomen
1349 5085 1409 5138 Cod-
1424 5113 1454 5124 -
1471 5087 1494 5116 ¹¹
1510 5087 1580 5150 Luc..
1602 5103 1657 5155 cap.
1679 5105 1700 5150 r,
1723 5106 1748 5140 r.
1771 5089 1856 5141 33.-

275 5163 385 5228 'llarc.‚
400 5181 457 5235 cap.
475 5183 516 5230 ιι,
534 5182 559 5220 t.
580 5171 618 5220 tu.
629 5167 763 5220 -'Luc..
778 5183 834 5233 cap.
852 5183 911 5228 arx,
924 5183 948 5220 v.
963 5163 1047 5218 aa‘-
1082 5169 1105 5199 '⁸
1115 5169 1211 5232 llatth„
1224 5185 1279 5237 cap.
1290 5187 1349 5233 ιιι,
1363 5186 1386 5221 r.
1398 5173 1421 5222 5.

275 5246 285 5274 ⁸
298 5247 380 5315 luam,
391 5266 446 5318 sap.
459 5269 508 5316 ιιι,
520 5269 545 5304 v.
559 5257 598 5305 ta.
610 5251 658 5292 -’
670 5253 766 5316 llattlt„
780 5267 836 5320 cap.
848 5269 924 5318 xant,
936 5269 958 5305 v.
972 5255 1047 5305 at.-

394 5351 405 5400 t
1697 5347 1732 5409 31
