4522 6104
448 547 520 620 670
1042 549 1171 622 PE'l'Rl
1197 547 1431 624 ABAELARDI

499 721 516 760 a
533 696 611 764 Non
628 692 739 764 enirn.
756 719 773 757 a
793 688 833 763 ld
851 704 926 780 est,
946 690 1110 764 nondum
1130 692 1251 792 pluvia
1266 693 1359 764 lacta
1373 691 1508 780 luerat,
1527 715 1571 762 ex
1588 711 1661 787 qua
1678 702 1764 761 tuuc
1776 713 1924 787 quoque
1938 690 2028 766 sicut
2148 709 2152 716 '

449 837 546 894 nunc
566 837 629 910 per
651 813 857 884 universum
882 811 1060 884 mundum
1074 812 1151 885 haec
1167 811 1414 912 multiplicatio
1432 811 1548 900 lieret,
1567 809 1716 883 homine
1730 824 1818 882 tunc
1833 825 1967 886 terram
1981 815 2028 886 si·

447 947 508 1003 cut
524 956 621 1002 nunc
641 931 841 1021 excolente,
864 957 976 1030 quum
1003 957 1069 1004 nec
1094 934 1170 1032 ipse
1196 931 1309 1006 homo
1334 933 1397 1030 qui
1420 947 1552 1006 terram
1576 945 1785 1030 operaretur
1811 945 1900 1004 tunc
1922 947 2025 1004 esset.

447 1051 555 1138 Quod
568 1054 688 1126 statim
703 1053 861 1126 annectit
877 1051 1021 1124 dicens:
1039 1057 1113 1125 «Et
1128 1052 1242 1125 homo
1257 1077 1332 1125 nou
1349 1068 1438 1125 erat.
1457 1079 1476 1120 n
1497 1055 1576 1124 Non
1593 1049 1682 1124 dicit
1698 1049 1929 1148 simpliciter:
1950 1055 2026 1124 Non

446 1185 541 1260 erat,
562 1196 673 1270 quum
690 1173 765 1270 ipse
781 1196 926 1270 quoqne
945 1174 1037 1244 inter
1060 1174 1307 1270 generationes
1328 1171 1408 1244 cmli
1428 1186 1464 1245 et
1487 1185 1589 1243 terrae
1611 1170 1773 1268 superius
1797 1171 1844 1242 sit
1863 1193 2027 1271 compre·

447 1291 579 1362 hensus
595 1307 631 1363 et
648 1292 759 1366 lactus
775 1317 851 1365 esse
867 1273 1103 1383 monstratam
1118 1293 1183 1366 sed
1193 1317 1269 1364 nou
1285 1307 1362 1364 erat
1377 1292 1424 1365 ad
1441 1290 1667 1390 operandum
1681 1306 1829 1382 terram,
1840 1294 1923 1390 quia
1934 1317 2027 1366 non·

446 1412 534 1482 dnm
562 1414 594 1484 ei
618 1414 815 1485 necessaria
836 1427 912 1484 erat
933 1412 1112 1485 laboriosa
1126 1413 1283 1502 cultura,
1301 1435 1412 1510 quam
1428 1410 1662 1512 postmodum
1677 1411 1715 1482 in
1732 1435 1873 1509 poenam
1889 1414 2028 1509 peccati

447 1532 603 1629 accepit,
623 1546 658 1603 et
674 1556 783 1631 quam
799 1557 897 1604 nunc
913 1531 1047 1630 ubique
1063 1548 1238 1605 terrarum
1254 1547 1406 1604 exercet.

497 1681 514 1717 a
534 1653 604 1723 Sed
621 1651 714 1726 sons.
731 1681 749 1720 n
770 1656 820 1724 Ne
836 1653 915 1749 quis
932 1652 1023 1725 sorte
1045 1653 1242 1750 requireret
1262 1651 1359 1725 unde
1384 1676 1469 1749 ergo
1494 1651 1686 1724 humorem
1708 1676 1783 1750 quo
1808 1654 2028 1726 nutrirentur

446 1772 502 1844 vel
526 1789 825 1846 conservarentur
848 1773 977 1872 plantae
997 1772 1201 1863 habebant,
1219 1797 1332 1871 quum
1349 1772 1470 1871 pluvia
1486 1797 1562 1846 uon
1577 1787 1688 1862 esset,
1706 1761 1921 1874 respondet,
1946 1777 2041 1874 quia*

447 1893 493 1962 de
518 1895 592 1964 imo
618 1915 711 1990 aqna
738 1893 854 1964 tenuis
878 1891 1124 1964 conscendens
1149 1915 1252 1962 more
1276 1891 1384 1962 sontis
1411 1889 1580 1988 irrigabat
1606 1913 1666 1964 eas
1690 1891 1819 1965 mundi
1843 1905 1964 1991 partes
1994 1895 2029 1966 iu
2081 1895 2086 1906 '

447 2011 576 2109 quibus
603 2013 733 2109 plantae
761 2011 928 2111 dispersae
952 2026 1067 2084 erant.
1103 2015 1147 2082 Et
1171 2009 1316 2083 attende
1346 2010 1447 2108 quod
1479 2035 1593 2108 quum
1618 2011 1781 2110 superius
1803 2035 1870 2110 per
1894 2029 2029 2112 septem

447 2131 522 2202 dies
545 2133 640 2202 Dens
668 2128 809 2203 tanturn
829 2144 978 2202 vocatus
1004 2129 1071 2219 sit,
1097 2153 1172 2200 non
1194 2129 1303 2202 etiarn
1318 2129 1495 2203 Dominus
1511 2128 1728 2228 appellatum
1746 2129 1806 2201 hic
1828 2145 1951 2203 tamen
1967 2131 2027 2202 ubi

447 2253 693 2345 generationes
709 2251 789 2321 coeli
805 2266 840 2321 et
855 2265 958 2322 terrra
977 2249 1175 2348 completas
1190 2265 1470 2338 commemorat,
1489 2275 1572 2324 eum
1588 2275 1664 2322 non
1684 2251 1802 2324 solum
1818 2257 1949 2341 Deum,
1967 2253 2027 2324 sed

447 2383 482 2439 et
498 2370 695 2440 Dominum
712 2383 835 2455 vocat,
859 2383 895 2440 et
915 2365 1084 2466 deinceps
1106 2367 1310 2466 frequenter
1335 2370 1482 2442 Domini
1503 2369 1682 2444 vocabulo
1707 2371 1827 2469 ipsum
1851 2370 2023 2467 designat.

447 2493 524 2560 Hoc
552 2489 686 2585 qnippe
711 2509 845 2559 nomen
867 2488 1043 2560 Dominus
1064 2489 1209 2560 nonnisi
1225 2513 1267 2560 ex
1287 2489 1459 2562 creaturis
1480 2489 1612 2588 quibus
1632 2489 1813 2564 dominari
1828 2507 1863 2562 et
1876 2515 2026 2589 praeesse

445 2607 555 2679 habet
586 2606 773 2696 convenit,
798 2631 866 2678 nec
886 2631 928 2678 ex
949 2606 1165 2705 quibusdam
1189 2621 1329 2681 tantum
1349 2609 1539 2698 creaturis,
1560 2607 1689 2682 sodex
1710 2608 1879 2682 omnibus
1901 2608 2022 2681 simul.

448 2725 551 2798 Unde
577 2739 660 2824 post
683 2727 1032 2798 consummationem
1059 2726 1223 2806 omnium
1253 2726 1372 2825 ipsum
1400 2741 1541 2800 tantum
1565 2728 1654 2826 poni
1680 2751 1882 2824 congruum
1910 2729 2026 2800 vnum

447 2863 512 2918 esi.
533 2867 540 2882 ⁸
616 2879 621 2891 ·

498 2994 516 3032 «
531 2965 711 3038 Formavit
727 2966 845 3062 igitur.
859 2994 876 3032 n
895 2968 973 3036 Hoc
989 2979 1026 3037 et
1041 2963 1088 3037 ad
1103 2963 1192 3039 illud
1208 2965 1351 3064 respicit
1365 2964 1466 3062 qnod
1481 2979 1582 3040 sexto
1598 2965 1657 3038 die
1672 2965 1896 3064 praemissum
1914 2981 1969 3040 est
1981 2966 2025 3040 de

446 3085 602 3158 hominis
615 3087 809 3176 creatione,
824 3111 937 3184 quum
953 3086 1083 3158 dicitnr
1099 3113 1108 3158 z
1127 3113 1147 3154 a
1158 3089 1202 3158 Et
1218 3086 1351 3160 creavit
1365 3091 1462 3159 Deus
1478 3086 1682 3186 homiuem,
1701 3102 1803 3160 etc.»
1823 3086 1876 3160 lbi
1894 3089 2025 3187 quippe

445 3206 544 3304 quod
570 3221 708 3279 creatus
729 3207 774 3278 sit
793 3205 906 3278 homo
923 3221 996 3278 tam
1013 3205 1192 3279 masculus
1207 3230 1317 3304 quam
1335 3205 1466 3280 semina
1482 3208 1705 3305 praemissum
1724 3222 1799 3296 est,
1818 3207 1883 3280 sed
1898 3209 2026 3282 modus

445 3325 636 3398 creationis
652 3348 836 3424 expressus
853 3349 927 3398 non
944 3341 998 3398 est
1014 3324 1138 3422 :quod
1152 3325 1212 3398 hic
1228 3325 1417 3422 diligenter
1434 3326 1548 3425 aperit
1564 3323 1732 3400 docendo
1748 3325 1883 3399 scilicet
1897 3351 2026 3426 corpus

447 3447 513 3516 viri
535 3447 581 3516 de
605 3447 692 3516 limo
717 3460 820 3517 terrm
843 3446 943 3544 prius
965 3445 1161 3518 formatum
1180 3469 1279 3536 csse,
1297 3469 1339 3519 ac
1356 3445 1489 3519 deinde
1504 3450 1663 3520 animam
1679 3445 1838 3536 infundi3
1857 3446 2025 3520 feminam

446 3589 531 3636 vero
557 3589 632 3636 non
658 3588 780 3661 perse
800 3577 957 3636 creatam
973 3589 1069 3654 esse,
1096 3565 1161 3636 sed
1190 3565 1335 3638 devito
1352 3579 1593 3665 assumptam,
1611 3582 1653 3642 ut
1675 3569 1864 3666 sequentia
1878 3567 2020 3641 docent.

441 3683 677 3755 Continenter
693 3682 764 3755 dixi
785 3683 970 3756 hominem
993 3685 1124 3774 creari,
1148 3684 1214 3757 sed
1230 3683 1382 3758 modum
1406 3685 1598 3760 creationis
1622 3711 1698 3760 non
1724 3687 1901 3785 expressi,
1920 3687 2022 3784 igitur

442 3825 539 3872 nunc
556 3801 696 3874 faciam.
716 3807 760 3876 Et
779 3802 851 3874 hoc
871 3802 1040 3902 estquod
1062 3827 1161 3876 nunc
1177 3803 1250 3902 agit
1267 3802 1412 3876 dicens:
1429 3833 1449 3872 α
1460 3806 1642 3878 Formavit
1655 3803 1865 3894 hominem,
1884 3834 1900 3872 n
1920 3803 1958 3876 id
1974 3821 2023 3878 est

442 3923 640 3996 humanum
657 3949 789 4024 corpus
804 3926 842 3998 in
859 3923 1014 4022 effigiem
1027 3926 1131 3998 istam
1146 3949 1257 4024 quam
1273 3949 1370 3999 nunc
1386 3924 1561 4000 habemus
1577 3927 1795 4024 composuit.

492 4075 510 4113 a
525 4050 579 4118 De
598 4047 687 4118 limo
703 4062 817 4120 terrae.
836 4077 854 4114 n
876 4047 917 4119 ld
934 4062 986 4120 est
1000 4048 1046 4119 de
1063 4061 1158 4120 terra
1172 4047 1324 4121 humida
1338 4061 1376 4120 et
1389 4048 1493 4144 quasi
1514 4061 1703 4145 compacta
1718 4071 1803 4120 ⁴non
1828 4045 2020 4136 dissoluta,

390 4190 392 4198 ·
440 4169 541 4239 etsie
558 4169 702 4265 corpori
714 4169 789 4264 jam
805 4181 926 4240 creato
943 4165 1074 4239 inludit
1089 4169 1261 4241 animam.
1284 4171 1336 4239 Ex
1351 4191 1425 4265 quo
1443 4180 1607 4266 patenter
1624 4165 1764 4256 innuit,
1782 4168 1943 4240 animam
1958 4165 2022 4237 hu·

441 4313 584 4364 menam
601 4314 643 4360 ex
660 4283 738 4387 ipso
756 4288 867 4360 modo
882 4288 1073 4361 creationis
1085 4287 1294 4362 dissimilem
1305 4313 1325 4362 a
1336 4287 1471 4362 certeris
1482 4287 1672 4362 animabus
1684 4311 1773 4362 esse.
1790 4292 1831 4360 ln
1843 4289 2022 4361 creatione

439 4410 572 4508 quippe
598 4424 807 4481 caeterorum
834 4411 1072 4482 animantium
1093 4409 1230 4482 dictum
1245 4423 1299 4482 est
1316 4423 1450 4482 terram
1468 4407 1526 4481 vel
1547 4431 1679 4506 aquam
1704 4431 1747 4480 ea
1767 4431 1852 4478 cum
1872 4431 2023 4507 corpore

439 4529 545 4600 simul
561 4544 597 4601 et
612 4529 732 4602 anima
747 4527 959 4626 produxisse
976 4555 984 4600 :
999 4553 1043 4602 ex
1057 4553 1132 4627 quo
1156 4529 1318 4602 innuitm
1332 4525 1478 4602 illorum
1493 4521 1631 4602 animas
1645 4551 1688 4599 ex
1708 4526 1794 4625 ipsis
1817 4527 1928 4600 etiam
1951 4527 2024 4600 ele-

440 4652 567 4724 mentis
584 4676 660 4725 esse
675 4652 777 4749 qnasi
792 4650 989 4749 qnamdam
1009 4674 1136 4723 eorum
1157 4651 1339 4723 raritatem
1361 4647 1419 4723 vel
1438 4647 1694 4737 subtilitatem,
1711 4671 1780 4746 pro
1799 4671 1874 4745 qua
1891 4647 2023 4722 scilicet

438 4768 632 4843 subtilitate
653 4767 720 4842 illae
735 4793 882 4867 quoque
908 4771 1034 4841 animae
1058 4769 1203 4868 spiritus
1227 4767 1411 4859 dicunmr,
1432 4769 1524 4842 sicut
1547 4783 1585 4841 et
1610 4782 1740 4840 ventus
1761 4789 2022 4866 nonnunquam

438 4889 584 4986 spiritus
606 4889 817 4988 appellatur,
837 4890 1106 4988 comparatione
1123 4904 1224 4962 terrae
1240 4904 1276 4962 et
1292 4913 1411 4988 aqua,
1430 4913 1509 4987 quae
1526 4887 1713 4986 grossioris
1728 4903 1764 4960 et
1779 4886 2022 4986 corpulentio-

440 5007 487 5080 ris
509 5007 715 5082 substantiae
735 5023 831 5082 sunt.
849 5009 1017 5106 Diligenti
1034 5011 1142 5083 etiam
1168 5009 1346 5084 vocabulo
1371 5010 1496 5100 utitur,
1520 5032 1636 5108 quum
1659 5008 1748 5081 dicit
1766 5007 1955 5080 hominem
1979 5005 2023 5080 de

439 5125 551 5200 hermo
569 5127 714 5200 formari
730 5129 850 5227 potius
870 5153 979 5226 quam
995 5131 1120 5202 creari.
1139 5129 1207 5201 Ubi
1227 5131 1324 5204 enim
1341 5129 1387 5202 de
1401 5129 1552 5202 materia
1576 5126 1711 5226 aliquid
1728 5125 1770 5199 fit
1786 5127 2021 5216 formagisu·
