4496 6102
712 607 756 679 ru
781 606 992 680 exssroua
1018 606 1174 680 noum
1200 607 1362 678 saeuo.
1523 563 1527 570 ’
1749 607 1821 677 aar

230 747 343 842 Moysi
355 744 486 817 dicas¹2
504 745 522 814 'n
536 749 626 820 Novi
645 762 679 822 te
697 773 740 820 ex
759 749 923 841 nomine,
939 779 957 818 u
974 764 1010 821 et
1027 750 1198 849 scriptum
1213 750 1290 822 sit¹2
1313 779 1330 818 a
1339 750 1446 822 Novit
1463 750 1640 820 Dominus
1657 749 1720 846 qui
1737 764 1822 820 sunt

229 869 352 964 ejus.»
374 866 648 965 Responderunt
665 868 722 940 ei:
746 897 765 936 a
777 873 896 941 Jesum
915 872 1150 941 Nazarenum.
1172 898 1189 936 u
1212 873 1244 941 Ο
1262 870 1344 941 caeci
1368 883 1403 942 et
1424 893 1508 942 vere
1529 871 1565 940 in
1588 866 1744 939 tenebris
1764 893 1822 939 ve·

230 989 367 1060 nientes
384 1003 509 1061 contra
531 989 666 1080 lucem,
683 1007 719 1062 et
737 992 773 1062 in
792 1006 899 1063 noete
917 991 1106 1063 adversum
1124 991 1237 1081 diem,
1258 1013 1372 1089 quum
1388 992 1421 1063 ei
1439 1015 1505 1063 vos
1528 993 1646 1090 ipsum
1665 1013 1822 1087 quaerere

230 1106 473 1203 respondetis,
495 1131 607 1205 quem
630 1109 781 1210 perdere
801 1108 946 1183 venitis!
970 1109 1135 1182 Procedit
1157 1110 1202 1182 ad
1227 1109 1361 1183 bellum
1383 1125 1554 1208 tanquam
1576 1109 1718 1206 signifer
1740 1125 1822 1182 ante

230 1253 325 1300 suos.
348 1233 426 1300 Non
446 1255 528 1302 eum
546 1233 799 1329 recognoscitis
816 1233 1031 1322 Dominum,
1050 1253 1160 1329 quem
1177 1255 1363 1304 occanere
1380 1231 1505 1304 videtis
1522 1230 1650 1303 solum.
1672 1231 1707 1299 Si
1726 1232 1823 1304 enim

230 1350 548 1444 recognosceretis,
569 1374 797 1448 nequaquam
815 1365 939 1423 vestrae
960 1351 1235 1424 machinationis
1255 1351 1380 1423 dolum
1398 1352 1632 1450 responsione
1653 1364 1768 1421 vestra
1791 1355 1823 1424 ei

231 1465 446 1564 panderetis.
471 1475 605 1543 Contra
631 1472 841 1570 sapientiam
857 1473 1059 1563 venientes,
1081 1471 1165 1570 quia
1183 1497 1263 1544 eam
1281 1495 1356 1544 non
1380 1473 1608 1569 cognoscitis,
1625 1469 1722 1542 stulti
1745 1493 1824 1567 per·

232 1588 403 1678 manetis,
419 1611 486 1661 nec
499 1605 709 1688 praesentem
724 1593 871 1689 potestis
885 1592 1180 1682 animadvertere,
1195 1593 1262 1664 nisi
1274 1617 1318 1664 eo
1333 1617 1371 1664 se
1381 1591 1482 1664 vobis
1494 1592 1686 1664 indicante.
1703 1595 1823 1662 Jesum

232 1709 474 1807 respondetis,
497 1726 533 1784 et
557 1737 604 1784 ne
627 1714 703 1811 ipsc
729 1713 776 1785 de
799 1716 991 1813 semetipso
1009 1716 1045 1788 iu
1064 1727 1179 1785 vestra
1206 1715 1438 1812 responsione
1461 1715 1573 1812 possit
1589 1736 1724 1803 errare,
1747 1727 1824 1783 tan·

231 1855 339 1926 quam
352 1857 435 1904 cum
446 1832 536 1905 etde
549 1835 667 1932 seipso
679 1834 866 1924 docentes,
881 1835 1039 1907 subnexa
1049 1834 1346 1908 determinatione
1359 1835 1505 1908 additis:
1520 1863 1538 1902 a
1550 1839 1783 1906 Nazarenum.
1804 1863 1821 1900 >r

232 1953 274 2021 Et
293 1952 429 2022 utinam
443 1956 583 2041 Jesum,
604 1977 713 2050 quem
732 1951 950 2052 profitemini
963 1969 1136 2051 tanquam
1152 1960 1290 2046 Jesum,
1307 1953 1345 2025 id
1361 1969 1413 2026 est
1432 1953 1671 2042 salvatorem,
1691 1977 1825 2050 quaere-
1899 2027 1909 2040 ‚¹

222 2071 333 2166 retis,
356 2087 395 2144 ut
414 2071 514 2170 quod
528 2074 563 2142 in
584 2097 647 2144 ore
666 2071 820 2163 habetis,
835 2073 945 2145 corde
960 2075 1141 2164 teneretis,
1159 2098 1217 2164 ne,
1235 2073 1323 2146 dum
1337 2074 1557 2147 Salvatorem
1570 2072 1722 2172 perdere
1732 2097 1826 2172 quae-

234 2189 329 2280 ritis,
343 2215 409 2262 vos
425 2191 522 2290 ipsos
534 2193 653 2290 potius
668 2190 836 2290 perdatis.
1482 2197 1492 2218 '

281 2312 373 2383 Dicit
387 2312 421 2383 ei
434 2316 558 2383 Jesus:
579 2314 685 2409 «Ego
705 2336 829 2383 sum.»
851 2316 930 2383 Non
947 2313 1045 2384 enim
1067 2336 1283 2410 cognoscere
1300 2338 1382 2384 eum
1402 2315 1469 2384 nisi
1488 2314 1566 2412 ipso
1585 2327 1750 2411 poterant
1770 2314 1823 2384 in·

233 2433 386 2524 dicante,
400 2435 490 2506 sicut
501 2457 568 2505 nec
580 2435 696 2533 ipsum
710 2457 851 2531 capere,
869 2434 936 2505 nisi
949 2434 1028 2532 ipso
1044 2458 1082 2506 se
1100 2434 1275 2507 tradente.
1296 2435 1417 2506 Stabat
1432 2449 1551 2506 autem
1568 2449 1604 2506 et
1616 2434 1744 2526 Judas,
1763 2437 1825 2531 qui

235 2555 396 2628 tradebat
413 2579 514 2644 eum,
534 2579 618 2626 cum
639 2555 735 2654 ipsis.
766 2558 877 2626 Lucas
900 2555 1025 2646 refert,
1046 2557 1130 2654 quia
1148 2549 1381 2628 antecedebat
1405 2581 1486 2646 eos,
1509 2570 1545 2626 et
1568 2558 1709 2627 Marcus
1726 2555 1825 2652 quod

234 2701 346 2773 quum
364 2676 529 2765 venisset,
543 2676 662 2747 statim
673 2674 848 2747 accedens
859 2673 903 2746 ad
916 2698 1000 2747 eum
1012 2677 1080 2749 ait:
1095 2703 1114 2745 r
1128 2676 1252 2767 Rabbi,
1267 2705 1284 2743 n
1300 2691 1335 2748 et
1349 2676 1527 2748 osculatus
1540 2691 1594 2748 est
1604 2699 1699 2748 eum.
1718 2680 1761 2746 At
1777 2676 1827 2747 illi

235 2819 362 2869 manus
384 2796 582 2892 injecemnt
601 2797 639 2866 in
662 2821 762 2887 eum,
781 2810 816 2868 et
834 2811 1027 2868 tenuerunt
1044 2821 1140 2869 eum.
1163 2797 1265 2869 Unde
1287 2795 1376 2871 mibi
1394 2796 1547 2888 videtur,
1563 2795 1664 2893 quod
1680 2795 1828 2894 quando

234 2915 410 3013 proficisci
425 2930 626 3014 eoeperunt,
646 2915 754 2988 Judas
772 2931 944 3014 tanquam
964 2915 1037 2989 dux
1056 2941 1119 2989 eos
1142 2917 1385 2990 antecedebat.
1412 2915 1478 2987 Ubi
1496 2929 1616 2988 autem
1634 2918 1828 3016 appropin-

234 3062 343 3135 quare
360 3053 565 3137 coeperunt,
588 3039 663 3136 ipse
680 3037 896 3110 conscientia
916 3061 979 3110 sue
997 3023 1166 3111 confusus
1182 3053 1218 3110 et
1234 3037 1478 3138 perturbatus,
1500 3037 1556 3110 vel
1574 3037 1757 3128 haesitans,
1779 3040 1828 3111 ita

234 3181 272 3230 se
290 3158 449 3250 retinuit,
470 3172 505 3229 et
522 3158 673 3254 gradum
691 3159 903 3257 suppressit,
920 3173 959 3231 ut
976 3157 1025 3230 illi
1046 3159 1300 3258 praecederent.
1319 3158 1424 3230 Unde
1447 3183 1544 3230 nunc
1567 3162 1722 3230 Joannes
1741 3157 1828 3231 dicit

234 3279 303 3351 illis
330 3279 376 3351 ad
401 3285 520 3352 Jesum
552 3278 857 3378 pervenientibus,
877 3279 1007 3351 Judam
1029 3293 1122 3354 stare
1146 3303 1229 3352 cum
1247 3280 1315 3353 illis
1339 3281 1589 3379 potiusquam
1613 3278 1824 3377 praecedere.

234 3399 356 3472 Stabat
376 3399 522 3497 quidem
547 3423 630 3472 cum
655 3401 761 3499 ipsis,
783 3423 857 3472 non
877 3414 917 3471 ut
938 3399 1055 3472 caeteri
1078 3423 1163 3471 cum
1183 3401 1353 3472 Domino.
1375 3398 1496 3472 Stabat
1515 3411 1685 3496 tanquam
1710 3413 1829 3495 stupe·

234 3521 346 3592 factus
372 3537 405 3592 et
436 3522 600 3619 concepti
626 3520 768 3593 sceleris
796 3521 1016 3591 immanitate
1047 3519 1292 3619 perturbatus,
1322 3535 1429 3594 etex
1458 3531 1654 3616 conspectu
1682 3519 1828 3590 Domini

236 3645 389 3715 maxime
413 3643 601 3734 contusus,
628 3658 688 3715 aut
717 3641 884 3733 fortasse,
909 3657 1007 3714 tanta
1033 3644 1188 3715 caecitate
1209 3667 1414 3742 percussus,
1445 3657 1484 3713 ut
1512 3665 1579 3713 nec
1605 3657 1689 3713 eum·
1710 3655 1831 3738 posset

235 3785 465 3860 cognoscere,
475 3763 543 3834 nisi
561 3787 605 3834 eo
623 3745 780 3860 seipsum
798 3761 989 3834 indicante.
1009 3765 1056 3833 Ut
1070 3776 1190 3834 mmen
1203 3763 1367 3862 impleret
1380 3762 1480 3858 quod
1493 3760 1651 3832 dixerat:
1669 3790 1685 3828 a
1696 3763 1831 3848 Quem-

235 3907 379 3982 cunque
403 3883 582 3955 osculatus
599 3882 714 3974 fuero,
736 3884 810 3981 ipse
832 3897 904 3969 est,
925 3895 1042 3952 tenete
1068 3905 1168 3970 eum,
1189 3908 1208 3948 »
1227 3883 1328 3970 omni
1347 3881 1487 3977 pudore
1510 3882 1729 3980 postposito,
1754 3905 1829 3952 non

237 4009 372 4098 Deum,
390 4005 454 4077 sed
472 4005 638 4076 homines
658 4005 803 4094 veritae,
823 4002 970 4074 accessit
982 4000 1028 4072 ad
1048 4001 1231 4092 osculum,
1250 4015 1418 4097 tanquam
1440 4025 1522 4072 eum
1542 4001 1748 4097 designans,
1768 4002 1830 4097 qui

233 4127 308 4222 jam
331 4127 560 4225 semetipsum
586 4123 822 4214 indicaverat,
845 4138 883 4194 ut
908 4121 959 4195 nil
977 4123 1015 4193 in
1034 4147 1071 4195 se
1096 4121 1173 4194 fieri
1190 4123 1258 4194 nisi
1275 4123 1392 4221 seipso
1416 4121 1630 4220 disponente
1653 4123 1829 4194 Dominus

237 4246 443 4319 declararet.
457 4246 561 4318 Unde
573 4262 608 4317 et
621 4246 798 4342 sequitur:
813 4249 888 4316 «Ut
900 4268 985 4341 ergo
998 4243 1087 4315 dixit
1099 4245 1150 4317 eis
1161 4271 1168 4313 :
1181 4273 1198 4312 a
1210 4248 1285 4340 Ego
1298 4268 1391 4333 sum,
1403 4271 1420 4310 n
1438 4241 1602 4315 abierunt
1618 4257 1826 4335 retrorsum,

237 4384 273 4442 et
290 4367 495 4441 ceciderunt
514 4371 547 4440 in
571 4382 714 4439 terram.
731 4395 749 4435 »
764 4365 861 4454 Quid
877 4366 978 4464 agitis
996 4365 1118 4438 missi?
1139 4369 1230 4438 Ecce
1253 4380 1381 4464 praesto
1401 4379 1455 4437 est
1472 4389 1581 4462 quem
1601 4364 1775 4462 quaen'tis,
1794 4381 1830 4437 et

235 4493 394 4590 seipsum
410 4491 580 4581 offerens,
597 4489 706 4561 dicit:
727 4519 744 4557 α
758 4491 832 4586 Ego
847 4515 944 4581 sum,
957 4518 975 4558 u
993 4514 1060 4562 nec
1082 4489 1185 4562 istam
1203 4489 1278 4586 ejus
1297 4513 1424 4561 vocem
1443 4487 1534 4561 ferre
1556 4490 1752 4572 sustinetis,
1769 4491 1828 4560 cui

232 4611 311 4682 vim
326 4611 442 4683 facere
467 4608 715 4682 confidebatis.
738 4609 916 4682 Abeuntes
937 4624 1152 4701 retrorsum,
1182 4634 1257 4682 non
1286 4610 1317 4680 ei
1341 4608 1497 4682 valentes
1519 4609 1826 4708 appropinquare,

232 4754 348 4828 quem
369 4731 495 4803 venitis
520 4730 903 4830 comprehendere,in
926 4746 1058 4803 terram
1083 4730 1240 4830 resupini
1261 4731 1454 4802 corruistis.
1482 4730 1547 4802 Hic
1569 4731 1705 4830 quippe
1728 4753 1830 4802 casus

229 4853 405 4952 proprius
423 4865 476 4926 est
491 4851 750 4951 reproborum,
771 4851 862 4923 sicut
878 4851 1007 4924 cadere
1022 4851 1058 4923 in
1073 4851 1199 4958 faciem
1214 4851 1402 4952 proprium
1418 4866 1471 4923 est
1488 4849 1684 4923 electorum
1705 4879 1713 4922 :
1732 4850 1830 4923 unde

230 4986 275 5045 et
292 4971 382 5043 illud
398 4988 450 5044 est
467 4971 564 5044 beati
586 4973 748 5070 Gregorii
762 4975 805 5044 in
820 4972 1035 5044 Ezechielem
1051 4970 1232 5046 bomilia⁸:
1252 5002 1269 5041 n
1287 4971 1398 5044 Electi
1416 4974 1451 5042 in
1471 4971 1613 5062 faciem,
1633 4988 1669 5045 et
1686 4971 1831 5071 reprobi

275 5155 283 5181 ⁴
307 5155 403 5216 Exod„
414 5169 468 5221 cap.
481 5171 573 5218 xum,
587 5174 611 5207 v.
626 5155 710 5208 12.-·
727 5157 838 5210 «Notum
849 5157 922 5210 faciet
932 5157 1048 5211 Dominus
1058 5158 1099 5226 qui
1111 5158 1142 5210 ad
1154 5171 1181 5209 se
1192 5158 1357 5224 pertincant.»
1367 5156 1465 5224 (Nam,
1478 5173 1533 5225 cap.
1546 5157 1727 5225 xv1,r·⁵.)-⁵
1739 5157 1793 5210 Lib.
1807 5159 1831 5217 1,

226 5247 306 5297 born.
323 5260 364 5308 rx,
381 5245 440 5308 opp.
452 5255 471 5296 t.
484 5245 510 5308 l,
525 5243 574 5296 eoi.
589 5247 659 5296 1251.
