4510 6108
575 570 619 643 m
644 530 776 642 sama
801 568 980 657 onnam
1005 565 1496 643 enmucosrnsssuno.
1759 571 1823 644 sor

246 711 499 809 praedicatione
514 711 616 808 quasi
631 709 792 808 quodam
807 709 881 782 sale
897 709 1077 806 sapientiae
1091 709 1130 780 in
1146 708 1252 781 bonis
1268 709 1430 783 moribus
1443 711 1710 810 componenda.
1724 715 1832 810 Aquae
1894 794 1907 818 .

248 832 368 928 itaque
384 830 490 926 hujus
505 829 588 903 salis
602 829 714 902 verba
728 844 813 900 sunt
828 828 1032 927 apostolicae
1052 828 1327 926 praedicationis.
1347 835 1424 904 lstae
1445 856 1545 930 aquae
1561 851 1583 904 a
1597 836 1676 904 Deo
1696 856 1831 906 vocan-

248 969 319 1043 tur,
338 967 373 1024 et
388 976 496 1051 super
511 968 613 1023 terne
629 950 756 1022 laciem
772 949 1019 1039 effunduntur,
1038 949 1125 1021 dum
1143 951 1296 1049 apostoli
1312 950 1442 1024 Christi
1458 953 1504 1026 ad
1525 952 1685 1026 officium
1704 953 1832 1051 praedi·

247 1073 398 1145 cationis
415 1070 460 1143 ab
477 1071 555 1168 ipso
571 1071 690 1142 vocati
711 1068 962 1157 admittuntur,
986 1093 1061 1139 non
1084 1093 1185 1141 more
1205 1068 1593 1170 pseudoapostolorum
1619 1097 1683 1171 per
1708 1095 1746 1144 se
1771 1097 1832 1143 ve·

153 1239 157 1248 ·
249 1193 365 1282 niunt,
382 1190 505 1288 quales
521 1189 669 1287 quidem
684 1189 823 1262 Veritas
839 1210 991 1284 arguens
1008 1186 1112 1258 dicit¹
1128 1215 1136 1259 ε
1154 1189 1320 1261 «Omnes
1336 1206 1516 1289 quotquot
1531 1207 1725 1282 venemnt,
1740 1190 1834 1262 sures

248 1311 393 1384 fuemnt
416 1324 452 1380 et
477 1309 646 1382 latrones.
663 1312 883 1405 »Tanquam
899 1307 929 1378 si
945 1305 1081 1380 diceret
1099 1333 1108 1376 ε
1128 1310 1314 1381 Venerunt
1337 1333 1402 1406 per
1425 1335 1480 1400 se,
1508 1335 1584 1382 non
1610 1311 1745 1384 missia
1760 1334 1831 1382 me.

248 1435 362 1502 Vocat
376 1431 497 1526 itaque
513 1429 690 1502 Dominus
703 1451 814 1525 aquas
827 1427 953 1526 maris,
968 1424 1057 1497 dum
1069 1425 1273 1524 apostolicae
1283 1428 1546 1525 praedicationis
1559 1430 1671 1504 verba
1682 1432 1721 1504 iu
1734 1435 1834 1503 omni

234 1575 378 1648 ¹genere
394 1529 615 1646 linguarum,
634 1563 670 1620 et
685 1573 750 1646 per
765 1546 973 1620 universum
989 1545 1168 1618 mundum
1185 1526 1324 1643 dirigit.¹
1337 1551 1383 1619 Et
1397 1548 1473 1624 haec
1493 1575 1569 1623 non
1590 1551 1709 1624 solum
1729 1573 1836 1649 super

249 1685 398 1759 terram,
426 1669 660 1741 verumetiam
688 1691 796 1765 super
820 1665 948 1739 laciem
975 1680 1077 1737 terrae
1102 1665 1215 1755 ludit,
1241 1665 1330 1739 dum
1354 1693 1429 1740 non
1455 1670 1574 1742 solum
1599 1672 1751 1744 exterius
1772 1697 1836 1744 so-

250 1802 359 1876 nant,
382 1787 615 1892 verumetiam
643 1785 823 1860 intellecta
852 1799 1021 1874 mentem,
1045 1785 1141 1856 intus
1172 1785 1387 1860 illuminant.
1423 1792 1491 1861 Per
1520 1789 1648 1863 faciem
1677 1792 1833 1889 quippe,

249 1931 321 2004 qua
337 1905 582 2003 unusquisque
602 1901 843 2002 cognoscitur,
862 1928 938 1974 non
959 1904 1158 2000 incongrue
1178 1906 1306 1980 notitia
1329 1905 1549 2004 designatur.
1568 1911 1682 2006 Super
1703 1925 1835 1982 terram

250 2027 369 2123 itaque
380 2024 491 2097 verba
508 2023 617 2114 fiunt,
632 2022 696 2095 sed
711 2048 824 2121 usque
840 2022 887 2094 ad
904 2021 1032 2095 faciem
1048 2049 1123 2095 uon
1140 2042 1400 2123 pervenerunt,
1419 2052 1533 2125 quum
1548 2029 1733 2125 oenigmata
1751 2028 1837 2127 legis

249 2145 306 2217 vel
321 2145 594 2244 prophetiarum
609 2143 773 2216 velamen
793 2142 930 2236 habent
950 2143 988 2214 in
1009 2142 1143 2233 littera,
1167 2169 1243 2216 non
1268 2147 1517 2245 appertioncm
1543 2151 1580 2222 in
1605 2147 1837 2247 intelligentia

250 2264 453 2362 evangelica
463 2266 520 2337 vel
530 2263 726 2364 apostolica
735 2263 917 2352 doctrina,
931 2262 1017 2360 quia
1032 2287 1108 2334 non
1124 2263 1175 2336 ita
1190 2267 1348 2362 mysticis
1363 2267 1493 2341 referta
1508 2284 1561 2342 est
1573 2268 1692 2341 verbis
1707 2294 1837 2368 :super

249 2400 351 2457 terrae
373 2383 509 2469 ¹laciem
526 2383 734 2472 effunditur,
764 2381 853 2454 dum
868 2405 948 2479 quae
963 2379 1209 2480 proferuntur,
1239 2383 1418 2458 intellecta
1449 2402 1729 2484 cognoscuntur.
1748 2391 1837 2476 Quis

249 2489 483 2592 veroistesit‚
502 2507 565 2606 qui
576 2505 652 2578 haec
668 2519 769 2577 tanta
786 2505 935 2601 peragit,
955 2487 1201 2602 competenter
1216 2504 1355 2580 subdit:
1366 2535 1384 2575 n
1399 2508 1576 2580 Dominus
1587 2534 1721 2582 nomen
1738 2511 1800 2583 illi.
1817 2541 1834 2579 n

250 2634 367 2718 Quem
383 2654 496 2728 quum
511 2627 718 2726 simpliciter
738 2627 937 2698 Dominum
956 2639 1081 2716 vocat,
1104 2649 1173 2697 nec
1188 2617 1346 2724 quorum
1360 2628 1407 2700 sit
1422 2629 1655 2722 determinat,
1674 2633 1837 2729 gencrale

250 2751 359 2848 ipsius
376 2750 648 2841 dominium,.et
659 2746 860 2820 universale
875 2745 994 2817 innuit
1008 2745 1217 2844 imperium,
1235 2772 1310 2845 quo
1326 2763 1457 2822 cuneta
1471 2749 1562 2848 regit
1577 2767 1684 2850 atque
1701 2755 1837 2851 optime

241 2867 410 2968 ,disponit
425 2871 462 2943 in
479 2867 606 2944 saecula
622 2867 845 2940 saeculorum'.
866 2867 991 2937 lmen.

978 3252 1110 3268 m

453 3514 466 3537 ’
530 3655 536 3665 .
570 3583 1090 3691 menumquam
1124 3585 1524 3679 runrueosrns.

933 3827 1044 3874 SERMO
1069 3827 1143 3874 xx11
1148 3855 1158 3872 .

300 3998 386 4066 Tam
401 3994 519 4090 ipsum
534 3992 631 4063 diem
649 3990 790 4064 Paschae
805 4015 915 4089 quam
934 3996 1161 4063 Pentecostes
1176 3991 1276 4064 dono
1292 3985 1444 4090 Spiritus
1467 3995 1581 4066 sancti
1606 3993 1755 4090 legimus
1782 3999 1840 4067 in-

250 4112 391 4208 signiri,
409 4124 450 4182 ut
464 4136 540 4183 non
552 4109 675 4183 solum
689 4108 802 4199 hanc,
821 4109 1056 4181 verumetiam
1072 4107 1171 4181 illam
1186 4110 1469 4201 solemnitatem,
1485 4136 1564 4209 quae
1579 4113 1764 4211 praecipuae
1780 4113 1840 4184 ha·

177 4277 182 4286 ·
250 4233 396 4322 bentur,
416 4231 462 4304 ad
477 4231 658 4303 honorem
681 4256 827 4329 quoque
847 4231 997 4328 Spiritus
1017 4231 1131 4302 sancti
1152 4230 1357 4304 referendas
1377 4257 1454 4305 esse
1479 4233 1645 4305 sciamus.
1671 4240 1717 4306 Ut
1741 4237 1838 4307 enim

251 4359 408 4428 loannes
417 4357 704 4442 commemorat²,
719 4377 859 4450 «quum
874 4366 966 4424 esset
980 4376 1064 4424 sero
1079 4351 1137 4424 die
1149 4352 1224 4442 ille,
1240 4367 1276 4424 et
1288 4353 1382 4427 fores
1395 4367 1514 4426 essent
1523 4354 1650 4431 clausae
1661 4355 1725 4426 ubi
1737 4371 1838 4427 erant

252 4472 417 4573 discipuli
432 4472 638 4568 congregati
653 4485 802 4569 propter
817 4486 954 4543 metum
974 4470 1197 4558 Judaeorum,
1215 4471 1314 4543 venit
1333 4475 1453 4562 Jesus,
1474 4487 1509 4544 et
1534 4473 1629 4545 stetit
1654 4474 1691 4545 in
1717 4473 1838 4572 medio

252 4619 396 4685 corum,
419 4609 456 4665 ct
478 4591 567 4664 dixit
586 4594 637 4664 eis
656 4619 664 4663 :
686 4598 792 4664 «Pax
806 4589 924 4664 voliis.
941 4620 959 4661 n
977 4597 1022 4664 Et
1037 4618 1150 4691 quum
1171 4592 1246 4666 haec
1267 4593 1428 4686 dixisset,
1452 4595 1611 4668 ostendit
1635 4599 1686 4668 eis
1710 4623 1837 4671 manus

248 4730 288 4789 et
304 4716 408 4810 latus.
428 4713 548 4788 Gavisi
564 4728 647 4786 sunt
668 4737 753 4810 ergo
774 4712 940 4812 discipuli
958 4714 1037 4786 viso
1061 4716 1233 4787 Domino.
1253 4716 1347 4788 Dicit
1371 4740 1457 4813 ergo
1480 4719 1531 4788 eis
1557 4718 1686 4791 iterum
1708 4721 1807 4793 lesus
1828 4753 1835 4794 :

252 4863 272 4902 n
289 4838 361 4905 Pax
376 4832 496 4922 vobis,
515 4833 607 4904 sicut
620 4832 718 4904 misit
734 4855 792 4903 me
809 4835 926 4922 Pater,
943 4848 979 4905 et
994 4856 1061 4930 ego
1078 4835 1183 4908 mitto
1197 4858 1275 4907 vos.
1289 4863 1307 4902 n
1322 4837 1405 4907 Haec
1416 4860 1529 4933 quum
1545 4827 1709 4930 dixisset,
1726 4841 1837 4912 insul-

245 4956 353 5028 flavit
366 4969 403 5027 et
413 4954 503 5027 dixit
519 4951 586 5042 illis
601 4980 610 5025 ε
625 4953 808 5051 «Accipite
824 4943 996 5052 Spiritum
1011 4970 1175 5028 sanctum
1188 4983 1197 5028 z
1212 4979 1369 5054 quorum
1385 4957 1589 5030 remiseritis
1600 4976 1764 5058 peccata,
1782 4987 1839 5035 re·

286 5182 295 5210 ¹
314 5181 399 5243 ioan,
412 5194 510 5247 ειμι,
524 5193 548 5230 v.
561 5176 650 5230 8.-'
663 5177 738 5242 thid..
751 5193 807 5246 cap.
816 5143 904 5290 ,xmp
919 5178 948 5228 19
960 5187 1047 5246 etseq.
1084 5193 1094 5216 ·
1657 5126 1683 5174 ο
