4522 6102
910 537 1146 620 EPlSTOLAE.
1471 575 1474 582 ·
1676 636 1681 647 Ι
1760 542 1806 610 77

226 675 409 774 colloquio
438 677 619 774 presentis
644 699 799 768 recreer,
830 701 896 750 nec
920 677 1243 775 absenticepistola
1259 676 1430 751 consoler
1451 704 1459 746 r
1480 676 1561 765 dic,
1582 677 1752 774 inquam,
1779 682 1813 750 si

227 800 345 889 vales,
361 813 422 870 aut
435 823 501 895 ego
514 797 614 894 quod
628 799 742 869 sentio
755 853 764 888 ,
779 799 852 870 imo
872 799 971 896 quod
990 823 1117 868 omnes
1130 799 1355 896 suspicantur
1367 797 1496 870 dicam.
1512 799 1807 896 Concupiscentia

230 934 265 992 te
290 921 377 992 milri
402 919 645 1017 potiusquam
666 920 818 991 amicitia
835 919 1002 1007 sociavit,
1029 918 1184 988 libidinis
1211 919 1318 990 ardor
1335 918 1581 1015 potiusquam
1604 944 1716 990 amor.
1739 919 1808 992 Ubi

230 1038 441 1136 igiturquod
455 1037 679 1110 desiderabas
691 1039 860 1130 cessavit,
875 1037 1051 1135 quidquid
1062 1052 1210 1136 propter
1220 1037 1494 1108 hooexhibebas
1503 1039 1638 1136 pariter
1649 1041 1804 1110 evanuit.

230 1161 327 1251 Haec,
348 1159 597 1248 dilectissime,
619 1183 693 1231 non
713 1175 785 1232 tam
806 1185 887 1232 mea
901 1175 954 1232 est
972 1183 1081 1258 quarn
1096 1159 1259 1230 omnium
1276 1159 1519 1254 conjectura¹,
1545 1183 1621 1230 non
1638 1175 1711 1232 tarn
1729 1185 1808 1257 spe
1925 1150 1947 1181 ““

228 1279 323 1350 cialis
348 1301 458 1376 quam
480 1279 703 1370 communis,
724 1295 891 1351 nontam
912 1280 1049 1376 privata
1074 1303 1183 1376 quam
1211 1277 1364 1376 publica.
1389 1280 1531 1350 Utinam
1557 1277 1643 1348 mihi
1667 1279 1737 1376 soli
1757 1282 1807 1352 sic

228 1400 429 1491 videretur,
456 1413 562 1497 atque
593 1399 729 1496 aliquos
754 1401 790 1470 in
817 1401 1080 1472 excusationem
1109 1401 1164 1470 sui
1190 1423 1293 1470 amor
1317 1415 1398 1470 tuus
1419 1398 1613 1488 inveniret,
1633 1425 1698 1496 per
1715 1423 1806 1495 quos

227 1518 331 1590 dolor
354 1545 456 1592 meus
478 1519 664 1617 paululum
686 1519 866 1591 resideret.
888 1520 1030 1591 Utinam
1050 1518 1422 1616 occasiones¹fiogcre
1438 1533 1601 1616 possem,
1625 1517 1754 1614 quibus
1773 1535 1807 1591 te

226 1640 430 1712 excusando
444 1640 514 1712 mei
527 1663 675 1737 quoquo
689 1639 800 1712 modo
811 1655 965 1736 tegerem
976 1644 986 1678 ³
998 1640 1179 1712 vilitatem.
1197 1638 1359 1728 Attende,
1377 1639 1539 1728 obsecr0,
1554 1663 1632 1736 quae
1645 1640 1803 1736 requir03

227 1773 261 1830 et
277 1783 387 1857 parva
405 1759 480 1832 haec
497 1757 634 1830 videbis
647 1773 683 1831 et
700 1758 764 1830 tibi
778 1758 954 1830 facillima.
976 1763 1072 1830 Dum
1086 1760 1137 1830 tui
1156 1760 1340 1858 praesentia
1360 1757 1517 1845 fraudor,
1539 1757 1730 1829 verborum
1743 1759 1808 1828 sal·

228 1889 300 1948 tem
320 1878 451 1967 votis⁸,
478 1901 634 1973 quorum
652 1877 716 1948 tibi
738 1879 842 1977 copia
867 1894 938 1967 est,
964 1893 1032 1949 tuae
1054 1877 1142 1949 mihi
1160 1879 1321 1974 imaginis
1342 1892 1516 1975 praesenta
1543 1876 1770 1949 dulcedinem
1784 1883 1803 1947 ⁸.

227 2001 366 2069 Frustra
389 2013 424 2068 te
440 1998 476 2068 in
496 1996 601 2070 rebus
619 1997 793 2095 dapsilem
808 2014 979 2097 expecto,
1000 2000 1030 2069 si
1050 2000 1085 2070 in
1101 1997 1219 2068 ‘verbis
1236 2023 1383 2069 avarum
1402 1999 1571 2069 sustineo.
1598 2003 1700 2070 Nunc
1721 2025 1806 2070 vero

225 2116 419 2214 plurimum
430 2141 452 2188 a
464 2131 499 2188 te
510 2141 568 2188 me
580 2119 779 2215 promereri
792 2117 1031 2206 credideram,
1049 2143 1162 2216 quum
1177 2119 1298 2188 omnia
1307 2133 1453 2216 propter
1471 2117 1804 2216 tecompleverim⁶,

225 2261 321 2307 nnnc
332 2237 370 2308 in
383 2252 446 2307 tuo
465 2237 617 2312 maxime
629 2261 859 2334 perseverans
875 2236 1062 2335 obsequio.
1081 2241 1198 2324 Quam
1215 2237 1359 2334 quidem
1376 2237 1605 2333 juvenculam
1624 2237 1669 2309 ad
1686 2261 1809 2309 mona-

225 2356 320 2427 sticae
331 2355 610 2428 conversationis
623 2357 849 2454 asperitatem
867 2381 941 2428 non
958 2356 1137 2453 religionis
1151 2357 1317 2444 devotio,
1335 2356 1398 2428 sed
1411 2371 1472 2427 tua
1487 2371 1626 2428 tantum
1640 2357 1808 2455 pertraxit

221 2475 375 2570 jussio⁷3
391 2475 454 2547 ubi
471 2475 501 2546 si
518 2475 607 2546 nihil
625 2499 647 2546 a
665 2489 700 2547 te
716 2501 941 2576 promerear,
956 2501 1065 2574 quam
1086 2477 1213 2548 frustra
1230 2476 1391 2548 laborem
1405 2476 1572 2573 dijudica.
1596 2476 1699 2548 Nulla
1721 2477 1807 2546 mihi

224 2619 330 2693 super
353 2593 425 2666 hoc
450 2619 585 2666 merces
603 2595 822 2694 expectanda
841 2611 892 2666 est
915 2620 936 2667 a
953 2601 1052 2686 Deo,
1079 2597 1180 2692 cujus
1204 2596 1322 2668 adhuc
1343 2620 1465 2667 amore
1486 2596 1573 2666 nihil
1593 2621 1650 2667 me
1670 2612 1807 2668 constat
1879 2583 1884 2592 ¹

225 2715 346 2810 egisse.
371 2719 624 2812 Properantem
649 2729 683 2786 te
702 2714 748 2786 ad
764 2719 882 2787 Deum
900 2731 1018 2788 secuta
1039 2742 1118 2788 sum
1131 2715 1279 2805 habitu,
1302 2717 1376 2786 imo
1388 2717 1562 2813 praecessi.
1585 2717 1694 2803 Quasi
1712 2717 1807 2786 enim

224 2839 364 2906 memor
385 2833 506 2906 uxoris
533 2833 626 2906 Loth
648 2849 743 2905 retro
769 2833 988 2924 conversae⁸,
1016 2837 1114 2933 prius
1137 2859 1195 2905 me
1217 2835 1324 2904 sacris
1348 2833 1503 2905 vestibus
1528 2849 1563 2906 et
1587 2835 1808 2931 professione

224 2954 417 3024 monastica
436 2977 545 3050 quam
563 2954 717 3050 teipsum
737 2957 814 3024 Deo
833 2953 1053 3052 mancipasti.
1078 2959 1118 3024 ln
1137 2978 1227 3050 quc,
1250 2953 1387 3038 fateor,
1409 2977 1482 3024 uno
1500 2953 1618 3022 minus
1636 2969 1671 3023 te
1690 2954 1735 3024 de
1751 2979 1808 3024 me

223 3071 405 3144 confidere
426 3073 657 3146 vehementer
680 3072 780 3144 dolui
798 3087 905 3170 atque
927 3072 1065 3144 erubui.
1091 3077 1165 3170 Ego
1184 3087 1303 3143 autem
1325 3074 1444 3168 (Deus
1457 3073 1546 3168 scit)
1564 3071 1610 3143 ad
1637 3071 1806 3147 Vulcania

223 3190 301 3264 loca
319 3208 353 3266 te
370 3210 623 3292 properantem
641 3193 841 3290 praecedere
857 3191 914 3264 vel
928 3194 1028 3290 sequi
1048 3218 1114 3290 pro
1129 3192 1230 3288 jussu
1248 3207 1311 3263 tuo
1332 3192 1479 3263 minime
1493 3189 1706 3264 dubitarem.
1727 3198 1804 3265 Non

222 3313 319 3384 enim
334 3339 475 3385 mecum
489 3315 628 3386 animus
642 3338 761 3404 meus,
784 3313 847 3384 sed
861 3329 979 3385 tecum
998 3316 1100 3384 crath
1118 3313 1238 3384 Sedet
1252 3337 1349 3383 nunc
1367 3315 1521 3384 maxime
1541 3313 1570 3382 si
1589 3329 1707 3384 tecum
1731 3339 1804 3385 non

223 3448 291 3522 est,
313 3459 490 3532 nusquam
508 3450 571 3506 est.
589 3439 673 3507 Esse
692 3457 778 3506 vero
802 3438 877 3506 sine
899 3449 934 3505 te
957 3459 1185 3532 nequaquam
1204 3449 1332 3532 potest.
1351 3432 1421 3505 Sed
1441 3449 1480 3504 ut
1496 3449 1615 3505 tecum
1633 3433 1727 3506 hene
1740 3437 1801 3525 sit,

222 3581 299 3653 age,
311 3554 473 3628 obsecro.
492 3559 587 3628 Bene
600 3570 721 3628 autem
734 3569 853 3627 tecum
867 3554 992 3644 fuerit,
1011 3555 1041 3625 si
1053 3570 1087 3625 te
1099 3555 1295 3652 propitium
1308 3555 1499 3644 invenerit,
1516 3555 1545 3624 si
1557 3555 1704 3651 gratiam
1716 3555 1804 3626 refe-

222 3700 278 3748 ras
298 3701 365 3774 pro
384 3677 513 3773 gratia,
534 3675 678 3748 modica
697 3701 764 3774 pro
787 3675 947 3772 magnis,
968 3675 1077 3745 verba
1095 3700 1161 3772 pro
1181 3674 1299 3746 rebus.
1327 3675 1487 3764 Utinam,
1510 3674 1656 3762 dilecte,
1682 3691 1742 3746 tua
1760 3675 1805 3746 de

222 3820 280 3868 me
298 3795 442 3867 dilectio
461 3796 578 3870 minus
597 3795 813 3884 confideret,
829 3810 868 3866 ut
879 3793 1061 3865 sollicitior
1074 3791 1181 3864 esset!
1204 3793 1276 3864 Sed
1294 3819 1367 3892 quo
1381 3809 1417 3866 te
1431 3794 1582 3892 amplius
1594 3819 1691 3866 nunc
1704 3820 1804 3866 secu·

224 3939 303 3985 rum
315 3914 476 4004 reddidi,
492 3914 783 4012 negligentiorem
798 3915 967 3985 sustineo
983 3916 1162 3983 Memento
1177 3911 1327 3982 obsecro
1348 3939 1426 4010 quae
1442 3913 1604 4002 fecerim,
1622 3929 1656 3984 et
1673 3929 1805 4011 quanta

223 4033 353 4106 debeas
379 4034 534 4106 attende.
558 4039 653 4104 Dum
677 4049 794 4106 tecum
815 4031 947 4103 carnali
970 4032 1103 4102 fruerer
1128 4030 1307 4128 voluptate
1316 4035 1351 4122 ¹⁰,
1375 4049 1494 4104 utrum
1516 4032 1553 4104 id
1577 4057 1719 4122 amore,
1750 4033 1805 4102 vel

223 4153 369 4226 libidine
389 4179 546 4252 agerem,
569 4155 744 4228 incertum
764 4151 926 4250 pluribus
946 4151 1145 4224 habebatur
1153 4157 1182 4221 ¹¹.
1206 4155 1307 4223 Nunc
1327 4168 1447 4224 autem
1467 4152 1548 4224 finis
1570 4153 1704 4223 indicat
1730 4178 1803 4249 quo

223 4273 261 4344 id
270 4273 511 4346 inchoaverim
521 4274 709 4374 principio
727 4277 862 4344 Omnes
872 4272 1027 4370 denique
1042 4271 1129 4344 mihi
1141 4270 1339 4369 voluptates
1352 4272 1531 4361 interdixi,
1549 4287 1589 4344 ut
1599 4274 1802 4369 tuae¹¹pare-

222 4417 298 4464 rem
315 4393 502 4466 voluntati.
524 4394 618 4466 Nihil
636 4393 724 4465 mihi
737 4394 929 4482 reservavi,
951 4393 1019 4463 nisi
1033 4391 1083 4463 sic
1096 4409 1193 4463 tuam
1208 4416 1305 4462 nunc
1319 4392 1495 4489 praecipue
1510 4391 1598 4462 fieri.
1615 4395 1702 4476 Quae
1716 4415 1801 4462 vero

224 4527 282 4584 tua
299 4513 343 4584 sit
363 4514 532 4611 iniquitas
548 4513 751 4612 perpende,
772 4514 802 4583 si
820 4512 971 4584 merenti
992 4509 1143 4608 amplius
1160 4510 1332 4608 persolvis
1351 4510 1485 4600 minus,
1507 4511 1580 4580 imo
1598 4509 1687 4579 nihil
1700 4510 1801 4606 peni·

225 4646 278 4704 tus
298 4660 306 4703 ε
327 4635 520 4732 praesertim
538 4658 651 4730 quum
668 4657 819 4731 parvum
844 4633 888 4703 sit
908 4630 1007 4728 quod
1033 4631 1202 4728 exigeris,
1229 4646 1264 4702 et
1278 4629 1340 4702 tibi
1355 4627 1575 4700 facillimum.
1598 4631 1664 4699 Per
1684 4628 1801 4725 ipsum

257 4895 407 4948 ‘sarman
426 4896 497 4948 ttttS.
513 4896 564 4933 -¹
585 4897 700 4960 rempora
718 4895 789 4946 uus,
810 4924 832 4932 -
858 4895 867 4924 ¹
888 4897 994 4948 Celerem
1027 4911 1050 4946 r.
1064 4895 1550 4948 26.-⁸llabltou'tRES-“Socra
1568 4899 1610 4947 itta
1628 4900 1766 4947 connubiali
1779 4909 1802 4946 et

227 4977 292 5030 ttts
305 5008 331 5017 -
346 4979 435 5032 ‘Notis
445 4981 494 5032 tls,
510 4979 744 5032 amb-'Veram
757 4983 864 5030 solamen
880 4979 996 5030 uus-
1027 4985 1164 5046 gratissima
1183 4979 1253 5031 ttttS.
1265 5007 1295 5016 -
1307 4979 1327 5008 '¹
1341 4981 1391 5031 Sub
1402 4982 1485 5044 judice
1497 4983 1526 5031 tis
1534 4979 1667 5044 frdtllllS.
1682 5009 1707 5020 -
1723 4978 1744 5006 ¹¹
1759 4981 1802 5031 ln-

230 5058 387 5126 ⁸Conpltutn
407 5063 478 5116 llllS.
492 5092 524 5103 -
537 5063 546 5091 ²
561 5065 613 5115 Tua
633 5067 710 5116 solum
729 5075 871 5128 ceccaum,
891 5065 950 5115 milti
970 5069 995 5116 in
1028 5065 1186 5117 rariturroloe
1198 5063 1264 5130 (sic)
1277 5063 1349 5115 ttttS.

229 5151 466 5227 teterrimum,
478 5149 678 5201 madataRllS.
697 5177 723 5188 -
737 5147 748 5177 ⁸
761 5149 852 5209 Gom,
865 5163 921 5216 cap.
934 5165 994 5210 ιιι,
