4536 6102
445 558 517 634 590
1040 557 1167 628 PETRI
1194 555 1424 627 xttAEttttttt

445 703 637 776 lacernam.
657 705 790 770 Verum
810 699 886 770 brec
903 699 1106 771 mordacius
1124 698 1360 770 describenda
1378 698 1485 771 beato
1504 698 1583 769 viro
1602 700 1822 797 Hieronymo
1842 702 2017 799 relinqua·

445 845 537 892 mus.
1935 897 1943 911 ,

491 939 587 1026 Quid
604 938 650 1009 ad
670 935 746 1007 baec
766 935 815 1006 illi
837 935 965 1008 dicturi
987 951 1088 1026 sunt,
1115 961 1207 1032 quos
1227 937 1298 1008 boc
1321 952 1485 1036 tempore
1509 939 1547 1008 in
1565 952 1705 1014 tantum
1721 928 1877 1011 didimus
1898 966 2024 1039 praesu·

444 1081 558 1145 mere,
582 1071 622 1126 ut
639 1057 687 1127 de
708 1054 900 1127 solitudine
925 1053 970 1126 ad
992 1054 1113 1125 turbas
1134 1053 1387 1150 procedentes,
1405 1057 1496 1126 sicut
1512 1055 1558 1126 de
1574 1054 1659 1127 ficto
1682 1055 1861 1151 religionis
1878 1059 2022 1175 nomine

445 1175 644 1265 tumebant,
662 1175 712 1246 ita
728 1190 763 1245 et
779 1173 824 1246 de
840 1174 1066 1246 simulatione
1077 1173 1333 1246 miraculorum
1347 1175 1458 1269 gratia
1466 1173 1580 1247 videri
1594 1175 1773 1247 mirabiles
1790 1177 2023 1274 appetebant?

444 1295 582 1366 Omitto
598 1309 784 1366 contactus
800 1308 836 1365 et
850 1292 1120 1364 benedictiones
1135 1317 1329 1390 aquarum,
1347 1318 1436 1389 quas
1451 1292 1628 1388 languidis
1649 1294 1686 1366 in
1707 1293 1879 1392 poculum
1894 1295 2020 1392 dirige·

444 1415 549 1504 bant,
577 1431 617 1486 ut
642 1416 692 1487 sic
719 1429 945 1502 curarentur,
974 1414 1275 1484 contrectationes
1293 1413 1351 1484 vel
1374 1415 1662 1509 consignationes
1690 1414 1958 1503 membrorum,
1984 1429 2022 1485 ut

445 1537 588 1610 dolores
613 1535 872 1606 infirmantium
898 1533 1131 1630 expellerent,
1154 1532 1311 1629 eulogias
1330 1534 1368 1605 in
1394 1534 1547 1631 panibus
1568 1535 1713 1623 fractas,
1741 1550 1777 1606 et
1797 1533 1844 1606 ad
1863 1535 2022 1608 infirmos

445 1658 649 1730 destinatas.
674 1654 727 1725 td
745 1656 881 1750 majora
895 1655 1055 1741 veniam,
1074 1667 1110 1723 et
1125 1676 1264 1724 summa
1285 1651 1343 1726 illa
1360 1653 1532 1725 miracula
1550 1653 1596 1724 de
1612 1654 1863 1726 resuscitandis
1881 1679 2022 1752 quoque

445 1779 594 1850 mortuis
606 1777 759 1846 inaniter
767 1789 915 1846 tentata.
929 1773 1038 1860 Quod
1047 1772 1192 1870 quidem
1203 1799 1319 1872 nuper
1331 1775 1596 1872 praesumpsisse
1607 1775 1836 1865 Norlrertum,
1849 1789 1885 1846 et
1896 1799 2022 1874 coapo-

444 1898 577 1970 stolum
598 1897 673 1992 ejus
699 1897 873 1967 Farsitum
900 1895 1017 1966 mirati
1045 1894 1195 1982 suimus,
1224 1909 1261 1965 et
1280 1896 1439 1966 risimus¹
1457 1923 1464 1966 :
1481 1897 1543 1993 qui
1568 1895 1631 1968 diu
1651 1897 1783 1993 pariter
1803 1898 1841 1968 in
1862 1899 2022 1968 oratioue

446 2040 568 2088 coram
593 2012 729 2112 populo
750 2017 937 2112 prostrati,
961 2028 997 2084 et
1017 2013 1148 2084 desua
1168 2015 1445 2111 praesumptione
1467 2013 1643 2104 frustrati,
1665 2040 1778 2112 quum
1798 2037 1817 2086 a
1839 2015 2022 2113 proposito

445 2134 583 2206 confusi
600 2132 821 2221 deciderent,
840 2132 1029 2228 objurgare
1044 2132 1220 2229 populum
1241 2132 1469 2231 impudenter
1489 2148 1696 2232 coeperunt,
1720 2134 1821 2230 quod
1841 2133 2022 2206 devotioni

445 2280 515 2325 suae
540 2269 575 2325 et
599 2253 778 2324 constanti
808 2250 892 2322 fidei
921 2249 1112 2321 infidelitas
1138 2275 1264 2322 eorum
1291 2251 1491 2324 obsisteret.
1525 2255 1557 2321 Ο
1581 2251 1754 2324 calliditas
1779 2250 2019 2325 incautorum!

446 2400 468 2443 ο
490 2372 668 2443 excusatio
690 2369 816 2440 frivola
841 2366 1148 2440 inexcusabilium!
1174 2369 1319 2466 Aliquos
1340 2369 1533 2468 aliquando
1555 2370 1592 2440 in
1612 2369 1743 2441 talibus
1763 2370 1929 2468 decipere
1948 2394 2023 2467 pos-

444 2508 541 2582 sunt,
555 2492 618 2564 sed
626 2493 726 2587 juxta
741 2493 899 2564 veritatis
915 2492 1162 2580 assertionem,
1174 2491 1262 2561 nibil
1279 2491 1460 2563 occultum
1477 2492 1577 2589 quod
1594 2517 1668 2564 non
1686 2491 2024 2587 reveletur,etju1ta

444 2613 653 2707 Hieronymi
676 2612 920 2701 sententiam¹,
941 2609 1047 2681 salsus
1072 2632 1196 2681 rumor
1214 2611 1286 2682 cito
1304 2611 1530 2708 opprimitur.
1561 2613 1640 2682 Non
1659 2612 1866 2706 ignoramus
1883 2613 2023 2682 astutias

411 2811 414 2816 ¹
445 2731 587 2818 talium,
610 2731 672 2827 qui
690 2756 803 2828 quum
829 2730 1069 2802 febricitantes
1093 2755 1114 2801 a
1138 2729 1279 2800 lenibus
1305 2729 1439 2800 morbis
1460 2754 1586 2802 curare
1606 2746 1842 2828 praesumunt,
1865 2729 2022 2828 pluribus

445 2851 564 2948 aliqua
578 2849 635 2922 vel
658 2851 694 2922 in
717 2848 800 2920 cibo
821 2849 878 2919 vel
904 2849 940 2919 in
958 2864 1047 2946 potu
1069 2848 1232 2919 tribuunt
1256 2864 1296 2919 ut
1321 2864 1469 2938 curent,
1495 2849 1552 2920 vel
1572 2849 1842 2922 benedictiones
1863 2849 1919 2920 vel
1945 2874 2021 2920 ora·

444 2970 561 3039 tiones
576 2967 723 3039 iaciunt.
741 2971 819 3038 Hoc
835 2967 958 3062 utique
975 2968 1145 3061 cogitant,
1165 2982 1205 3038 ut
1222 2968 1251 3036 si
1267 2967 1529 3063 quoquomodo
1546 2969 1684 3039 curatio
1700 2983 1882 3064 sequatur,
1899 2969 2023 3038 sancti·

445 3090 507 3160 tati
532 3112 658 3159 eorum
682 3088 900 3185 imputetur;
929 3087 983 3156 sin
1009 3110 1095 3156 vero
1126 3086 1296 3175 minime,
1316 3084 1516 3158 infidelitati
1544 3111 1670 3157 eorum
1697 3088 1754 3186 vel
1785 3087 2021 3184 desperationi

445 3207 653 3280 ascribatur.
680 3208 762 3279 Tale
789 3206 978 3280 consilium
1007 3204 1154 3303 quidam
1183 3206 1358 3277 saecularis
1385 3220 1521 3278 astutus
1546 3206 1689 3278 cuidam
1712 3207 1935 3305 pauperculae
1959 3207 2021 3279 sibi

446 3343 539 3399 notae
555 3327 666 3397 fertur
682 3324 834 3397 dedisse.
854 3329 975 3411 Quum
991 3325 1088 3394 enirn
1105 3323 1181 3413 illa,
1200 3339 1240 3394 ut
1256 3324 1399 3414 dicitur,
1418 3324 1464 3395 ad
1480 3339 1729 3422 paupertatem
1749 3327 1897 3398 nimiam
1918 3327 2021 3398 deve·

446 3450 573 3533 nisset,
593 3462 629 3517 et
647 3470 668 3517 a
684 3444 853 3543 praedicto
865 3445 944 3514 viro
961 3442 1224 3538 eleemosynam
1240 3444 1454 3539 postularet,
1473 3445 1620 3516 miratus
1636 3445 1694 3516 ille
1712 3445 1812 3542 quod
1829 3469 1908 3517 eam
1925 3471 2020 3517 men·

446 3566 625 3636 dicantem
639 3563 789 3649 videret,
809 3585 917 3658 quam
935 3575 1038 3632 antea
1055 3576 1205 3632 noverat
1221 3559 1479 3652 abundantem,
1494 3562 1593 3635 dedit
1609 3567 1642 3635 ei
1659 3563 1805 3636 tandem
1822 3565 2019 3653 consilium,

446 3700 487 3755 ut
506 3709 544 3754 se
565 3681 734 3753 medicari
749 3681 838 3751 seire
855 3678 1053 3768 simularet,
1073 3695 1108 3752 et
1123 3680 1253 3752 herbas
1268 3706 1500 3779 quascunque
1517 3683 1710 3779 colligeret,
1725 3699 1762 3755 et
1775 3685 2022 3780 egrotantibus

448 3803 532 3875 inde
547 3803 769 3873 curationem
787 3815 1023 3898 praepararet,
1050 3815 1084 3871 et
1100 3800 1168 3872 hac
1185 3817 1260 3873 arte
1281 3801 1348 3873 sibi
1367 3804 1501 3873 victum
1517 3819 1702 3901 quaereret.
1732 3803 1895 3876 Addebat
1910 3805 2019 3892 enim,

449 3923 588 4010 dicens,
609 3921 709 4018 quod
728 3923 758 3993 si
779 3920 882 3992 alicui
902 3946 970 4018 pro
991 3920 1227 3993 medicamine
1244 3921 1378 4020 aliquid
1399 3923 1521 4014 daret,
1545 3938 1581 3994 et
1605 3925 1736 3995 sanitas
1751 3948 1966 4021 quacunque
1980 3923 2023 3994 de

448 4067 554 4114 causa
571 4039 655 4110 inde
669 4038 787 4137 aliquo
805 4055 929 4111 curato
943 4056 1162 4136 sequeretur,
1175 4039 1390 4113 ille-sanatus
1406 4042 1501 4114 banc
1512 4045 1735 4116 curationem
1751 4044 1826 4140 ejus
1843 4044 2024 4115 medicinae

450 4162 642 4259 deputans,
666 4159 798 4231 multos
823 4159 985 4256 exemplo
1007 4162 1060 4230 sui
1082 4159 1129 4230 ad
1150 4160 1410 4232 medicamenta
1430 4160 1523 4234 illius
1542 4164 1708 4235 invitaret
1728 4191 1736 4234 :
1755 4179 1790 4234 et
1806 4165 1856 4234 sic
1872 4165 1910 4234 in
1926 4163 2023 4236 brevi

451 4304 622 4378 magnum
638 4277 704 4350 sibi
715 4304 847 4350 nomen
858 4277 1044 4351 medicinae
1056 4280 1272 4376 acquireret;
1292 4305 1370 4377 quae
1382 4305 1495 4377 quum
1512 4284 1548 4352 in
1565 4282 1742 4380 aliquibus
1759 4283 2023 4355 medicamentis

450 4406 522 4474 suis
547 4401 741 4473 efficaciam
763 4425 838 4470 non
860 4399 1027 4488 baberet,
1047 4400 1176 4471 morbo
1198 4399 1235 4470 id
1257 4402 1504 4498 imputaretur,
1523 4402 1623 4500 quod
1644 4403 1848 4475 incurabilis
1865 4417 1974 4491 esset,
1991 4416 2023 4471 et

368 4605 372 4616 Ι
451 4535 579 4591 contra
601 4533 755 4590 mortem
783 4517 870 4588 nihil
895 4519 1147 4590 medicamenti
1163 4519 1255 4589 vires
1280 4543 1397 4616 posse.
1426 4519 1521 4611 Quid
1542 4520 1663 4618 plura?
1690 4520 1806 4592 fallaci
1828 4520 1968 4591 homini
1987 4531 2023 4588 ut

452 4638 583 4709 multos
597 4635 731 4708 falleret
746 4637 922 4731 acquievit
937 4636 1009 4726 illa,
1029 4651 1065 4707 et
1080 4660 1208 4730 magna
1225 4635 1371 4708 tandem
1388 4639 1424 4709 in
1442 4640 1613 4735 opinione
1629 4638 1820 4710 hominum
1835 4637 1881 4709 de
1897 4639 2024 4708 virtute

453 4759 702 4831 medicamenti
719 4756 840 4828 habita
857 4771 921 4827 est.
942 4759 998 4828 Sic
1015 4757 1071 4827 isti
1088 4755 1134 4827 de
1150 4755 1330 4828 miraculis
1346 4775 1617 4855 praesumentes,
1636 4761 1727 4831 sicut
1740 4759 1799 4830 illa
1814 4758 1860 4829 de
1876 4757 2025 4829 medica·

384 4997 388 5005 “
429 4993 432 4998 ’
487 5007 496 5034 ⁴
524 5007 558 5058 lte
585 5006 611 5057 S.
635 5006 753 5058 Norberto
776 5007 830 5058 ride
854 5021 944 5072 supra,
966 5024 991 5074 p.
1017 5009 1069 5064 63,
1091 5018 1159 5058 nous
1187 5009 1219 5060 ad
1258 5007 1376 5074 regularis
1395 5009 1584 5069 semicremis,
1610 5009 1641 5060 de
1659 5025 1707 5075 quo
1725 5009 1779 5060 vide
1800 5009 1862 5058 tttse.
1882 5010 1928 5058 litt.
1949 5009 1979 5055 de
1996 5007 2021 5054 tr

454 5093 543 5144 Hister.
562 5092 654 5144 Catum
674 5091 780 5142 turtius
798 5091 843 5144 iste
860 5105 932 5158 quem
949 5090 1088 5142 dbalardus
1108 5091 1219 5143 Norberti
1259 5095 1362 5151 Frunee.
1375 5105 1394 5146 t.
1405 5095 1459 5156 llll,
1471 5111 1498 5162 p.
1509 5097 1557 5148 att
1569 5105 1595 5148 et
1604 5113 1642 5164 sq.
1651 5097 1690 5150 Gt.
1700 5095 1825 5158 Remusat,
1835 5097 1957 5152 Abtlard,
1971 5103 1988 5152 t.
2000 5091 2021 5158 l,

451 5174 545 5244 ¹rociurn
556 5172 630 5226 luisse
642 5172 690 5236 ait,
701 5174 795 5226 videtur
806 5189 859 5226 cue
871 5175 939 5250 Ilugo
952 5173 1074 5238 Farritus,
1088 5177 1219 5228 canonicus
1259 5194 1286 5244 p.
1301 5181 1355 5231 tto.
1365 5177 1413 5216 -'
1424 5180 1501 5245 Epist.
1512 5197 1580 5242 xus,
1595 5182 1658 5245 opp.
1669 5191 1686 5234 t.
1700 5181 1743 5244 lv,
1755 5190 1819 5248 part.
1831 5177 1867 5238 tt,
1879 5195 1905 5244 p.
1916 5179 1972 5238 tta,
