4522 6104
446 607 519 678 720
1123 597 1360 672 seruauit.

446 746 630 816 sentiarum
643 751 733 843 juste
749 759 784 814 et
802 742 950 839 legitime
966 741 1161 838 possidetis,
1182 757 1240 812 aut
1257 741 1298 813 in'
1311 741 1463 812 fututum
1477 741 1694 812 concessione
1711 741 1932 836 pontificum,
1953 739 2035 811 libe·

323 959 326 966 ι
446 863 577 937 ralitate
599 886 716 960 regum
739 861 792 934 vel
818 862 1031 959 principum,
1052 859 1223 932 oblatione
1249 859 1401 932 fidelium
1429 884 1487 930 seu
1512 858 1586 930 aliis
1605 860 1705 954 justis
1726 860 1836 931 modis
1858 877 2036 957 prestante

447 984 597 1054 Domino
623 983 777 1080 poteritis
803 982 960 1077 adipisci,
980 981 1078 1052 firma
1094 981 1191 1053 vobis
1212 981 1249 1052 in
1272 996 1474 1077 perpetuum
1495 995 1529 1052 et
1549 979 1677 1050 illibata
1697 997 1928 1076 permaneant.
1949 983 2035 1054 Sane

445 1101 603 1174 laborum
618 1119 808 1174 vestrorum
824 1101 970 1172 decimas
990 1127 1072 1197 quas
1089 1102 1236 1197 propriis
1250 1099 1399 1171 excolitis
1416 1100 1619 1196 sumptibus,
1633 1127 1692 1172 seu
1705 1098 1900 1172 annualium
1911 1103 2036 1197 absque

439 1225 715 1316 ‚contradictione
729 1222 840 1319 aliqua
852 1224 949 1293 vobis
967 1222 1183 1294 concedimus
1201 1221 1434 1318 possidendas.
1454 1219 1547 1294 Nulli
1559 1247 1639 1318 ergo
1651 1222 1829 1292 hominurn
1839 1223 1888 1292 fas
1900 1223 1944 1293 sit
1954 1249 2035 1318 prae·

446 1344 553 1415 fatum
570 1327 812 1414 monasterium
830 1358 955 1414 temere
972 1343 1184 1438 perturbare,
1200 1356 1259 1413 aut
1269 1343 1340 1436 ejus
1351 1343 1576 1440 possessiones
1591 1342 1738 1432 auferre,
1750 1341 1802 1412 vel
1814 1341 1942 1412 ablatas
1955 1345 2035 1414 reti·

448 1487 542 1552 uere,
557 1463 724 1552 minuere,
739 1477 798 1532 aut
812 1460 980 1556 aliquibus
993 1461 1227 1532 vexationibus
1238 1460 1391 1557 fatigare,
1406 1461 1463 1532 sed
1478 1460 1677 1531 haecomnia
1694 1461 1825 1558 integra
1836 1487 2035 1532 conserven-

445 1599 514 1672 tur,
534 1584 651 1653 vestris
667 1582 783 1654 usibus
799 1598 964 1678 perpetuo
982 1581 1173 1676 profutura.
1189 1581 1243 1652 Ad
1260 1582 1424 1652 indicium
1442 1597 1554 1651 autern
1572 1597 1739 1677 perceptae
1755 1582 1855 1677 hujus
1867 1608 1887 1652 a
1898 1609 2034 1654 romana

445 1702 592 1774 Ecclesia
604 1701 781 1792 libertatis,
795 1727 851 1772 sex
869 1727 1025 1772 nummos
1042 1703 1225 1797 quotannis
1234 1703 1451 1772 Lateranensi
1472 1699 1597 1796 palatio
1614 1700 1823 1797 persolvetis.
1844 1704 1879 1772 Si
1898 1729 1964 1799 qua
1976 1705 2036 1798 igi·

449 1839 505 1894 tur
530 1823 565 1892 in
588 1823 741 1894 futurum
758 1809 978 1894 ecclesiastica
996 1821 1194 1894 secularisve
1210 1847 1357 1918 persona
1371 1823 1459 1892 hanc
1476 1837 1600 1892 nostrae
1615 1824 1865 1893 constitutionis
1880 1826 2036 1920 paginam

447 1943 574 2031 sciens,
598 1956 717 2012 contra
742 1968 815 2012 eam
838 1957 963 2012 temere
980 1943 1095 2012 venire
1113 1941 1309 2030 tentaverit,
1330 1941 1478 2014 secundo
1494 1942 1662 2036 tertioque
1678 1943 1903 2032 commonita,
1920 1944 1949 2013 si
1968 1969 2035 2014 non

446 2062 673 2138 satisfactione
696 2087 844 2158 congrua
866 2061 1112 2151 emendaverit,
1138 2062 1313 2157 potestatis
1337 2061 1545 2157 honorisque
1569 2063 1620 2132 sui
1643 2063 1806 2158 dignitate
1822 2079 1954 2153 careat,
1974 2082 2036 2136 eta

446 2183 668 2254 sacratissimo
685 2207 828 2276 corpore
839 2206 879 2252 ac
890 2182 1052 2276 sanguine
1069 2181 1135 2250 Dei
1145 2195 1179 2250 et
1190 2181 1331 2262 Domini
1345 2175 1569 2276 redemptoris
1581 2184 1688 2252 nostri
1701 2184 1779 2251 lesu
1792 2182 1919 2252 Christi
1931 2182 2036 2254 aliena

447 2302 521 2391 fiat,
536 2317 636 2396 atque
649 2302 684 2370 in
695 2315 845 2371 extremo
859 2301 1012 2372 examine
1024 2299 1186 2385 districta
1197 2298 1319 2369 ultioni
1337 2299 1518 2395 subjaceat.
1534 2303 1778 2372 Conscrvantes
1789 2315 1916 2393 autem,
1934 2303 2036 2372 inter-

448 2423 662 2492 venientibus
687 2420 863 2492 beatorum
881 2419 1113 2516 apostolorum
1133 2421 1226 2490 Petri
1251 2435 1286 2490 et
1303 2419 1400 2492 Pauli
1422 2423 1568 2512 meritis,
1595 2423 1736 2517 gratiam
1763 2424 1904 2492 Domini
1932 2425 2036 2493 nostri

448 2546 527 2614 Jesu
539 2543 665 2612 Christi
678 2557 711 2612 et
720 2557 854 2612 aeternae
863 2539 1029 2612 felicitatis
1041 2541 1180 2639 praemia
1191 2557 1453 2637 consequantur.
1470 2546 1592 2613 Amen.
1607 2545 1680 2639 Ego
1691 2546 1910 2615 Innocentius
1921 2547 2036 2616 catho-

448 2661 521 2735 licae
542 2662 698 2734 Ecclesiae
716 2663 905 2758 episcopus.
926 2665 1053 2732 Datum
1076 2661 1319 2752 Autissiodori,
1337 2689 1399 2758 per
1414 2688 1551 2732 manum
1570 2661 1730 2734 Aldierici
1748 2680 1873 2734 sanctae
1890 2691 2036 2736 romanae

438 2782 605 2856 Ecclesia
624 2783 759 2854 diaconi
776 2781 955 2853 cardinalis
976 2797 1010 2853 et
1029 2780 1239 2870 cancellarii,
1264 2807 1302 2852 ιν
1325 2782 1389 2854 cal.
1416 2782 1616 2874 decembris,
1638 2783 1711 2853 ind.
1734 2809 1770 2874 x,
1796 2785 2036 2858 incarnationis

448 2905 637 2975 Dominicae
650 2927 741 2974 anno
758 2926 910 2993 sacram,
930 2901 1147 2998 pontificatus
1158 2927 1239 2972 vero
1256 2902 1387 2974 domini
1403 2904 1594 2975 innocentii
1613 2929 1709 3000 papae
1725 2906 1772 2994 ΙΙ,
1787 2931 1877 2976 anno
1895 2932 1938 2978 11.

1220 3117 1268 3187 ll.

498 3294 717 3364 Innocentius
735 3292 925 3387 episcopus,
945 3317 1060 3364 servus
1072 3317 1248 3364 servorum
1269 3293 1348 3383 Dei,
1368 3293 1497 3364 dilectis
1518 3293 1554 3363 iu
1573 3294 1709 3364 Christo
1730 3292 1862 3366 filiabus
1879 3295 2036 3366 Heloissae

448 3412 637 3502 abbatissae,
652 3413 845 3507 caeterisque
859 3412 1033 3483 sororibus
1045 3413 1081 3480 in
1093 3413 1245 3482 oratorio
1262 3427 1383 3483 sanctae
1399 3413 1587 3503 Trinitatis,
1605 3413 1696 3508 quod
1709 3415 1744 3483 in
1763 3437 1850 3509 pago
1866 3417 2033 3504 Trecensi,

448 3533 486 3600 in
500 3533 662 3627 parochia
682 3531 840 3620 Quinceii
861 3555 961 3625 supra
978 3529 1120 3600 fluvium
1138 3531 1356 3601 Arduconem
1372 3533 1473 3602 situm
1490 3548 1558 3622 est,
1577 3531 1695 3602 divino
1714 3531 1889 3604 famulatui
1906 3535 2036 3604 manci-

449 3650 536 3747 patis
552 3665 622 3719 tam
635 3649 855 3745 praesentibus
865 3673 967 3743 quam
981 3648 1103 3719 suturis
1113 3650 1149 3719 in
1159 3665 1373 3746 perpetuum.
1388 3652 1556 3740 Quotiens
1573 3649 1670 3742 illud,
1685 3666 1749 3722 etc.
1773 3649 1839 3750 [Ut
1851 3655 1889 3722 in
1901 3677 2036 3748 praeoe-

449 3768 550 3840 denti
573 3767 661 3868 lua]
678 3771 731 3841 Ad
757 3770 828 3840 haee
850 3769 1044 3865 adjicientes
1067 3772 1262 3863 statuimus,
1283 3799 1327 3843 nc
1349 3788 1490 3869 propter
1507 3772 1778 3844 benedictionem
1804 3789 1838 3844 et
1865 3798 2036 3846 consecra·

449 3892 577 3960 tionem
594 3889 846 3986 percipiendam
860 3889 903 3959 de
919 3891 1125 3962 monasterio
1141 3893 1233 3962 exire
1249 3894 1429 3988 cogamini.
1442 3896 1513 3965 Nec
1525 3918 1589 3990 pro
1601 3893 1764 3972 electione
1779 3893 1966 3985 abbatissa,
1982 3909 2037 3964 aut

449 4010 515 4082 alia
531 4009 681 4106 qualibet
703 4013 877 4082 occasione
898 4013 1093 4107 episcopus,
1113 4012 1166 4084 vel
1185 4012 1251 4084 alia
1269 4012 1421 4108 qualibet
1437 4038 1600 4109 persona,
1616 4013 1725 4085 ullum
1742 4015 1839 4085 vobis
1860 4038 2037 4110 gravamen

448 4129 501 4201 vel
530 4130 717 4202 molestiam
743 4130 869 4201 inferre
899 4149 1091 4225 praesumat.
1122 4131 1215 4204 Nulli
1248 4159 1330 4229 ergo
1358 4135 1521 4225 omnino,
1553 4149 1618 4206 etc.
1652 4135 1706 4212 ad
1730 4135 1898 4228 judicium
1926 4150 2037 4205 autern

449 4264 615 4345 perceptae
631 4249 730 4344 hujus
744 4274 763 4319 a
779 4274 919 4320 romana
934 4249 1082 4321 Ecclesia
1096 4249 1260 4323 libertatis
1275 4277 1382 4322 unum
1395 4250 1534 4323 obolum
1552 4277 1692 4324 aureum
1706 4253 1888 4348 quotannis
1903 4255 2037 4322 Latera·

449 4371 545 4442 neusi
571 4369 696 4467 palatio
720 4369 928 4467 persolvetis.
959 4373 994 4441 Si
1016 4397 1083 4466 qua
1113 4373 1236 4469 igitur,
1268 4389 1334 4444 etc.
1365 4375 1453 4444 Data
1486 4373 1592 4463 Lisis,
1614 4399 1685 4469 ‚per
1712 4398 1852 4443 manum
1880 4371 2037 4444 Almerici

449 4508 571 4563 sanctae
593 4517 741 4562 romanae
763 4491 919 4564 Ecclesiae
944 4491 1078 4602 diaconi
1102 4493 1281 4566 cardinalis
1301 4511 1335 4565 et
1358 4493 1568 4586 cancellarii,
1592 4521 1641 4566 xv
1658 4493 1722 4566 cal.
1737 4493 1835 4590 julii,
1859 4494 1930 4565 iud.
1954 4519 2034 4582 1111,

450 4613 690 4684 incarnationis
714 4612 903 4684 Dominicae
925 4639 1016 4684 anno
1039 4637 1225 4708 mcxxxvr,
1249 4617 1466 4714 pontificatus
1489 4616 1620 4690 domini
1647 4618 1839 4689 innocentii
1862 4641 1960 4714 papae
1983 4619 2033 4704 ll,

451 4761 540 4806 anno
558 4760 609 4805 vr.

1215 4894 1279 4962 III.

496 5063 715 5132 Innocentius
729 5063 926 5160 episcopus,
949 5091 1066 5138 sersus
1084 5089 1258 5138 servorum
1274 5067 1358 5157 Dei,
1376 5064 1507 5138 dilectis
1522 5066 1558 5136 in
1574 5066 1712 5137 Christo
1729 5063 1862 5135 filiabus
1877 5059 2036 5134 Heloissae

449 5180 624 5256 abbatissa
645 5197 678 5254 et
703 5184 1013 5258 sanctimonialibus
1034 5185 1267 5259 Paraclitensis
1283 5188 1431 5259 coenobii
1452 5185 1644 5260 salutemet
1661 5183 1880 5283 apostolicam
1899 5179 2036 5252 benedi·
