4496 6102
663 736 707 810 lN
731 736 1064 810 ClRCUMClSlONE
1089 737 1245 818 DOMlNl
1271 738 1433 811 stulto.
1767 738 1838 808 373

261 900 404 973 uquere
428 876 475 947 ad
501 883 655 968 Aaron¹,
676 906 694 946 n
722 895 757 952 et
776 878 899 950 alibi':
925 909 942 947 u
961 878 1013 950 sd
1043 878 1134 950 filios
1161 885 1298 971 Aaron,
1316 910 1334 948 »
1351 895 1384 952 et
1403 879 1526 952 alibi³z
1553 905 1572 945 u
1585 877 1636 948 Ad
1659 879 1800 972 levitas,
1820 911 1838 950 n

257 1012 393 1070 certum
417 1011 563 1072 estnon
585 999 767 1097 subjacere
793 993 949 1096 reliquos
971 999 1026 1071 his
1049 999 1185 1097 legibus
1202 1003 1314 1072 'etiam
1341 1027 1419 1098 quae
1446 999 1526 1070 frliis
1545 998 1736 1095 jubentur,
1775 1029 1841 1075 nec

258 1117 460 1214 alienigenae
472 1121 643 1191 memoria
658 1119 727 1191 ulla
749 1120 793 1190 sit
803 1122 824 1188 ⁶.
852 1122 931 1189 Non
952 1133 1004 1190 est
1021 1118 1220 1216 putandum
1239 1144 1432 1219 commune
1446 1143 1521 1191 esse
1533 1117 1761 1212 mandatum,
1779 1121 1841 1192 ubi

257 1237 670 1352 appellationisbabetur
682 1239 854 1337 exceptio.
881 1237 1042 1335 sicergo
1066 1263 1140 1309 nou
1159 1239 1247 1310 alius
1267 1239 1545 1310 circumcisionis
1569 1237 1646 1338 lege
1668 1242 1841 1312 constrin·
1906 1325 1910 1332 Ι

257 1357 368 1451 gitur,
403 1357 538 1428 nisiex
568 1357 745 1428 Abraham
764 1357 937 1452 originem
962 1356 1124 1447 trahens,
1147 1356 1203 1428 vel
1225 1357 1437 1429 vernaculus
1460 1355 1605 1448 eorum,
1637 1358 1694 1430 vel
1726 1361 1841 1456 pretio

258 1491 410 1574 emptus.
424 1477 611 1548 Visautem
625 1476 759 1566 videre,
776 1477 860 1574 quia
873 1476 985 1548 sicubi
997 1477 1072 1546 vult
1086 1479 1192 1548 etiam
1207 1478 1421 1576 alienigenas
1434 1477 1510 1573 lege
1524 1481 1704 1570 connecti,
1714 1477 1842 1576 signifi·

254 1613 377 1670 canter
395 1596 629 1668 ostendatur?
649 1597 738 1669 Audi
759 1597 847 1695 quid
867 1599 1037 1696 scriptum
1052 1597 1136 1666 sit⁵:
1161 1627 1178 1664 u
1194 1603 1312 1671 Homo
1327 1625 1368 1670 ex
1384 1599 1464 1670 filiis
1483 1599 1589 1670 lsrael
1610 1614 1645 1672 et
1672 1601 1838 1692 adveuiS,

259 1747 276 1785 u
295 1717 499 1814 quicunque
522 1715 789 1788 manducaverit
807 1740 952 1788 omnem
971 1715 1197 1811 sanguinem,
1219 1717 1375 1788 animam
1390 1718 1485 1789 illam
1500 1716 1704 1815 disperdam
1726 1749 1733 1790 :
1758 1722 1840 1817 quia

257 1867 275 1905 u
292 1839 409 1908 anima
430 1837 548 1908 omnis
566 1838 682 1908 carnis
701 1838 842 1934 sanguis
860 1836 951 1907 illius
969 1850 1033 1907 est.
1053 1840 1095 1906 Et
1115 1861 1182 1934 ego
1196 1835 1280 1909 dedi
1293 1836 1396 1908 vobis
1410 1851 1449 1908 ut
1464 1863 1506 1908 ex
1517 1839 1596 1936 ipso
1611 1865 1718 1938 super
1732 1841 1839 1912 altare

254 1988 273 2024 a
291 1959 543 2058 propitiaretur
557 1983 624 2056 pro
640 1957 827 2030 animabus
848 1959 988 2047 restria,
1007 1958 1092 2055 quia
1109 1959 1250 2055 sanguis
1273 1982 1340 2055 pro
1364 1959 1482 2030 anima
1504 1958 1670 2057 expiabit.
1691 1989 1708 2026 »
1735 1962 1841 2032 Vides

252 2105 338 2177 ergo
358 2080 452 2152 hanc
470 2080 601 2177 legem,
623 2105 701 2177 quae
724 2080 870 2152 advenis
894 2079 977 2151 data
1001 2094 1073 2169 est,
1094 2078 1275 2152 observari
1295 2094 1330 2150 et
1350 2105 1371 2150 a
1392 2079 1515 2170 nobis,
1537 2082 1598 2176 qui
1618 2107 1659 2151 ex
1679 2082 1841 2178 gentihus

252 2177 462 2270 credimus?
480 2204 573 2297 Ergo
587 2198 702 2297 legem
715 2199 761 2271 de
775 2199 1023 2271 observatione
1039 2199 1218 2295 sanguinis
1236 2222 1466 2271 communem
1487 2223 1569 2270 cum
1586 2198 1665 2270 filiis
1682 2200 1786 2290 lsrael
1808 2217 1842 2272 et

251 2319 412 2416 gentium
424 2322 578 2420 suscepit
588 2320 756 2393 Ecclesia.
771 2321 852 2392 Haec
863 2344 1019 2418 namque
1030 2321 1079 2392 ita
1091 2319 1288 2417 intelligens
1298 2321 1336 2390 in
1350 2319 1426 2417 lege
1437 2320 1578 2417 scripta,
1596 2334 1682 2391 tunc
1695 2320 1840 2392 beatum

250 2435 340 2508 illud
359 2439 605 2539 apostolorum
622 2438 815 2512 concilium
829 2437 1060 2528 decernebat,
1083 2437 1226 2512 decreta
1245 2438 1408 2536 gentibus
1424 2438 1599 2531 scribens,
1625 2455 1663 2511 ut
1687 2437 1839 2511 abstine·

250 2572 333 2628 rent
354 2583 375 2629 a
397 2561 569 2658 sanguine
597 2576 634 2632 et
667 2559 853 2632 suffocato.
883 2564 1016 2632 Verum
1040 2560 1198 2656 requires
1223 2558 1388 2646 fortasse,
1415 2559 1445 2629 si
1467 2559 1574 2630 etiam
1597 2558 1642 2630 de
1667 2557 1840 2629 suffocato

248 2658 453 2751 communis
475 2680 554 2752 filiis
574 2681 680 2752 lsrael
701 2705 784 2751 cum
802 2679 1048 2752 advenis-data
1067 2681 1112 2752 sit
1124 2679 1192 2751 lex.
1220 2679 1338 2750 Audi:
1361 2710 1377 2746 u
1397 2684 1534 2771 Homo,
1555 2707 1572 2746 >r
1594 2679 1739 2776 inquit⁶,
1764 2708 1781 2746 u
1797 2703 1840 2749 er

251 2827 269 2865 u
288 2796 369 2869 filiis
390 2800 515 2890 lsrael,
534 2815 628 2872 etex
647 2799 792 2872 advenis
813 2801 875 2897 qui
895 2815 1037 2891 sunteas
1059 2797 1181 2888 vobis,
1203 2800 1409 2896 quicunque
1430 2815 1579 2871 venatus
1604 2799 1709 2872 fuerit
1728 2799 1838 2870 ieram

247 2946 268 2984 u
287 2933 349 2989 aut
368 2944 472 2991 avem
489 2946 568 3018 quae
586 2920 840 3011 manducatur,
865 2919 1024 2993 effundat
1040 2915 1248 3018 sanguinein
1268 2921 1361 3015 ejus,
1379 2936 1415 2992 et
1428 2919 1610 3019 cooperiat
1625 2935 1736 3010 terra,
1755 2923 1838 3017 quia

245 3065 267 3102 (ι
287 3037 407 3109 anima
421 3041 538 3112 omnis
555 3043 671 3112 carnis
685 3043 827 3138 sanguis
842 3040 933 3112 illius
947 3056 1013 3111 est.
1034 3069 1052 3108 n
1072 3043 1206 3134 Verum
1220 3040 1303 3135 quia
1321 3041 1413 3110 inter
1431 3037 1510 3130 illa,
1531 3062 1610 3135 quae
1626 3037 1673 3108 de
1691 3042 1836 3108 Levitico

242 3157 411 3256 superius
423 3159 653 3257 protulimus,
672 3139 781 3232 etiam
800 3159 871 3232 hoc
888 3160 1056 3231 refertur⁷
1072 3187 1079 3226 :
1107 3189 1124 3224 u
1140 3164 1259 3228 Homo
1276 3136 1319 3230 ex
1332 3156 1411 3228 liliis
1425 3156 1531 3228 lsrael
1545 3156 1601 3228 vel
1616 3156 1762 3227 advenis
1775 3158 1837 3253 qui

242 3305 263 3341 u
284 3291 370 3347 sunt
387 3277 423 3347 in
443 3279 511 3369 eis,
527 3279 731 3376 quicunque
746 3279 865 3350 iecerit
878 3276 1127 3348 holocaustum
1144 3290 1205 3346 aut
1219 3273 1448 3365 sacrificium,
1468 3277 1561 3348 etad
1576 3277 1705 3347 ostium
1720 3276 1837 3348 taher-

239 3424 262 3461 α
283 3395 404 3466 naculi
424 3420 497 3468 non
519 3397 704 3471 adduxerit
717 3395 806 3470 illud
818 3397 933 3469 lacere
944 3397 1122 3485 Domino,
1147 3393 1438 3468 exterminabitur
1453 3395 1498 3465 de
1512 3394 1648 3493 populo
1662 3405 1740 3466 suc.
1759 3424 1777 3462 n
1796 3401 1838 3467 Et

235 3541 312 3613 per
330 3515 402 3597 hoc
420 3516 597 3591 videbitur
614 3519 720 3592 etiam
744 3516 975 3616 degentibus
995 3515 1150 3589 Ecclesia
1171 3514 1387 3587 holocaustis
1405 3511 1561 3585 obnoxia
1581 3513 1669 3585 fieri.
1697 3518 1776 3584 Non
1799 3531 1839 3587 ut
1951 3527 1954 3532 '

234 3632 350 3706 faciat
376 3635 497 3731 jubet,
532 3639 595 3711 sed
614 3641 643 3712 si
662 3638 756 3711 forte
780 3638 919 3727 lecerit,
941 3634 1128 3734 quomodo
1153 3636 1267 3706 facere
1292 3633 1438 3723 debeat,
1466 3633 1583 3705 docet.
1614 3637 1757 3705 Certum
1785 3650 1839 3706 est

231 3757 343 3827 enirn
360 3757 477 3854 quod,
499 3784 611 3857 quum
625 3759 879 3857 Hierosolymis
907 3751 1082 3854 templum
1106 3770 1302 3847 constaret,
1324 3769 1359 3827 et
1383 3754 1505 3852 religio
1527 3755 1653 3828 tradita
1678 3755 1838 3855 patribus

229 3876 395 3972 vigeret,
416 3878 561 3977 plurimi
582 3881 688 3952 etiam
708 3880 865 3977 gentium
884 3875 1076 3948 veniebant
1098 3874 1147 3980 ad,
1162 3875 1338 3972 templum
1355 3875 1505 3947 adorare
1525 3890 1561 3947 et
1580 3875 1708 3948 offerre
1730 3877 1837 3948 sacri-

223 3990 380 4066 ficium.
406 3995 476 4068 Sed
497 3997 568 4070 hoc
590 3999 762 4095 quoniam
784 3997 820 4066 in
844 3994 924 4065 loco
947 4017 1020 4065 uno
1046 3991 1122 4063 lieri
1144 4007 1363 4090 praeceptum
1385 4009 1457 4084 est,
1484 3993 1529 4066 de
1552 4019 1625 4093 quo
1652 3997 1757 4066 etiam
1777 3996 1836 4066 hir

220 4111 407 4204 mandat,
429 4130 468 4186 ut
485 4113 533 4188 ad
550 4117 684 4190 ostium
710 4111 928 4186 tabernaculi
943 4108 1139 4208 jugulanda
1159 4111 1301 4182 victima
1322 4110 1544 4186 deducatur:
1573 4112 1698 4186 tandiu
1715 4117 1834 4212 potuit
1867 4130 1871 4140 '

215 4232 397 4328 legitime
425 4235 524 4330 fieri,
557 4237 716 4335 quandiu
741 4251 851 4308 status
878 4234 948 4334 loci
972 4233 1167 4332 permansit
1187 4231 1387 4305 incolumis.
1416 4236 1579 4332 Denique
1602 4235 1762 4306 Salvator
1787 4235 1833 4306 ad

211 4351 368 4428 decem
384 4357 556 4457 leprosos,
574 4382 665 4455 quos
678 4357 932 4445 mundaverat,
949 4355 1105 4452 iuquit⁸z
1126 4382 1144 4422 u
1158 4359 1227 4443 lte,
1245 4353 1422 4428 ostendite
1438 4379 1503 4427 vos
1519 4354 1781 4446 sacerdotibus,
1800 4374 1835 4428 ot

212 4473 368 4549 offerte
387 4505 454 4577 pro
480 4477 582 4552 vobis
604 4477 757 4563 hostias,
780 4477 871 4549 sicut
889 4475 1056 4574 praecepit
1075 4475 1225 4570 Moyses.
1246 4500 1264 4541 n
1289 4477 1391 4546 Nunc
1407 4500 1492 4547 vero
1511 4472 1766 4572 quid—exigitur
1787 4478 1834 4548 ab

206 4601 407 4691 advenis,
430 4600 714 4696 quod'exlribere
732 4598 878 4698 quidem
905 4622 972 4670 nec
990 4596 1144 4695 propriis
1161 4595 1356 4669 cultoribus
1379 4597 1484 4671 licet?
1502 4625 1520 4664 »
1545 4600 1661 4683 Quam
1684 4599 1832 4696 quidem

203 4723 433 4797 dominicae
450 4721 601 4794 rationis
615 4745 759 4794 causam
776 4721 806 4792 si
824 4718 1025 4817 diligentius
1050 4717 1293 4815 inspiciamus,
1317 4720 1417 4793 facile
1437 4738 1490 4794 est
1512 4722 1559 4795 ad
1573 4747 1719 4797 omnem
1739 4723 1835 4818 obje-

200 4846 400 4915 ctionem
414 4865 482 4912 nos
494 4841 704 4915 satisfacere.

236 5099 245 5124 ¹
268 5098 399 5154 Exod„
415 5111 472 5162 cap.
492 5111 547 5156 rur,
562 5110 585 5144 v.
603 5099 640 5145 rs.
655 5121 682 5130 ·-
695 5091 704 5120 ¹
719 5094 802 5152 Nun„
815 5105 869 5160 cap.
885 5109 922 5152 vr,
935 5109 958 5142 v.
975 5094 1016 5144 23.
1059 5105 1108 5156 tur,
1120 5107 1166 5144 nec
1176 5090 1317 5158 alienigenae
1331 5081 1507 5144 ntemoria'ulla
1521 5092 1556 5144 lit.
1572 5093 1623 5142 Nun
1643 5102 1680 5142 eet
1696 5091 1831 5158 putandum

190 5209 229 5220 -
243 5183 257 5210 ⁸
270 5183 391 5239 Num„
404 5195 461 5248 cap.
477 5196 549 5240 xvru,
564 5196 587 5229 r.
604 5182 643 5230 at.
655 5203 686 5216 -
697 5178 708 5205 ⁴
719 5179 799 5231 Locus
812 5179 910 5230 mutilus
925 5181 961 5232 sic
976 5193 1018 5230 re-
1057 5194 1186 5231 commuue
1196 5179 1221 5229 iu
1230 5179 1266 5230 his
1276 5195 1330 5230 esse
1340 5179 1549 5232 mandatum.....·
1558 5179 1596 5215 -⁸
1606 5178 1691 5236 levit„
1702 5192 1756 5241 cap.
1768 5192 1830 5235 aru,

188 5265 374 5320 stituendus
392 5283 398 5314 r
412 5263 535 5330 «Legibus
546 5281 600 5331 quae
610 5264 648 5315 vel
659 5264 714 5315 liliis
726 5265 818 5325 Aaou,
832 5265 869 5315 vel
880 5265 967 5328 levitis,
979 5263 1017 5316 vel
1058 5281 1081 5315 v.
1095 5261 1299 5327 10.-⁸thid.‚v.
1313 5267 1352 5314 13.
1365 5262 1405 5300 -'
1418 5262 1492 5325 lbid.‚
1503 5279 1527 5314 r.
1541 5265 1563 5313 8.
1573 5291 1593 5300 —
1604 5260 1691 5322 'Luc.‚
1702 5277 1758 5324 cap.
1770 5277 1832 5320 xvu,

186 5353 252 5418 ipse
268 5353 387 5402 Aaron
400 5349 625 5415 promulgataesuut
638 5369 643 5399 ι
656 5350 689 5400 ita
702 5349 840 5416 etiamque
855 5348 910 5400 liliis
923 5347 1018 5414 juben-
1057 5365 1081 5400 r.
1097 5351 1133 5401 ti.
