4486 6100
440 634 511 706 3t8

476 775 539 850 Ipsa
552 777 620 834 fides
633 795 689 834 non
705 780 748 851 vi,
759 778 808 835 sed
820 782 928 837 ratione
938 782 1028 847 renit;

440 863 556 922 Mentiri
567 877 665 923 natura
676 871 776 944 nequit
789 869 946 927 firmissima
960 889 1077 945 semper.

476 955 647 1031 Conjectura
659 960 714 1016 fuit
727 979 811 1036 quam
826 961 906 1018 dedit
918 963 971 1020 iste
982 963 1070 1018 locus.

442 1046 579 1120 Expensas
592 1048 739 1106 moderare
751 1062 813 1107 tuas
826 1061 857 1107 ut
867 1070 911 1108 res
920 1062 968 1108 tun
982 1054 1086 1126 poscit,

476 1135 535 1192 Nec
546 1138 606 1194 fore
619 1139 738 1212 majores
750 1159 834 1216 qnam
849 1151 896 1196 tua
910 1140 987 1196 lucra
1000 1141 1082 1197 seras.

440 1225 547 1281 Damna
559 1229 640 1284 timet
651 1247 768 1304 pauper,
780 1240 972 1304 contemptum
982 1229 1197 1287 nohilishorret.

441 1405 488 1459 Est
503 1408 532 1461 in
543 1410 663 1480 peccatis
673 1410 744 1466 mala
756 1411 909 1467 consolatio
918 1411 1059 1487 quedam,

476 1495 506 1553 si
515 1498 618 1570 majora
630 1501 685 1555 tuis
694 1501 813 1556 crimina
823 1501 964 1575 respicias.

441 1584 499 1641 Scit
511 1587 581 1656 sibi,
597 1585 738 1658 nonaliis‚
754 1592 805 1665 qui
821 1591 986 1646 nescitscita
996 1588 1113 1652 doce1e;

476 1677 623 1752 Tanquam
637 1679 677 1734 nil
688 1679 783 1736 scierit
794 1680 856 1736 talis
868 1678 1015 1736 habendus
1026 1680 1090 1736 erit.

441 1767 537 1836 Quum
549 1769 643 1824 minus
655 1770 773 1844 accipiat
783 1769 869 1840 lucri,
881 1770 943 1844 plus
957 1771 1067 1826 Martha
1078 1769 1201 1840 laborat,

474 1855 516 1911 Ut
526 1858 627 1913 merito
640 1876 719 1914 soror
731 1860 804 1916 banc
815 1871 946 1935 torqueat
956 1859 1071 1916 invidia.

440 1946 581 2002 Fertilitas
589 1947 714 2023 largum,
730 1969 844 2024 parcum
858 1961 885 2008 te
898 1949 1030 2026 agnoscat
1041 1959 1164 2023 egestas,

476 2035 515 2092 Ut
527 2037 575 2093 fiat
588 2037 670 2095 donis
679 2041 768 2114 gratia
777 2041 865 2098 multa
879 2041 945 2097 tuis.

440 2126 468 2182 Si
484 2136 573 2184 taceat
585 2129 701 2200 stultus,
714 2131 824 2206 sapiens
837 2131 1014 2206 reputabitur
1025 2148 1100 2198 esse;

475 2217 522 2272 Nil
534 2219 574 2274 sie
583 2229 615 2275 ut
623 2237 714 2277 sermo
723 2221 842 2295 perdere
855 2221 938 2277 corda
952 2221 1030 2277 solet.

439 2306 519 2364 Falsa
532 2307 647 2382 figurari
661 2323 773 2367 nonest
786 2310 913 2368 mirabile
925 2311 1015 2380 salsis,

475 2398 516 2455 Ut
525 2398 626 2455 salsum
637 2403 731 2457 ornari
741 2401 866 2477 qualibet
880 2413 940 2458 arte
953 2412 1049 2477 queat.
1085 2433 1088 2440 ·

441 2488 505 2544 Non
516 2499 581 2564 eget
594 2502 696 2548 ornatu
710 2511 793 2566 quem
807 2490 1003 2548 nulloconstat
1012 2509 1104 2566 egere.

477 2577 535 2635 Nec
548 2598 647 2637 manus
657 2582 771 2638 artificis
781 2582 858 2636 hunc
869 2581 1002 2637 decorare
1017 2591 1117 2655 potest.

442 2671 506 2739 Quo
524 2687 553 2725 se
566 2669 678 2726 mollius
691 2671 740 2727 hic
754 2671 849 2728 studet
863 2671 1055 2747 unusquisque
1070 2671 1164 2726 fovere

477 2761 524 2815 Ad
537 2779 647 2834 poenam
659 2771 788 2818 tenerum
802 2781 831 2819 se
844 2761 933 2836 magis
945 2763 1004 2836 ipse
1016 2772 1104 2836 parat.

440 2850 583 2924 Corrigias
595 2852 672 2908 corio
685 2852 775 2926 largas
785 2853 853 2914 tacit
864 2871 897 2907 ex
910 2850 1000 2908 alieno

475 2942 532 3012 Qui
545 2960 633 3017 quum
645 2941 796 2999 distribuat
808 2943 944 3017 plurima,
957 2942 1037 3016 plura
1049 2942 1137 3017 rapit:

441 3031 495 3087 Cui
511 3032 582 3089 bene
595 3033 685 3088 fecisti
700 3052 736 3088 ne
749 3033 845 3090 credas
857 3033 987 3089 laudibus
998 3034 1074 3106 ejus:

474 3121 599 3178 Cuilibet
610 3123 664 3177 hoc
673 3123 755 3180 faciet
765 3125 815 3199 qui
827 3124 894 3180 lacit
906 3123 976 3179 illud
985 3123 1022 3178 ei.

440 3211 575 3286 Quisquis
584 3230 614 3268 se
630 3211 736 3279 laudat,
750 3213 869 3268 multum
881 3213 934 3268 sibi
948 3211 1071 3268 detrahit
1081 3213 1155 3284 ipse:

474 3301 581 3356 Laudet
593 3302 726 3372 selectis,
739 3323 788 3358 ore
800 3313 908 3358 tacente
922 3320 981 3356 suo.

438 3393 598 3466 Discipulos
611 3393 720 3465 sapiens
731 3404 775 3447 est
787 3391 874 3467 gloria
888 3410 997 3446 summa
1010 3390 1137 3462 magistri
1150 3415 1155 3443 :

475 3482 560 3536 Istius
572 3481 632 3536 laus
646 3491 688 3537 est
701 3481 776 3537 illius
793 3481 907 3538 utilitas.
954 3496 961 3508 ·

439 3573 541 3629 Notius
553 3583 595 3629 est
605 3592 715 3648 semper
727 3574 826 3630 vitium
838 3575 982 3650 virtusque
996 3575 1118 3648 potentis
1130 3599 1135 3628 :

474 3665 538 3734 Quo
553 3663 642 3738 magis
652 3664 757 3720 eminet
770 3665 833 3733 hie,
849 3673 915 3720 sunt
927 3681 975 3719 sua
986 3673 1052 3719 nota
1065 3664 1164 3737 magis.

439 3753 477 3808 Ut
490 3764 518 3809 te
531 3753 577 3808 alii
588 3751 718 3824 laudent,
734 3754 801 3810 alios
814 3752 954 3809 laudando
966 3753 1082 3809 mereris
1095 3778 1100 3808 :

474 3843 593 3899 Laudari
606 3843 737 3918 cupiens,
752 3846 911 3918 vituperare
921 3862 994 3901 cave.

437 3932 525 3988 Multa
539 3934 598 3988 Deo
609 3933 703 4006 dites,
716 3935 783 4008 quia
794 3934 882 3989 multa
897 3932 1032 4008 possidet,
1047 3933 1145 4002 offert,

472 4023 507 4078 Et
519 4023 594 4078 velut
605 4041 639 4079 ex
653 4023 760 4080 vomitu
770 4024 846 4099 quud
861 4035 987 4098 superest
998 4025 1099 4096 rejicit.

437 4111 523 4167 Multa
534 4112 595 4182 dat,
611 4124 640 4168 et
652 4113 747 4168 damni
757 4113 797 4169 nil
809 4117 894 4170 sentit
905 4115 984 4188 copia
997 4114 1100 4187 multa;

471 4202 593 4258 Censura
607 4221 664 4263 non
674 4203 815 4274 animum,
826 4205 931 4278 cogitat
944 4204 1087 4278 insipiens.
1133 4205 1188 4279 [est
1199 4247 1205 4274 ,

1039 642 1169 714 PETRl
1195 641 1428 714 ABAELARDl

1226 797 1229 810 ¹
1287 780 1476 856 Delinquens,
1490 780 1571 836 donis
1586 789 1705 835 mortem
1715 779 1783 834 emit
1794 779 1853 852 ipse
1866 781 1930 834 suis.

1252 871 1395 940 Scribere,
1410 872 1481 927 scire
1491 868 1587 938 stude,
1602 868 1726 925 simulac
1740 868 1845 924 dictare
1858 867 1964 924 labora:

1289 961 1341 1017 llis
1355 961 1414 1016 sine
1423 969 1561 1016 secretum
1575 957 1668 1014 nullus
1681 958 1785 1014 habere
1797 968 1898 1033 potest.

1253 1051 1364 1125 Scripto
1377 1068 1406 1106 se
1419 1050 1502 1106 faciet
1517 1051 1681 1124 presentem
1696 1047 1815 1124 quilibet
1826 1048 1932 1116 absens,

1287 1143 1378 1199 Nemo
1388 1143 1477 1216 magis
1491 1141 1563 1198 fidus
1575 1141 1692 1198 nuntius
1701 1157 1759 1195 esse
1775 1148 1875 1214 potest.

1251 1230 1429 1300 Dissimulat,
1445 1229 1559 1286 simulat
1571 1230 1681 1304 sapiens
1694 1246 1746 1303 pro
1760 1235 1885 1302 tempore
1899 1226 1992 1294 multa,

1286 1321 1433 1395 Paucaque
1444 1321 1470 1377 vi
1481 1321 1606 1395 peragit,
1623 1318 1744 1392 plurima
1758 1318 1883 1374 consilio.

1252 1412 1286 1466 ln
1296 1412 1403 1466 cunctis
1416 1411 1525 1485 sapiens
1535 1419 1592 1465 tam
1604 1405 1820 1483 temporaquam
1833 1407 1892 1464 loca
1906 1417 2002 1482 prensat.

1251 1591 1421 1648 Persuadere
1435 1591 1541 1647 bonum
1551 1589 1637 1646 stulto
1647 1608 1703 1645 non
1712 1599 1755 1644 est
1764 1589 1822 1644 lere
1834 1587 1980 1663 quiddam:

1291 1683 1372 1744 Solus
1386 1682 1472 1737 habet
1484 1679 1593 1754 sapiens
1608 1678 1722 1734 credere
1736 1677 1863 1733 consilio.

1252 1774 1359 1837 Multus
1367 1773 1489 1842 vicinus,
1500 1787 1578 1825 rarus
1592 1769 1754 1824 circumstat
1768 1767 1881 1822 amicus.

1253 1955 1361 2010 Iratum
1375 1969 1519 2027 nunquam
1529 1966 1677 2026 presumas
1690 1947 1789 2003 cedere
1799 1963 1983 2021 quemquam:

1289 2042 1412 2119 Impedit
1423 2044 1454 2098 in
1468 2041 1576 2098 cunctis
1587 2041 1630 2095 ira
1640 2049 1737 2094 tenere
1750 2035 1876 2093 modum.

1253 2132 1371 2189 Distulit
1380 2132 1515 2206 insipiens
1523 2129 1649 2186 oblatum
1660 2143 1770 2182 sumere
1783 2123 1888 2180 donum
1900 2149 1908 2193 ;

1290 2221 1395 2296 Sepius
1405 2221 1460 2277 hoc
1472 2222 1564 2296 ipsum
1578 2217 1692 2273 nemine
1704 2215 1789 2272 dante
1801 2217 1881 2290 petit.

1254 2312 1320 2368 Post
1333 2311 1429 2386 epulas
1438 2310 1518 2367 t'acile
1531 2309 1636 2382 poteris
1648 2306 1772 2380 seperire
1781 2305 1908 2361 datorem
1921 2330 1926 2358 :

1290 2405 1372 2460 Tuuc
1385 2413 1467 2477 pete,
1484 2402 1506 2456 si
1521 2419 1575 2476 qua
1586 2400 1641 2468 vis,
1655 2416 1744 2473 quum
1756 2397 1838 2454 dator
1849 2409 1891 2454 est
1905 2397 2006 2452 hilaris.

1255 2494 1395 2550 Femineis
1403 2493 1533 2567 lacrymis
1542 2508 1610 2566 quas
1623 2507 1698 2545 mors
1707 2497 1855 2562 extorquet
1865 2488 1948 2544 amici

1289 2583 1353 2638 Non
1366 2581 1494 2638 modicus
1503 2579 1596 2656 pudor
1608 2589 1651 2636 est
1662 2597 1710 2634 ora
1724 2577 1837 2636 madere
1851 2579 1916 2635 riri.

1254 2673 1350 2745 Quum
1360 2671 1432 2728 male
1440 2682 1541 2728 cuncta
1549 2689 1641 2745 geras,
1652 2672 1675 2726 si
1686 2669 1757 2746 quid
1767 2670 1828 2725 volo
1836 2668 1932 2726 dicere
1938 2668 1972 2723 de
1981 2678 2018 2734 te,

1289 2763 1404 2820 Mentiri
1415 2779 1508 2836 cogar,
1524 2762 1554 2816 ni
1567 2761 1637 2818 mala
1650 2759 1707 2816 sola
1718 2759 1828 2836 loquar.

1253 2851 1408 2926 Indignere
1420 2852 1488 2919 tibi,
1499 2869 1588 2927 quum
1602 2861 1631 2908 te
1644 2861 1691 2906 tua
1704 2850 1784 2925 culpa
1796 2851 1936 2926 flagellat,

1289 2944 1353 2999 Non
1367 2943 1408 2999 illi
1420 2944 1470 3019 qui
1484 2943 1533 3000 dat
1545 2943 1659 2999 verbera
1669 2943 1745 3015 justa
1758 2943 1820 2998 tibi.

1254 3034 1333 3106 Quos
1344 3045 1536 3109 paupertatem
1546 3032 1589 3088 vel
1601 3051 1697 3088 rerum
1709 3033 1811 3090 damna
1824 3034 1955 3089 timentes

1288 3129 1421 3186 Converti
1434 3127 1541 3196 rideas,
1557 3146 1593 3183 ne
1607 3127 1659 3183 tibi
1672 3133 1733 3201 sp'es
1745 3129 1783 3184 sit
1795 3129 1825 3182 in
1838 3127 1903 3196 his,

1252 3219 1304 3275 His
1316 3237 1428 3294 quoque
1439 3236 1510 3293 quos
1522 3235 1625 3292 pueros
1637 3219 1723 3274 traxit
1734 3217 1845 3274 devotio
1862 3229 2000 3280 matrum,

1288 3309 1450 3365 Mirandum
1465 3307 1568 3382 siquid
1585 3307 1730 3383 religionis
1745 3309 1829 3365 inest.

1252 3399 1402 3472 Sanguinis
1416 3398 1541 3471 ejusdem
1558 3399 1651 3472 plures
1663 3399 1693 3453 in
1707 3399 1860 3473 relligionis

1286 3488 1450 3556 Conventu,
1464 3487 1522 3543 noli
1532 3489 1691 3544 consociare
1701 3488 1764 3544 tibi.

1252 3577 1285 3632 ln
1296 3576 1399 3652 quibus
1411 3575 1521 3633 offensis
1532 3577 1628 3633 multis
1637 3595 1726 3652 quum
1739 3576 1889 3633 offenderis
1903 3593 2007 3640 unum,

1286 3668 1443 3725 Adversum
1455 3667 1558 3724 multos
1571 3669 1607 3722 sit
1623 3667 1675 3724 tibi
1689 3685 1784 3742 pugna
1797 3666 1898 3741 gravis.

1250 3758 1280 3816 Si
1292 3758 1355 3834 quis
1365 3776 1431 3833 opes
1442 3759 1598 3833 plusquam
1612 3775 1703 3815 mores
1714 3759 1744 3813 in
1757 3757 1878 3830 conjuge
1886 3766 2007 3830 querat,

1285 3849 1315 3905 Si
1329 3849 1516 3905 maechabitur
1525 3849 1596 3917 haec,
1611 3867 1667 3905 non
1678 3847 1849 3904 habetunde
1859 3849 1955 3922 queri.

1250 3937 1340 3994 Multa
1353 3937 1402 3994 dat
1415 3939 1564 4012 insipiens,
1583 3956 1635 3995 nec
1648 3940 1736 4013 gratis
1748 3937 1815 3993 inde
1828 3947 1972 4000 meretur;

1284 4027 1373 4084 Multa
1383 4037 1562 4103 recepturus,
1574 4046 1661 4100 pauca
1670 4027 1749 4083 dabit
1760 4027 1879 4101 sapiens.

1249 4118 1282 4172 In
1292 4117 1391 4173 dandis
1403 4118 1512 4193 sapiens
1525 4128 1583 4172 tam
1597 4129 1727 4195 tempora
1739 4136 1825 4192 quam
1834 4117 1895 4172 loca
1908 4125 2024 4190 pensat;

1283 4211 1444 4264 Mensuram
1458 4208 1538 4281 pensi
1549 4208 1702 4264 nonhabet
1712 4207 1855 4282 insipiens.
1965 4207 1971 4213 ’

435 4292 533 4348 Credit
544 4293 647 4348 habere
659 4293 749 4348 Qum
756 4313 809 4368 pro
816 4313 918 4369 magno
926 4295 1004 4370 quod
1012 4295 1065 4351 sibi
1074 4313 1207 4370 magnum
1248 4295 1362 4369 Ignarat
1373 4296 1509 4351 trutinam
1522 4313 1573 4351 nec
1584 4293 1661 4350 librae
1672 4293 1797 4368 pondera
1810 4294 1887 4349 norit
1899 4317 1905 4345 :

469 4384 532 4438 Non
547 4384 635 4440 vidua
646 4403 764 4458 pensans
773 4384 820 4441 illa
833 4387 942 4440 minuta
952 4385 1019 4440 duo.

434 4475 479 4529 Sic
489 4474 561 4529 male
571 4474 607 4530 de
619 4475 699 4529 venia
711 4473 853 4530 confidens
865 4473 1036 4549 liberiusque

1283 4384 1332 4440 Est
1345 4385 1408 4440 ideo
1418 4385 1499 4440 donis
1512 4386 1602 4460 gratia
1614 4383 1689 4439 nulla
1700 4385 1767 4440 suis.

1248 4475 1287 4532 Vi
1300 4474 1434 4530 Satbanas
1449 4484 1572 4548 pugnat,
1591 4473 1699 4548 patiens
1715 4475 1819 4528 virtute
1831 4473 1943 4527 resistit
1955 4480 2012 4524 ⁴....

465 4675 472 4700 ¹
493 4673 583 4727 Preter
599 4675 649 4726 illa'
660 4675 783 4740 carmina,
800 4674 914 4727 tribuitur
927 4675 999 4728 etism
1021 4675 1148 4729 hbelardo
1162 4692 1207 4729 se-
1246 4676 1371 4728 conditum
1389 4676 1463 4728 luisse
1481 4676 1617 4728 inhonore
1638 4675 1758 4744 lllphonsi
1779 4675 1811 4726 de
1835 4674 1961 4726 Gonlaim
1986 4671 2028 4737 qai

433 4771 509 4822 quens
521 4759 663 4811 distichon:
1246 4761 1334 4812 missus
1359 4761 1391 4813 ad
1412 4777 1482 4829 reges
1499 4761 1607 4813 Francia
1627 4773 1653 4813 et
1671 4761 1780 4828 Angliae,
1802 4777 1876 4828 qaum
1889 4760 1961 4811 inter
1985 4773 2029 4810 eos

1245 4859 1331 4910 pacem
1344 4845 1514 4910 reformasset,
1526 4845 1597 4898 ambo
1608 4847 1717 4898 Francis
1728 4847 1824 4900 scilicet
1839 4845 1974 4912 Philippus
1985 4843 1994 4892 l
2005 4852 2031 4892 et

1243 4929 1336 4996 hnglise
1350 4929 1494 4984 Culllelmus
1508 4929 1595 4996 Rufus,
1609 4947 1654 4982 sna
1664 4930 1700 4982 illi
1711 4931 1833 4984 dederunt
1843 4928 1963 4995 insignia.
1979 4925 2029 4977 Res

1241 5024 1323 5066 autern
1342 5031 1495 5083 nequaquam
1510 5027 1673 5081 constat,nec
1683 5031 1768 5070 tersus
1777 5031 1820 5068 sos
1834 5013 1962 5066 llbelardi
1974 5028 2031 5064 esse

431 5091 518 5144 Calls'oe
533 5093 677 5146 Christianus
693 5107 806 5148 auctores
819 5097 852 5158 (t.
868 5095 927 5160 llll,
938 5112 965 5161 p.
981 5093 1042 5160 595)
1058 5095 1105 5148 hoe
1117 5095 1201 5149 dieunt
1241 5111 1333 5150 certum
1347 5111 1393 5150 est.

550 4888 632 4930 Arbiter
639 4890 674 4930 lslc
683 4890 744 4930 autbo
753 4903 811 4943 regoe
819 4891 927 4943 eonjnrrxit
935 4903 1004 4932 amors

575 4965 600 5002 ttt
612 4969 666 5004 tanat
675 4962 761 5005 illustris
769 4971 852 5004 sumina
860 4964 887 5005 ab
896 4971 984 5018 utroque
993 4963 1063 5008 doctis.
