4588 6106
918 653 1155 722 Ei'lS'lUlsdfi.
1759 649 1828 722 437

249 791 334 880 illis,
351 806 387 864 et
397 813 471 862 non
487 803 652 886 gravetur
667 787 837 879 Ecclesia,
854 793 961 866 uthis
973 817 1053 890 quae
1065 817 1156 863 verae
1173 789 1289 862 viduae
1307 803 1391 861 sunt
1403 786 1564 860 sufficiat.
1580 816 1598 856 u
1610 794 1659 860 Ac
1670 789 1700 860 si
1711 761 1832 890 aperte

249 909 343 982 dicat
358 936 365 979 :
383 909 418 980 Si
437 931 508 1005 qua
525 921 578 979 cst
592 906 716 996 vidua,
733 933 812 1006 quae
830 911 916 984 tales
930 911 1060 982 habeat
1074 908 1309 998 domesticos,
1327 909 1391 1005 qui
1408 909 1441 979 ei
1454 908 1649 1016 necessaria
1668 907 1714 980 de
1727 908 1834 981 facul·

249 1030 378 1102 tatibus
395 1031 468 1102 suis
491 1029 631 1100 valeant
646 1029 863 1123 ministrare3
887 1035 953 1132 ipsi
971 1055 1077 1130 super
1094 1029 1166 1100 hoc
1184 1030 1217 1099 ei
1230 1027 1458 1128 provideant,
1483 1043 1521 1100 ut
1542 1029 1675 1100 caeteris
1699 1045 1834 1101 susten·

251 1149 365 1221 tandis
377 1148 510 1247 publici
529 1163 692 1246 sumptus
709 1149 864 1224 ecclesiae
878 1153 1016 1250 possint
1035 1148 1208 1222 sufficere.
1227 1152 1313 1234 Quae
1326 1147 1472 1246 quidem
1487 1149 1660 1220 sententia
1673 1164 1835 1248 patenter

250 1271 423 1361 ostendit,
439 1271 543 1367 siqui
564 1295 647 1367 erga
666 1269 874 1367 hujusmodi
887 1274 1013 1346 viduas
1029 1297 1110 1344 suas
1128 1270 1297 1343 obstinati
1315 1285 1415 1358 sunt,
1437 1294 1498 1340 eos
1516 1267 1563 1340 ad
1580 1268 1651 1342 hoc
1673 1269 1834 1342 debitum

251 1389 494 1487 exapostolica
505 1391 713 1462 auctoritate
723 1393 1020 1491 constringendos
1032 1415 1122 1464 esse.
1132 1389 1203 1478 Qui
1215 1413 1290 1461 non
1303 1388 1419 1460 solum
1432 1412 1554 1459 earum
1565 1389 1832 1479 necessitudini,

250 1533 374 1580 verum
389 1511 495 1581 etiam
514 1509 708 1608 providens
726 1510 879 1584 honori:
903 1512 1085 1600 «Viduas,
1103 1538 1121 1576 n
1140 1509 1282 1606 inquit¹,
1311 1507 1498 1598 «honora,
1520 1532 1598 1604 qnae
1615 1532 1706 1580 verae
1720 1509 1836 1582 viduae

251 1641 379 1698 sunt.»
412 1627 511 1700 Tales
538 1627 615 1699 illas
643 1628 748 1701 fuisse
784 1632 982 1722 credimus,
1016 1654 1170 1729 quarum
1202 1627 1348 1700 alteram
1377 1629 1452 1726 ipse
1479 1642 1654 1717 matrem,
1690 1626 1836 1702 alteram

251 1750 403 1818 loannes
422 1748 633 1844 evangelista
651 1747 855 1841 dominam,
878 1776 922 1823 ex
942 1765 1069 1824 sanctae
1087 1747 1316 1847 professionis
1336 1748 1531 1820 reverentia
1551 1761 1677 1818 vocat:
1703 1775 1721 1814 «
1740 1748 1838 1818 Salu-

251 1880 340 1954 tate,
358 1895 376 1933 »
402 1867 519 1964 inquit
539 1868 667 1940 Paulus
687 1869 733 1941 ad
760 1873 941 1943 Romanus
960 1869 1149 1958 scribens¹,
1173 1899 1191 1936 u
1209 1868 1338 1940 Rufum
1357 1867 1510 1940 electum
1531 1867 1569 1939 in
1596 1869 1776 1958 Domino,
1805 1885 1840 1940 et

252 2000 400 2058 matrem
415 1986 510 2082 ejus,
530 2002 565 2059 et
585 2012 751 2060 meam.»
771 1994 926 2062 loannes
942 2014 1028 2063 vero
1049 1991 1086 2060 in
1102 1988 1260 2060 secunda
1279 2013 1388 2086 quam
1409 1986 1530 2058 scribit
1542 1986 1730 2086 epistola⁸z
1751 2017 1770 2055 a
1783 1991 1841 2059 Se

252 2107 345 2195 nior,
361 2135 380 2174 u
400 2107 532 2204 inquit,
553 2138 571 2176 o
584 2107 703 2180 eleetae
716 2109 888 2200 dominae,
905 2126 941 2182 et
960 2110 1052 2181 natis
1064 2108 1157 2206 ejus,
1173 2123 1242 2179 etc.
1258 2137 1276 2174 u
1300 2113 1410 2205 Aqua
1425 2107 1533 2178 etiam
1551 2131 1588 2178 se
1611 2107 1708 2204 diligi
1722 2122 1841 2206 postu-

252 2224 327 2297 lans
348 2226 494 2299 inferius
516 2228 701 2324 adjunxit:
724 2233 801 2300 «Et
822 2256 922 2303 nune
941 2255 1031 2328 rogo
1051 2245 1102 2320 te,
1123 2229 1290 2319 domina,
1307 2243 1346 2300 ut
1364 2207 1552 2324 diligamus
1565 2227 1797 2300 alterutrum.
1819 2259 1836 2294 »

250 2347 357 2442 Cujus
380 2371 526 2445 quoque
547 2349 657 2421 fretus
675 2353 883 2422 auctoritate
910 2352 1171 2448 Hieronymus,
1201 2349 1245 2422 ad
1265 2363 1388 2420 vestrae
1411 2349 1640 2446 professionis
1665 2350 1838 2447 virginem

253 2469 483 2542 Eustochium
511 2471 696 2562 scribens,
721 2497 800 2546 eam
829 2474 1007 2573 appellare
1034 2473 1220 2545 dominam
1248 2495 1322 2542 non
1352 2468 1522 2542 erubuit:
1552 2471 1625 2542 imo
1646 2496 1711 2543 cur
1731 2471 1838 2543 etiam

252 2587 430 2690 debuerit,
467 2592 585 2663 statim
618 2595 788 2691 opposuit
821 2593 974 2666 dicens:
1003 2623 1020 2662 u
1037 2597 1114 2665 Hoc
1136 2590 1269 2662 idcirco
1298 2590 1446 2662 domina
1477 2615 1556 2662 mea
1583 2591 1835 2688 Eustochium,

252 2706 435 2780 dominam
454 2711 587 2809 quippe
605 2711 721 2784 debeo
740 2738 869 2786 vocare
887 2738 1057 2812 sponsam
1071 2711 1218 2784 Domini
1234 2711 1376 2799 nostri¹,
1398 2725 1465 2782 etc.
1480 2739 1498 2776 u
1522 2712 1593 2798 Qui
1614 2713 1721 2783 etiam
1739 2728 1838 2811 post·

252 2825 402 2899 modum
429 2831 465 2900 in
487 2830 614 2903 eadem
637 2833 785 2931 epistola
805 2833 912 2929 hujus
937 2834 1050 2905 sancti
1073 2831 1247 2931 propositi
1268 2831 1536 2928 praerogativam
1565 2833 1666 2903 omni
1693 2846 1840 2904 terrenae

252 2945 423 3018 felicitatis
440 2948 558 3046 gloriae
571 2975 819 3050 superponens
827 2955 849 3042 ⁸,
871 2953 943 3024 ait:
964 2981 982 3019 «
998 2951 1089 3024 Nolo
1103 2949 1236 3022 babeas
1252 2949 1448 3020 consortia'
1467 2963 1732 3041 matronarum,
1754 2950 1841 3023 nolo

252 3064 298 3135 ad
317 3065 491 3138 nobilium
511 3068 658 3140 accedas
681 3070 831 3160 domos,
856 3070 942 3142 nolo
962 3071 1166 3168 frequenter
1187 3069 1324 3156 videas,
1352 3067 1452 3165 quod
1477 3084 1712 3141 contemnens
1741 3071 1842 3168 virgo

252 3205 328 3254 esse
342 3183 495 3256 voluisti.
513 3187 550 3258 Si
568 3187 615 3258 ad
628 3189 851 3286 imperatoris
868 3213 1017 3261 uxorem
1035 3189 1257 3261 concurrerit
1274 3186 1423 3259 ambitio
1441 3185 1688 3278 salutantium,
1716 3214 1781 3261 cur
1803 3204 1842 3261 tu

252 3299 335 3372 facis
349 3303 514 3400 injuriam
529 3307 606 3378 viro
621 3307 708 3378 tuo?
728 3307 781 3378 nd
799 3308 956 3380 hominis
974 3307 1164 3405 conjugem
1182 3331 1315 3405 sponsa
1333 3307 1398 3378 Dei
1415 3306 1503 3404 quid
1519 3308 1713 3406 properas?
1738 3309 1842 3382 Disce

252 3423 288 3492 in
301 3421 369 3496 bac
388 3441 487 3523 parte
501 3428 707 3526 superbiam
726 3445 898 3502 sanctam.
919 3432 1014 3502 Scito
1029 3445 1064 3502 te
1078 3455 1153 3502 esse
1168 3428 1235 3500 illis
1253 3427 1451 3500 meliorem.
1473 3456 1490 3494 u
1506 3429 1578 3515 Qui
1594 3430 1761 3502 etiamad
1775 3431 1844 3502 vir·

252 3541 370 3636 ginem
395 3549 472 3616 Deo
497 3546 651 3620 dicatam
676 3548 834 3621 scribens
856 3549 902 3621 de
928 3550 1143 3622 consecratis
1165 3551 1241 3622 Deo
1265 3545 1475 3646 virginibus,
1501 3563 1673 3646 quantam
1695 3550 1732 3620 in
1751 3549 1857 3622 <sodo¹
1971 3539 1976 3551 ’

252 3659 534 3754 beatitudinem⁸,
552 3682 587 3739 et
607 3667 643 3739 in
664 3682 756 3740 terra
775 3667 981 3766 possideant
999 3669 1228 3766 dignitatem,
1245 3669 1455 3740 ita‘exorsus
1466 3668 1548 3738 ait⁹:
1573 3671 1785 3756 «Quantam
1804 3669 1841 3740 in
1962 3717 1977 3742 .

252 3783 452 3857 coelestibus
464 3785 722 3862 beatitudinem
738 3787 917 3886 virginitas
930 3805 1051 3860 sancta
1063 3788 1256 3887 possideat,
1273 3802 1401 3886 praeter·
1413 3789 1674 3887 Scripturamm
1690 3791 1844 3861 testimo·

252 3903 310 3974 uia
333 3905 495 3977 Ecclesiae
515 3907 622 3978 ctiam
640 3907 902 3980 consuetudine
922 3907 1129 3997 edocemur,
1143 3931 1214 4005 qua
1234 3905 1452 4004 addiscimus
1473 3905 1651 4004 peculiare
1672 3906 1739 3978 illis
1764 3907 1843 3980 sub-

252 4023 374 4096 sistere
391 4026 576 4116 meritum,
597 4051 750 4124 quarum
771 4027 936 4126 spiritalis
954 4043 1007 4100 est
1019 4027 1252 4100 consecratio.
1269 4031 1358 4098 Nam
1371 4052 1485 4124 quum
1504 4051 1725 4124 unaquaque
1738 4028 1844 4100 turba

252 4144 474 4216 credentium
492 4149 592 4244 paria
606 4149 724 4244 gratiae
736 4146 833 4219 dona
848 4149 1067 4247 percipiant,
1084 4162 1120 4220 et
1134 4147 1261 4220 iisdem
1273 4172 1399 4220 omnes
1414 4163 1718 4220 sacramentorum
1737 4148 1843 4222 bene-

252 4260 469 4336 dictionibus
486 4265 695 4363 glorientur,
712 4268 785 4340 istae
804 4269 991 4367 proprium
1019 4267 1152 4365 aliquid
1174 4291 1246 4367 prae
1264 4266 1398 4338 caeteris
1416 4265 1571 4356 babent,
1597 4265 1685 4338 dum
1710 4267 1756 4339 de
1781 4268 1841 4339 illo

253 4399 376 4455 sancto
405 4399 442 4456 ct
460 4386 690 4460 immaculato
714 4389 876 4460 Ecclesiae
901 4413 1006 4486 grege
1029 4387 1130 4484 quasi
1154 4388 1348 4459 sanctiores
1376 4386 1610 4484 purioresque
1629 4387 1753 4460 hostiae
1774 4415 1842 4488 pro

252 4505 446 4597 voluntatis
468 4533 539 4582 suae
564 4510 698 4582 meritis
718 4535 740 4582 a
762 4512 893 4609 Spiritu
923 4507 1047 4582 sancto
1068 4509 1259 4607 eliguntur,
1281 4523 1317 4583 et
1334 4533 1398 4607 per
1413 4533 1593 4580 summum
1620 4509 1840 4583 sacerdotem

253 4627 318 4697 Dei
331 4627 531 4700 offeruntur
541 4629 679 4703 altario.
696 4658 714 4697 »
730 4633 858 4703 ltem¹⁰:
877 4660 895 4698 o
911 4629 1072 4702 Possidet
1084 4654 1170 4727 ergo
1182 4629 1363 4728 virginitas
1377 4643 1414 4700 et
1427 4627 1527 4726 qnod
1541 4628 1599 4700 alii
1608 4653 1682 4701 non
1693 4629 1839 4724 habent,

254 4744 340 4818 dum
354 4764 390 4820 et
400 4749 617 4846 peculiarem
630 4750 769 4823 obtinet
780 4750 941 4847 gratiam,
954 4764 990 4820 et
1000 4752 1163 4848 proprio,
1180 4764 1220 4821 ut
1233 4751 1280 4820 ita
1299 4749 1462 4837 dixerim,
1479 4749 1757 4822 consecrationis
1771 4753 1835 4850 pri·

289 5005 297 5034 ⁸
319 5010 421 5062 remon
443 5013 468 5070 l,
485 5028 510 5062 r.
531 5015 556 5063 ³.
570 5011 624 5049 -“
639 5015 720 5073 llum„
743 5028 799 5081 cap.
823 5029 879 5074 xn,
900 5028 925 5064 r.
949 5013 989 5064 ¹8.
1004 5039 1033 5049 -
1068 5013 1140 5064 Amb.
1152 5041 1175 5050 -
1190 5012 1200 5041 '
1216 5016 1293 5076 Οιωηι
1307 5017 1403 5064 beatam
1416 5019 1441 5065 in
1455 5017 1520 5066 eoelr'r
1532 5025 1619 5066 mrtem
1630 5014 1701 5066 nttS.
1710 5013 1765 5054 -'
1781 5017 1829 5080 opp

255 5091 360 5154 'loan.‚
374 5094 411 5155 ll,
422 5109 511 5162 capa,
523 5113 548 5146 r.
563 5097 636 5149 1.-⁴
646 5099 725 5164 Epist.
736 5115 808 5156 xmr.
820 5102 854 5150 ad
865 5100 1033 5157 Eustochium,
1066 5109 1084 5149 t.
1100 5098 1130 5157 V,
1144 5099 1192 5148 col.
1208 5101 1264 5148 ¹08.
1278 5125 1305 5135 —
1319 5097 1342 5126 ¹⁰
1357 5097 1431 5154 lbid..
1444 5097 1493 5150 col.
1506 5099 1563 5149 1⁰9.
1577 5098 1649 5151 rano
1666 5100 1718 5152 buc
1739 5101 1826 5168 epistol

257 5179 318 5242 opp.
335 5189 354 5229 t.
364 5179 407 5243 IV,
417 5181 467 5232 col.
480 5181 827 5234 27.-⁸1tontntmetn.—·
840 5181 915 5242 ibid..
926 5183 974 5234 col.
990 5185 1033 5234 31.
1067 5183 1190 5251 adscripta
1201 5183 1274 5236 luisse
1286 5183 1434 5250 llieronyrno
1448 5183 1556 5236 ridetur.

257 5287 273 5300 -
283 5265 454 5328 tremum,
471 5265 526 5319 boec
542 5270 638 5333 profert
655 5268 728 5320 tnta
747 5295 776 5308 -
792 5268 801 5295 ¹
820 5270 968 5321 Consortium
983 5267 1033 5319 llS.

375 5367 385 5413 1
1685 5359 1722 5416 18
