4590 6106
947 629 1094 704 NOE'AE.
1767 632 1812 704 55

229 769 445 828 consolationem
462 777 556 824 tunes
569 785 720 842 pancorum
732 770 780 842 qni
796 778 1004 833 rememorant,
1015 769 1187 824 Hieremiam
1199 765 1365 840 prophetam
1380 764 1486 820 ibidem
1499 783 1564 820 cum
1577 766 1620 822 sis
1628 764 1759 841 reliquit,
1774 770 1814 825 sic

232 864 312 920 nubis
323 862 354 919 in
367 871 445 918 tants
459 859 618 918 calamitate
635 860 733 934 positis
745 858 817 916 dnos
830 860 1047 932 sapientissimos
1063 861 1150 928 viros,
1167 859 1311 932 prolatam
1325 857 1431 932 scilicet
1448 859 1616 932 magistram
1630 859 1812 928 mannum,

232 973 452 1032 germanumque
459 954 520 1026 ejus
532 955 699 1028 magistrum
715 951 866 1008 hadulfum
879 953 1097 1010 misericorditer
1110 953 1276 1021 inseruerim
1292 953 1341 1026 qui
1357 961 1412 1008 tam
1425 935 1542 1008 ¹clericos
1553 969 1637 1026 qnam
1651 951 1735 1008 laicos
1746 953 1815 1010 dnl-

231 1052 302 1106 citer
315 1047 501 1117 consolantes,
520 1057 550 1103 et
565 1045 684 1104 diversio
694 1047 904 1120 scripturaram
920 1046 1066 1104 sententiis
1083 1045 1252 1115 rdmsntos,
1272 1063 1307 1100 nc
1323 1046 1352 1104 in
1371 1043 1585 1100 tribulationum
1599 1044 1813 1102 diversitatibus

232 1138 623 1198 deficerentsshcstshuotur.
638 1162 651 1190 o

846 1257 917 1312 Nota
931 1256 1060 1324 xxxii,
1077 1273 1139 1331 pag.
1156 1262 1199 1313 ts.

265 1400 513 1472 Archiepiscopnm
525 1416 607 1452 sunm
616 1395 801 1470 Radulphnm
810 1396 960 1454 doersum
971 1417 1014 1454 me
1024 1406 1239 1456 commoverunt.
1245 1427 1281 1444 ·-·
1291 1399 1338 1453 lvo
1347 1398 1536 1467 Carnotensis,
1547 1399 1630 1471 epist,
1639 1417 1697 1468 cxc,
1707 1397 1815 1454 llobsr-

231 1505 275 1550 tns
284 1493 369 1550 abbas
379 1493 415 1548 ad
427 1509 531 1546 annum
549 1492 637 1558 4444,
651 1491 752 1546 Petrus
766 1489 920 1547 Mauricius
933 1491 1015 1548 abbas
1027 1491 1219 1562 cluniacensis,
1232 1492 1282 1547 lib.
1296 1491 1324 1546 11
1338 1493 1454 1560 Mimo,
1468 1510 1528 1564 cap.
1541 1508 1577 1560 v,
1592 1490 1675 1547 etalii
1690 1491 1815 1567 pictique

234 1587 416 1661 hadulphum
428 1585 505 1639 hunc
517 1584 758 1657 archiepiscopum
769 1583 943 1639 rhemensem
956 1584 1105 1659 appellant,
1113 1603 1197 1660 quem
1207 1595 1299 1640 tamen
1309 1586 1444 1658 Sngerins
1452 1585 1480 1640 in
1489 1584 1557 1641 Vita
1566 1584 1697 1642 Lndovici
1705 1587 1815 1653 Grossi,

231 1697 282 1746 nec
294 1696 352 1733 non
363 1677 489 1734 Aimoini
500 1677 691 1743 continuator,
706 1675 755 1730 lib.
770 1676 811 1743 V,
826 1692 887 1750 cap.
900 1694 924 1744 ι,
937 1676 1122 1750 lludulphom
1134 1693 1198 1734 com
1211 1677 1354 1735 Abalardo
1372 1687 1467 1733 nostro
1479 1676 1578 1733 dicunt
1593 1675 1671 1750 [vide
1688 1696 1750 1751 pag.
1767 1683 1814 1746 l8,

232 1741 289 1828 dot.
303 1771 353 1844 43]
361 1793 369 1840 5
384 1769 523 1826 lisiardus
542 1769 572 1825 io
591 1769 658 1826 vm
669 1769 757 1824 sancti
771 1767 881 1826 Amulii
896 1768 1101 1826 suessionensis
1118 1771 1251 1846 episcopi,
1263 1789 1323 1845 cap.
1335 1788 1423 1836 xxxvi,
1437 1780 1466 1826 et
1481 1769 1611 1826 Nimbus
1623 1771 1776 1826 monachus
1786 1773 1815 1826 in

233 1864 299 1924 Vita
310 1863 398 1920 sancti
406 1861 689 1936 Godelridi,episcopi
702 1860 897 1930 ambianensis,
907 1861 956 1918 lib.
965 1861 1019 1930 111,
1030 1881 1089 1936 cap.
1101 1881 1172 1932 xxiv,
1185 1862 1379 1938 Rudolphnm.
1394 1863 1461 1918 Erat
1472 1873 1565 1925 sotem
1579 1873 1658 1918 antea
1674 1862 1818 1918 thesaura·

233 1959 292 2014 rins
307 1955 426 2014 ecclesie
443 1955 606 2024 rhemensis,
619 1963 648 2010 et
662 1952 771 2010 Viridis
785 1954 1050 2030 cognominabatur,
1067 1965 1098 2012 ut
1109 1956 1150 2013 sel
1163 1975 1196 2012 en
1208 1957 1263 2016 hoc
1275 1973 1331 2012 uno
1342 1957 1420 2014 Petri
1432 1955 1625 2012 ctuuiacensn
1638 1955 1745 2010 abbatis
1759 1956 1819 2012 loco

233 2050 303 2108 disci
313 2059 417 2124 potest:
429 2070 443 2100 ι
454 2048 533 2106 Inter
541 2065 632 2123 qnos,
644 2069 657 2098 s
672 2047 765 2122 inquit
775 2045 822 2102 lib.
833 2047 982 2117 IIMiroc.,
992 2068 1051 2123 cap.
1059 2067 1086 2119 v,
1097 2049 1264 2106 «Mattheus
1271 2049 1419 2126 quemdam
1431 2048 1597 2124 probatioris
1606 2050 1666 2106 vite
1678 2049 1820 2116 clericum,

233 2141 387 2198 rhemensis
403 2140 520 2196 ecclesie
536 2151 604 2196 tnnc
618 2139 822 2196 thesaurarium
836 2138 958 2213 eligens,
981 2141 1029 2218 qui
1049 2139 1185 2198 Radnllns
1198 2143 1327 2208 nominc,
1348 2141 1457 2198 Viridis
1470 2143 1638 2216 cognomine
1657 2143 1819 2212 dicebatur,

233 2237 259 2292 ei
273 2253 302 2290 se
314 2231 458 2308 specialius
476 2231 606 2308 religiosa
618 2230 807 2286 familiaritate
819 2231 937 2286 devovit.
951 2231 1061 2290 Dehinc
1075 2245 1154 2310 rapto
1169 2233 1269 2290 eodem
1282 2231 1446 2309 Radnlpho,
1456 2245 1485 2290 et
1496 2235 1525 2290 in
1538 2234 1714 2292 rhemensem
1725 2236 1818 2294 archi-

231 2328 394 2400 episoepum
406 2335 560 2398 assumpto,
574 2341 631 2378 non
642 2322 766 2380 deseruit
780 2342 863 2398 quem
876 2324 1027 2396 elegerat.»
1042 2328 1209 2399 Assumptus
1221 2345 1286 2380 vero
1296 2337 1339 2381 est
1350 2326 1385 2382 ad
1399 2327 1667 2402 archiepiscopatum
1683 2341 1745 2403 post
1758 2329 1819 2386 Ma-

233 2437 339 2476 nassem
353 2419 450 2476 matris
461 2415 653 2474 bartholomei
669 2416 859 2472 laudunensis
869 2415 992 2492 episcopi
1003 2417 1179 2474 avuncrslum.
1189 2417 1233 2473 Sic
1246 2419 1321 2474 enim
1335 2421 1364 2474 in
1378 2421 1501 2476 Historia
1510 2420 1688 2480 laudunensis
1701 2423 1820 2480 ecclesiae

233 2511 410 2588 tegitur-,his
424 2509 515 2566 verbis
530 2528 536 2561 :
552 2532 565 2560 «
578 2509 690 2566 Electus
701 2509 795 2586 itaque
806 2511 924 2584 (nempe
935 2509 1169 2582 Bartholomaeus)
1184 2513 1310 2568 unanimi
1330 2512 1416 2568 totins
1428 2511 1495 2568 cleri
1507 2533 1540 2569 ac
1551 2515 1649 2589 populi
1660 2535 1771 2574 assensu
1786 2520 1821 2574 ad

234 2605 426 2680 pontificatum
446 2597 525 2658 urbis
544 2600 742 2671 laudunensis,
758 2600 874 2658 domino
896 2599 1047 2676 lindolpho
1062 2599 1235 2660 Rhcmornm
1249 2601 1473 2680 archiepiscopo,
1494 2608 1543 2681 qni
1563 2609 1677 2682 prelato
1692 2610 1823 2666 dianasso

234 2699 331 2758 mauis
350 2699 410 2772 ejas
427 2695 563 2752 avuncolo
577 2703 759 2762 successerat,
774 2705 973 2768 presentatur,
991 2695 1069 2752 stab
1086 2713 1119 2750 co
1137 2695 1288 2772 multisque
1305 2698 1366 2753 aliis
1382 2699 1519 2776 episcopis
1536 2711 1662 2776 tempore
1681 2703 1824 2760 Pascbslis

233 2809 308 2866 pupas
320 2799 350 2846 et
360 2788 493 2846 Ludcrici
507 2788 581 2862 regis
595 2787 767 2842 Francorum
780 2786 960 2843 celeberrime
977 2799 1171 2860 consecratus,
1185 2789 1282 2844 ovibus
1299 2788 1429 2846 desolatis
1443 2809 1530 2848 novus
1541 2804 1636 2866 pastor
1654 2797 1821 2854 transmitti-

233 2896 320 2945 snr.o
341 2885 380 2942 Et
401 2882 476 2958 apud
496 2881 652 2938 Robertnsn
671 2879 706 2936 de
730 2882 825 2938 Monte
838 2881 973 2940 breviter:
990 2905 1002 2932 s
1018 2885 1100 2942 Anno
1113 2885 1198 2954 4444,
1213 2886 1243 2940 in
1255 2884 1396 2945 rhemensi
1415 2886 1562 2961 metropoli
1582 2898 1646 2962 post
1667 2891 1820 2946 Manassem

233 2980 373 3035 illustrem
384 2977 494 3045 virum,
508 2974 654 3031 exturbato
666 2971 816 3043 Gervasio,
834 2973 999 3048 hadulphus
1011 2977 1156 3045 successit,
1171 2977 1219 3051 qni
1241 2977 1346 3034 Viridis
1358 2996 1513 3051 cognomen
1525 2979 1635 3036 habuit.
1647 3003 1660 3031 n

842 3140 914 3196 Nota
927 3133 1073 3209 xxxin,
1088 3161 1151 3216 pag.
1166 3143 1209 3199 48.

269 3287 369 3342 Anno
381 3284 495 3342 Gonane
506 3286 678 3357 prenestino
691 3285 836 3356 episcopo,
849 3284 900 3356 qui
912 3291 978 3338 tunc
991 3282 1315 3358 legationesungebolnr
1325 3284 1354 3339 ris
1371 3285 1474 3352 Gallia,
1484 3316 1519 3328 -
1530 3285 1639 3342 Comani
1650 3287 1750 3362 hujus,
1761 3291 1819 3346 sive

234 3380 366 3447 Cononis,
376 3376 516 3434 Paschalis
525 3378 553 3432 II
564 3394 640 3452 pape
652 3376 747 3450 legati,
758 3376 948 3433 meminerunt
957 3375 1089 3432 Nicolans
1097 3378 1251 3434 monachus
1260 3378 1290 3434 in
1299 3377 1366 3438 Vita
1378 3381 1465 3436 sanmi
1474 3379 1623 3438 Godehidi
1632 3383 1755 3458 episcopi
1764 3403 1821 3440 am·

234 3473 382 3539 bianensis,
394 3470 443 3528 lib.
456 3471 509 3539 IV,
515 3489 622 3544 capax,
630 3470 764 3544 sugerius
775 3470 804 3524 in
815 3469 882 3528 Vita
892 3469 1026 3525 Ludos-ici
1038 3471 1148 3540 Grossi,
1161 3470 1303 3527 Robertns
1316 3472 1569 3529 Autissiodorensis
1577 3473 1612 3530 ad
1623 3494 1728 3531 annum
1737 3480 1818 3547 44445,

234 3564 402 3624 Guillelmus
422 3563 694 3631 llialrnesbnriensis,
709 3561 758 3617 lib.
772 3562 787 3617 1
799 3560 834 3617 de
852 3561 948 3620 Fests's
963 3561 1067 3636 poemf
1081 3565 1162 3637 angl.
1176 3575 1205 3619 et
1220 3563 1277 3619 alii.
1295 3565 1452 3640 Extantqne
1469 3567 1555 3624 etiarn
1569 3567 1676 3644 aliquot
1695 3569 1817 3628 Goffridi

235 3657 453 3718 vindocinensis
465 3656 587 3724 abbatis,
601 3655 735 3712 eticonis
747 3657 871 3729 episcopi
880 3657 1053 3712 carnotensis
1064 3657 1187 3730 epistolas
1199 3657 1233 3712 ad
1246 3675 1313 3714 urm
1324 3658 1443 3732 scripte.
1455 3659 1616 3716 Chronicon
1630 3666 1820 3736 urspergensis

235 3753 550 3816 christianismi
558 3748 659 3824 aliquis
671 3747 742 3804 alins
753 3748 863 3806 Cusum
873 3758 1029 3822 nuncupat.
1039 3748 1098 3804 Nec
1110 3749 1225 3806 lorum
1239 3767 1341 3808 nomi
1352 3749 1382 3805 id
1394 3751 1471 3808 alind
1483 3763 1527 3808 est
1536 3773 1552 3808 a
1561 3753 1684 3810 Conradi
1695 3757 1818 3812 nomine.

235 3847 305 3902 llam
318 3847 350 3900 in
360 3843 497 3900 chronico
506 3840 678 3898 uisolimsuusi
686 3842 826 3916 reperitur
835 3841 871 3896 ad
881 3859 987 3898 annum
1000 3843 1088 3898 llll:
1103 3864 1116 3892 a
1128 3843 1217 3910 Cono,
1226 3843 1314 3916 quiet
1325 3843 1485 3914 Conradus,
1499 3845 1652 3919 imperator
1664 3846 1821 3904 Roma...»

235 3941 315 3996 Com
325 3947 420 3995 sutem
434 3936 483 3992 hic
495 3936 643 4008 episcopm
654 3934 837 4007 prenestinus
852 3933 896 3990 bis
914 3933 944 3988 in
954 3931 1046 3988 Gallis
1059 3931 1135 3990 sedis
1148 3933 1305 4016 apostolica
1316 3933 1456 4010 legatione
1467 3937 1581 3997 iunctos
1597 3949 1655 3996 snt:
1670 3941 1754 3996 senet
1768 3941 1822 3998 sub

236 4029 379 4099 Pssebeli,
392 4045 466 4086 anno
480 4031 567 4098 llll,
580 4043 637 4102 qun
652 4027 705 4082 tria
723 4026 839 4085 concilia
851 4025 1002 4086 celebrauit
1014 4026 1138 4096 Belvaci,
1152 4025 1286 4097 Rbemis,
1300 4039 1329 4086 et
1341 4030 1496 4088 Catalauni.
1515 4032 1562 4088 Sic
1580 4035 1657 4088 errius
1669 4035 1753 4091 dccet
1770 4053 1820 4091 nos

235 4136 317 4182 vetus
327 4123 481 4180 chunonis
492 4122 587 4180 &neti
597 4121 673 4180 rem
683 4121 750 4180 Viri
757 4121 923 4178 &nonensis
935 4145 941 4175 :
954 4143 968 4172 ι
976 4123 1059 4178 Anno
1067 4125 1097 4178 44
1104 4125 1147 4191 lb,
1161 4144 1173 4172 s
1184 4121 1287 4196 inquit,
1300 4123 1424 4180 «sactum
1431 4136 1473 4182 est
1485 4127 1636 4182 concilium
1646 4127 1778 4197 Rbemis,
1789 4147 1825 4206 νς

235 4221 289 4276 cal.
301 4217 384 4293 april
398 4218 470 4274 item
484 4215 561 4272 aliud
575 4215 667 4272 luerat
680 4213 851 4270 celebratum
865 4212 942 4288 spud
950 4213 1097 4272 belvacum
1109 4235 1124 4270 a
1137 4215 1253 4274 Cenum
1265 4219 1433 4290 prenestino
1445 4220 1585 4294 episcopo,
1599 4239 1718 4277 romane
1732 4223 1819 4280 escle-

234 4312 281 4367 sias
299 4309 401 4384 legato.
416 4309 526 4366 llnrsus
539 4309 571 4364 in
588 4306 688 4364 eodem
701 4323 774 4362 auno
786 4304 863 4361 aliud
878 4305 953 4380 apud
972 4291 1171 4376 ¹(bitalaunnm,
1187 4305 1255 4364 vid.
1270 4308 1352 4382 april.
1366 4331 1380 4360 s
1391 4310 1536 4382 Secundo,
1554 4313 1606 4368 sub
1618 4331 1723 4368 annum
1736 4318 1818 4383 4424,

234 4403 345 4462 Calixtc
359 4403 388 4458 ΙΙ
402 4401 549 4476 pontifice,
571 4401 644 4458 sicut
661 4418 695 4456 es
709 4409 846 4474 prerepto
862 4400 992 4456 ludovici
1005 4399 1128 4456 Senioris
1142 4400 1216 4476 regis
1226 4401 1262 4456 dc
1274 4401 1388 4458 ecclesia
1400 4401 1527 4478 Gergiaci
1539 4414 1568 4460 et
1579 4405 1663 4459 rebus
1676 4407 1821 4478 pertinen-

236 4497 311 4552 tibus
323 4495 360 4552 ad
371 4515 434 4552 cans
447 4505 539 4569 patet,
556 4493 603 4548 bis
614 4492 704 4548 verbis
719 4515 726 4546 ι
742 4513 756 4543 r
769 4492 982 4548 Communicato
1001 4511 1065 4548 cum
1078 4492 1208 4566 palatinis
1221 4495 1323 4550 nonnis
1336 4493 1468 4564 consilio,
1484 4494 1520 4550 ad
1532 4495 1619 4568 ipsam
1633 4496 1820 4552 sanctissimo-

235 4609 300 4647 rnns
328 4600 485 4661 martyrum
502 4585 629 4658 [scilicet
645 4585 771 4660 Dionysii
792 4594 821 4642 et
839 4585 979 4642 meorum
997 4591 1007 4657 4
1026 4585 1167 4642 basilicam
1190 4605 1256 4647 cum
1273 4587 1392 4662 conjuge
1419 4599 1513 4647 nostra
1538 4587 1768 4658 acceleravimus,
1792 4600 1823 4644 et
1898 4633 1902 4640 .

235 4695 371 4758 prunis
381 4679 533 4736 venerabili
545 4679 676 4754 episcopo
687 4677 801 4734 donnino
814 4677 929 4734 Conone
942 4689 1040 4734 sancte
1059 4678 1132 4734 sedis
1151 4679 1305 4756 apostolice
1316 4680 1421 4754 legato,
1439 4681 1573 4755 qnoniam
1586 4679 1651 4754 jure
1663 4691 1692 4736 et
1707 4699 1822 4738 consue·

236 4777 337 4834 tudine
347 4791 448 4849 negans
467 4773 627 4828 francorum
641 4771 861 4845 demigrandum
875 4771 995 4845 insignia
1007 4771 1087 4846 regni
1101 4772 1156 4848 ipsi
1167 4783 1261 4828 sancto
1276 4774 1391 4846 omrtyri
1403 4783 1534 4848 tanquam
1547 4773 1612 4830 duci
1627 4783 1656 4830 et
1668 4775 1821 4848 protectori

236 4870 476 4938 mordeantur,
491 4883 622 4922 coronam
636 4866 723 4940 patris
731 4865 820 4923 nostri
831 4865 857 4920 ei
866 4863 1056 4936 reddidimus,
1069 4882 1121 4940 pro
1130 4865 1265 4922 dilatione
1274 4865 1439 4925 redditionis
1453 4867 1652 4937 musiccitnus,
1662 4877 1757 4924 ettam
1769 4886 1820 4942 pro

235 4964 325 5022 elasa
346 4961 445 5020 animas
467 4970 566 5016 nostre
586 4977 672 5034 qnam
692 4976 744 5034 pro
767 4958 847 5032 regni
869 4958 1130 5028 administratione,
1146 4959 1273 5034 conjugis
1293 4970 1323 5015 et
1344 4960 1430 5034 prolis
1450 4962 1660 5018 conservatione
1676 4959 1822 5020 ecclesiam

235 5057 271 5114 de
287 5057 426 5132 Cesgiaco
442 5055 517 5111 sicut
527 5052 615 5112 ttbese
631 5052 852 5126 possidebamus,
871 5071 937 5108 curn
952 5051 1069 5110 deciens
1082 5064 1111 5110 et
1125 5053 1257 5111 omnibns
1272 5052 1311 5112 ad
1326 5051 1469 5110 ecclesiam
1482 5053 1689 5130 pertinentibus
1702 5053 1823 5112 sudaria

239 5147 425 5218 mitnsndu,
433 5147 501 5221 ipsis
506 5145 611 5204 nuens
618 5145 787 5222 martyribus
799 5144 977 5205 contulimus.
985 5167 1002 5198 o
1009 5144 1047 5201 Et
1056 5145 1147 5202 inira:
1160 5147 1282 5206 «Actum
1293 5143 1485 5220 publicennno
1495 5147 1632 5210 incarnati
1641 5147 1729 5206 Verbi
1739 5151 1823 5218 tiso,

242 5243 322 5318 regni
334 5259 390 5312 sn,
405 5238 556 5298 Adelaudis
570 5249 664 5296 autern
677 5239 778 5312 regine
793 5255 827 5308 v,
842 5239 1013 5298 consedente
1027 5239 1158 5316 Philippo
1175 5239 1233 5298 lilio
1245 5249 1376 5298 nostrtm
1392 5239 1478 5312 Quod
1491 5240 1639 5298 confirmet
1649 5251 1684 5298 et
1691 5241 1823 5316 prelatas
