4486 6100
295 765 323 825 Ο
336 779 458 826 mentem
472 781 613 828 amentem
623 773 746 847 judicis,

213 932 217 942 Ι
295 855 428 915 Ocelum
440 859 570 916 insanum
583 863 737 940 principis,

296 947 324 1004 0
336 958 459 1022 patrem,
473 950 522 1006 sed
534 950 644 1009 hostem
659 956 783 1029 generis,

296 1035 390 1095 Unice
403 1039 480 1114 quod
494 1059 562 1099 nece
575 1041 676 1102 diluit!

279 1235 281 1241 ,
294 1185 415 1244 Hebrum
428 1188 514 1247 dieite
526 1191 665 1266 virgines,

294 1275 417 1352 Insignis
428 1279 545 1354 virginis
557 1301 711 1354 memores,

294 1365 407 1441 Inclytu
417 1369 515 1443 puellae
526 1371 625 1442 Israel,

295 1461 355 1518 Hac
366 1461 445 1521 valde
455 1465 565 1542 virgine
576 1465 697 1524 nobiles!

595 1745 649 1810 IV.

398 1911 526 1952 PLANGW!
546 1913 635 1954 lfflli.
653 1917 728 1956 sum
748 1917 854 1958 sinor.

333 2193 455 2268 Abyssus
466 2214 530 2252 rere
543 2197 630 2254 multa

332 2283 443 2341 Judicia
457 2286 533 2344 Deus
544 2297 610 2357 tua,

333 2371 374 2429 Eo
386 2374 450 2448 plus
461 2375 653 2448 formidando,

333 2461 399 2532 Quo
412 2467 501 2539 magis
512 2476 579 2522 sunt
589 2467 706 2537 occulta,

333 2552 369 2608 Et
382 2572 440 2629 quo
452 2555 516 2628 plus
526 2567 568 2613 est
580 2558 617 2613 ad
629 2557 676 2616 iiia

333 2643 472 2714 Quolibet
482 2646 523 2701 ris
533 2646 654 2704 infirma.

332 2737 469 2797 Virorum
481 2739 665 2800 fortissimum

331 2823 498 2886 Nuntiatum
510 2849 561 2905 per
573 2833 719 2908 angelum,

332 2918 506 2976 Nazarenum
519 2921 670 2996 inclytum,

331 3008 441 3065 Israelis
454 3009 599 3086 clypeum,

330 3098 420 3171 Cujus
431 3118 478 3156 cor
491 3111 525 3156 ut
536 3119 649 3158 saxeum

329 3187 394 3245 Non
407 3189 473 3246 fleat
486 3191 525 3246 sic
537 3191 695 3265 perditum
757 3199 761 3206 '

346 3279 438 3351 Quem
451 3281 575 3354 primum
590 3282 707 3340 ualida·

346 3368 428 3426 Sacra
443 3371 561 3440 oemrie,

346 3455 431 3517 Hunc
443 3460 536 3518 hostes
548 3473 643 3538 postea

347 3549 499 3608 Prirarunt
509 3552 634 3610 iumine.-

345 3697 503 3768 Exhaustus
515 3699 635 3772 viribus,

347 3786 472 3846 Orbatus
484 3790 589 3862 oculis,

345 3880 425 3937 Moiae
439 3881 471 3938 fit
483 3881 609 3950 deditus,

344 3968 460 4027 Athleta
473 3971 585 4030 nobilis.

363 4059 482 4117 Clausus
494 4081 619 4132 carcere,

308 4149 523 4227 Oculorumque
535 4151 643 4208 lumine

291 4241 356 4297 Jum
367 4241 508 4316 privatus,
521 4221 600 4316 quisi
613 4244 732 4317 geminis

250 4329 302 4386 Ad
314 4329 417 4390 molam
429 4331 531 4388 sudans
542 4332 667 4390 tenebris
678 4350 836 4411 oppressus.

365 4421 458 4478 Ludos
470 4423 587 4480 martios

311 4511 380 4570 Pius
390 4530 520 4569 exeruere
533 4514 644 4584 solitos,

382 4601 500 4678 Frangit
511 4615 598 4660 artus.

346 4691 426 4764 Quid
437 4701 485 4764 tu,
499 4693 616 4763 Daiida,

269 4781 353 4852 Quid
364 4780 401 4838 ad
412 4781 471 4838 huc
483 4781 561 4839 elicis
572 4784 681 4858 impia?

268 4865 354 4937 Quid
366 4865 471 4936 iecisti,
485 4885 612 4942 queram
622 4885 755 4940 munera,

267 4955 330 5011 Per
339 4966 418 5012 tanta
429 4955 483 5012 tibi
496 4957 599 5014 scelera
612 4949 756 5034 conduiris
762 4959 775 5012 ἱ*

363 5043 552 5121 uunagmu
773 5033 778 5044 '

262 5263 273 5291 ·
300 5262 361 5329 υς.
376 5260 469 5316 naua.

379 5367 391 5414 1

934 637 1146 714 cunutus.

1126 781 1181 838 Per
1192 781 1276 856 ionga
1290 795 1384 839 manet
1395 791 1521 859 tempora

1196 872 1350 932 Proditori.

1178 963 1238 1020 Hos
1251 964 1357 1020 cibario

1128 1054 1185 1111 Vix
1197 1065 1331 1111 sustentat
1344 1053 1456 1124 edulio,

1108 1146 1306 1202 Jumentorum
1320 1145 1398 1221 quod
1408 1155 1438 1203 et
1449 1145 1537 1203 durus

1129 1235 1218 1292 [abor
1230 1234 1308 1292 hunc
1321 1246 1350 1292 et
1362 1235 1491 1293 insolitus

1109 1326 1203 1384 Sumit
1216 1345 1309 1396 rarus,
1323 1326 1430 1384 crebris
1443 1326 1564 1383 stimulis

1109 1417 1241 1492 spiratur
1252 1427 1281 1472 et
1294 1417 1329 1472 ab
1340 1416 1446 1474 emulis

1195 1506 1237 1562 Ut
1246 1507 1418 1580 jumentum.

1145 1595 1261 1652 Renatis
1269 1597 1330 1670 jam
1342 1597 1463 1666 viribus,

1145 1685 1291 1760 Reparatis
1302 1687 1430 1761 juribus,

1143 1777 1336 1834 Tremnlentis
1348 1776 1494 1846 hostibus,

1145 1867 1234 1923 Caesui
1247 1868 1401 1937 inducitur,

1146 1956 1187 2013 Ut
1199 1967 1290 2014 morte
1302 1956 1448 2014 doloribus

1150 2047 1249 2104 Finem
1262 2058 1349 2122 ponat
1361 2045 1502 2104 omnibus.

1081 2195 1095 2222 '¹
1149 2197 1173 2251 A
1182 2195 1254 2267 jocis
1266 2195 1301 2251 sd
1315 2197 1404 2267 seria,

1131 2285 1234 2341 Fertur
1246 2303 1325 2343 mens
1338 2283 1388 2341 diu
1400 2285 1521 2354 concita,

1130 2377 1203 2432 Tum
1215 2375 1279 2433 luva
1291 2395 1375 2452 quam
1389 2377 1502 2434 dextera

1147 2466 1182 2522 In
1195 2466 1334 2523 columnis
1346 2465 1491 2542 applicita,

1148 2556 1281 2612 Hostium
1292 2566 1321 2614 et
1331 2557 1446 2631 propria

1147 2647 1247 2704 Miscet
1258 2646 1340 2704 dolor
1352 2647 1461 2708 funera.

1166 2738 1194 2795 0
1207 2755 1317 2813 semper
1328 2738 1446 2794 fortium

1165 2827 1288 2884 Ruinam
1302 2829 1464 2896 maximum,

1165 2917 1201 2972 Et
1214 2917 1244 2973 in
1258 2918 1375 2973 exitium

1160 3001 1291 3060 Creatam
1302 3003 1435 3062 feminam
1446 3006 1453 3060 !

1164 3093 1230 3150 Haec
1240 3104 1349 3168 patrem
1360 3095 1500 3160 omnium,

1164 3183 1275 3256 Deiecit
1286 3184 1430 3258 protinus,

1164 3273 1201 3328 Et
1213 3275 1312 3330 mortis
1326 3273 1474 3349 poculum,

1161 3364 1297 3440 Propinas
1311 3365 1451 3424 omnibus.

1182 3453 1272 3512 David
1284 3457 1416 3526 sanctior,

1126 3544 1274 3602 Salomone
1288 3545 1455 3620 prudentior

1179 3637 1252 3708 Quis
1264 3635 1402 3711 putetur?

1161 3728 1221 3784 Aut
1231 3729 1295 3804 quis
1306 3729 1419 3802 ineptus

1144 3817 1234 3890 Magis
1246 3835 1297 3892 per
1310 3817 1384 3875 hanc
1397 3817 1490 3874 fatuus

1198 3905 1372 3980 Reperitur?

1161 3998 1233 4071 Quis
1245 4016 1277 4053 es
1289 3995 1410 4054 sortibus

1125 4088 1204 4144 Sicut
1216 4086 1331 4143 Samson
1345 4087 1514 4143 fortissimus

1197 4177 1373 4233 Enervatur?

1177 4325 1269 4382 Adam
1282 4324 1391 4396 nobile,

1126 4417 1231 4474 Divino
1240 4413 1346 4492 piarma
1357 4413 1488 4482 dexteru,

1198 4507 1263 4562 Mox
1276 4505 1335 4562 huc
1347 4505 1460 4572 stravit3

1162 4595 1256 4670 Quam
1268 4597 1298 4653 in
1311 4595 1458 4672 proprium

1127 4687 1280 4762 Acceperat
1291 4684 1426 4742 auxilium
1437 4727 1445 4754 ‚

1198 4777 1314 4833 Hostem
1327 4776 1423 4834 sensit.

1180 4867 1221 4924 Ex
1232 4879 1301 4926 tuuc
1312 4869 1415 4926 ieminu

1127 4957 1265 5016 Virorum
1275 4958 1331 5016 tela
1342 4958 1464 5016 maxima

1139 5044 1144 5051 ’
1197 5047 1364 5106 Fabricrvit.
