4536 6102
686 583 920 656 EXPOSlTlO
946 581 1182 654 OllATlONlS
1206 581 1448 654 DOMlNlCAE.
1792 581 1862 657 599

274 738 378 796 cante
401 737 558 800 transeat
581 723 786 819 ingloriam
810 722 933 821 patriae
955 721 1120 794 eoelestis.
1140 727 1230 796 Item
1250 721 1449 796 «adveniat
1469 747 1619 819 regnum
1640 738 1762 813 tuum,
1780 753 1798 792 »
1823 740 1862 796 ut

172 839 176 848 ’
272 844 364 918 sicut
380 869 507 942 regnas
523 847 560 918 in
573 844 791 942 justificatis,
813 844 863 916 ita
878 843 950 918 cito
967 868 1094 941 regnes
1109 844 1147 916 in
1161 843 1399 940 justificandis
1415 873 1423 916 ε
1439 859 1475 916 et
1490 845 1582 917 sicut
1598 869 1724 941 regnas
1739 846 1777 916 in
1793 843 1861 918 illis

272 964 335 1059 qui
345 966 422 1059 jam
438 978 523 1038 sunt
537 963 643 1052 boni,
658 963 708 1036 sie
718 962 868 1061 ,expulsa
884 977 1062 1061 potestate
1075 962 1297 1054 daemonum,
1311 987 1438 1060 regnes
1453 977 1489 1035 et
1504 964 1541 1036 in
1559 961 1642 1054 illis,
1660 963 1723 1062 qui
1740 961 1859 1035 adhuc

259 1075 358 1158 'sunt
375 1085 460 1157 mali
477 1114 485 1156 ε
507 1114 525 1156 u
541 1086 715 1168 Adveniet
731 1110 882 1184 regnum
900 1099 1016 1166 tuum.
1034 1113 1053 1154 »
1625 1074 1627 1077 ’

915 1301 1050 1349 ΡΕΤῙΤΙΟ
1075 1302 1210 1348 TERTIA.

322 1473 340 1512 u
361 1446 436 1519 Fiat
452 1445 618 1518 voluntas
641 1459 704 1517 tua
729 1445 821 1518 sieut
845 1445 883 1517 in
906 1445 998 1518 coelo
1019 1457 1056 1517 et
1077 1445 1114 1517 in
1138 1460 1245 1518 terra.
1266 1446 1439 1518 »Scimus
1460 1445 1560 1542 quod
1584 1446 1620 1516 in
1642 1447 1733 1519 coelo
1750 1473 1858 1542 nemo

268 1579 477 1636 sanctorum
492 1562 549 1635 vel
566 1563 778 1660 angelorum
795 1589 816 1636 a
832 1563 1016 1636 voluntate
1032 1565 1101 1636 Dei
1117 1563 1252 1654 deviat,
1267 1589 1376 1636 nemo
1393 1563 1443 1636 illi
1459 1565 1686 1638 contradicit.
1701 1569 1857 1654 Quando

268 1705 353 1779 ergo
371 1681 448 1754 fieri
465 1683 610 1782 poterit,
626 1697 667 1755 ut
683 1708 758 1756 non
777 1682 942 1756 voluntas
962 1685 1028 1758 Dei
1045 1684 1095 1756 ita
1111 1683 1148 1754 in
1166 1697 1261 1755 terra
1276 1683 1367 1756 sicut
1383 1684 1420 1755 in
1437 1683 1529 1756 coelo
1545 1683 1619 1774 fiat,
1638 1700 1678 1759 ut
1693 1685 1858 1762 videlicet

134 1862 138 1868 .
266 1803 304 1874 in
326 1817 421 1879 terra
436 1829 545 1876 nemo
568 1803 625 1876 vel
641 1828 706 1902 per
726 1805 986 1900 ignorantiam,
1010 1803 1067 1876 vel
1092 1829 1157 1903 per
1179 1803 1403 1900 fragilitatem
1425 1803 1622 1876 humanam
1642 1805 1853 1905 delinquat:

250 1910 380 2020 'quum
396 1924 513 1996 infans
531 1925 637 1996 unius
653 1923 725 1995 diei
741 1949 817 1996 non
834 1924 880 1996 sit
894 1925 972 1996 sine
988 1938 1137 2022 peccato
1154 1949 1262 2023 super
1283 1939 1433 2016 terram,
1453 1939 1490 1995 et
1506 1925 1543 1995 in
1561 1924 1682 1998 multis
1697 1927 1855 2004 offenda·

265 2067 346 2116 mus
363 2069 500 2116 omnes.
519 2044 589 2115 Sed
610 2043 798 2118 sciendum
815 2043 936 2142 quod,
960 2072 978 2112 u
990 2044 1100 2134 sicut,
1116 2073 1134 2112 n
1153 2069 1229 2116 non
1254 2041 1308 2116 est
1328 2045 1554 2141 quantitatis,
1571 2045 1635 2116 sed
1651 2033 1852 2143 qualitatis,

265 2177 301 2234 et
316 2163 586 2236 similitudinem
608 2165 784 2254 insinuat,
804 2189 880 2236 non
897 2163 1147 2260 aequalitatem.
1168 2164 1205 2234 Si
1219 2165 1299 2260 quis
1320 2162 1511 2236 aedificaret
1534 2164 1686 2236 domum
1706 2192 1853 2265 parvam

264 2280 464 2352 secundum
484 2281 637 2355 sormam
660 2297 695 2354 et
716 2281 990 2379 dispositionem
1017 2281 1149 2353 domus
1170 2281 1335 2376 majoris,
1358 2305 1434 2352 non
1456 2280 1656 2356 diceremus
1678 2283 1724 2358 de
1744 2311 1854 2386 parva
1961 2321 1963 2326 ¹

265 2401 377 2474 domo
393 2429 400 2472 :
417 2406 528 2477 Tanta
544 2417 598 2474 est
614 2402 681 2474 ista
700 2417 835 2501 quanta
844 2401 905 2474 illa
921 2402 1037 2497 major
1053 2400 1137 2472 :sed
1150 2398 1350 2474 diceremus
1366 2426 1374 2469 ε
1393 2399 1472 2474 talis
1488 2414 1542 2474 est
1558 2403 1624 2475 ista
1640 2405 1756 2500 qualis
1773 2405 1850 2498 illa3

263 2521 342 2594 talis
362 2522 612 2612 similitudine,
627 2537 824 2596 non'tanta
844 2523 1056 2619 quantitate.
1081 2550 1099 2590 u
1119 2522 1195 2594 Fiat
1213 2550 1231 2590 u
1248 2546 1350 2618 ergo,
1371 2548 1395 2593 o
1420 2537 1534 2620 pater,
1564 2552 1581 2591 u
1603 2525 1770 2600 voluntas
1792 2545 1853 2604 tua
1894 2605 1898 2614 ,

263 2644 354 2716 sicut
375 2645 412 2716 in
433 2644 524 2718 coelo
547 2672 565 2710 a
585 2668 650 2742 per
670 2643 833 2740 angelos,
853 2657 889 2714 et
911 2668 976 2740 per
1000 2656 1145 2714 sanctos
1165 2666 1231 2739 per
1257 2643 1412 2739 primam
1432 2643 1562 2715 stolam
1583 2645 1853 2742 jam-glorifica-

263 2779 319 2836 tos
339 2793 348 2836 ε
370 2766 420 2837 ita
442 2795 459 2833 u
475 2766 512 2837 in
536 2779 664 2836 terra»
689 2789 755 2862 per
773 2764 941 2835 homines
955 2762 1205 2859 justificandos
1225 2777 1261 2834 et
1279 2762 1550 2858 glorificandos,
1570 2753 1611 2836 ut'
1628 2767 1719 2838 sieut
1736 2769 1787 2841 illi
1808 2773 1855 2844 fa·

263 2884 362 2956 ciunt
377 2885 601 2956 voluntatem
618 2899 718 2955 tuam
733 2886 770 2958 in
788 2883 893 2973 coelo,
912 2883 962 2954 ita
978 2907 1061 2976 eam,
1075 2883 1207 2956 saciant
1223 2883 1280 2954 isti
1295 2883 1334 2954 in
1351 2897 1459 2971 terra,
1479 2883 1544 2954 etsi
1562 2909 1637 2956 non
1654 2889 1854 2964 secundum

262 3003 513 3101 aequalitatem,
532 3017 651 3077 tamen
669 3001 868 3074 secundum
884 3001 1156 3074 similitudinem
1178 3031 1187 3072 :
1207 3002 1330 3074 sinon
1350 3001 1549 3074 secundum
1571 3003 1715 3076 illorum
1736 3009 1851 3105 perse-

261 3124 433 3214 ctionem,
446 3138 566 3196 tamen
575 3123 775 3196 secundum
785 3122 1014 3220 perfectionis
1025 3121 1168 3194 illorum
1179 3122 1429 3196 imitationem.
1446 3153 1461 3189 u
1475 3123 1552 3194 Fiat
1565 3123 1730 3198 voluntas
1743 3143 1816 3219 tua,
1831 3163 1848 3199 n

261 3269 337 3316 non
354 3244 471 3316 solum
487 3246 525 3316 in
543 3244 742 3343 electisper
760 3243 944 3315 bonorum
963 3267 1115 3342 operum
1134 3242 1412 3332 exhibitionem,
1430 3267 1557 3315 verum
1575 3246 1664 3316 etin
1687 3251 1850 3346 reprobis

260 3387 325 3461 per
346 3362 525 3435 malorum
540 3362 826 3461 dispositionem.
840 3363 1013 3449 Quamvis
1032 3387 1119 3435 vero
1132 3362 1312 3434 malorum
1330 3361 1537 3460 dispositor,
1550 3378 1586 3434 et
1601 3369 1765 3462 quamvis
1781 3372 1848 3442 sub

260 3499 436 3582 potestate
456 3500 518 3556 tua
536 3483 649 3556 multa
668 3499 751 3556 sunt
771 3483 882 3575 mala,
902 3482 1004 3556 nulla
1027 3497 1148 3556 tamen
1169 3482 1341 3579 relinquis
1362 3481 1566 3556 inordinata
1588 3512 1595 3554 :
1620 3500 1655 3556 et
1677 3487 1727 3558 sic
1750 3487 1789 3561 fit
1812 3493 1848 3562 in

261 3605 429 3679 omnibus
450 3604 616 3680 voluntas
632 3619 707 3678 tua.

896 3821 1031 3868 rnrrrro
1055 3820 1207 3880 Quaeri..

312 3967 480 4035 «Panem
505 3977 670 4036 nostrum
695 3961 947 4060 quotidianum
974 3961 1023 4034 da
1048 3959 1152 4032 nobis
1179 3959 1342 4032 hodie.»
1365 3963 1461 4034 Fecit
1484 3962 1848 4042 Deushominemex

258 4083 459 4156 substantia
475 4082 625 4182 duplici,
645 4095 820 4182 corporea
835 4082 969 4154 scilieet
985 4096 1022 4152 et
1039 4080 1226 4180 spirituali.
1245 4081 1339 4167 Quia
1360 4081 1467 4177 igitur
1489 4082 1602 4153 horno
1627 4091 1848 4185 compositus

258 4217 311 4276 est
329 4228 372 4274 ex
389 4203 531 4276 duabus
548 4203 769 4293 substantiis,
786 4202 1004 4276 necessarius
1020 4215 1074 4274 est
1092 4201 1124 4274 ei
1141 4199 1274 4299 duplex
1292 4203 1409 4300 panis,
1424 4202 1621 4300 corporalis
1635 4219 1670 4276 et
1687 4206 1849 4304 spiritua-

257 4320 312 4394 lis.
335 4322 539 4422 Corporalis
564 4322 677 4395 reficit
702 4348 854 4421 corpus,
876 4321 1069 4422 spiritualis
1092 4321 1251 4392 animam
1276 4321 1393 4392 satiat.
1415 4321 1647 4420 Corporalem
1672 4325 1844 4422 petimus,

257 4444 343 4540 quia
364 4445 433 4516 nisi
454 4449 549 4516 Deus
575 4444 697 4516 feeerit
719 4460 852 4516 terram
878 4444 1095 4540 germinare,
1120 4467 1196 4514 non
1221 4442 1353 4541 poterit
1373 4443 1507 4514 fructus
1528 4467 1611 4514 suos
1629 4445 1843 4522 ministrare.

257 4564 484 4661 Spiritualem
500 4589 633 4662 panem
651 4569 765 4636 aDco
781 4563 1024 4663 postulamus,
1046 4564 1132 4660 quia
1146 4587 1215 4634 nec
1231 4563 1350 4661 ipsum
1366 4560 1435 4633 nisi
1449 4562 1525 4660 ipse
1541 4562 1681 4635 dederit
1696 4568 1847 4666 percipi·

256 4709 349 4757 mus.
370 4689 474 4757 Hunc
490 4684 627 4757 habent
640 4683 746 4756 nobis
763 4685 970 4784 dispensare
986 4681 1202 4756 sacerdotes.
1220 4683 1312 4754 Hinc
1324 4681 1401 4779 jam
1417 4683 1586 4779 quaeritur
1601 4683 1695 4756 inter
1707 4684 1846 4786 dispen-

256 4820 405 4895 satores,
419 4822 459 4880 ut
476 4803 590 4880 fidelis
608 4807 688 4905 quis
701 4807 918 4881 inveniatur.
930 4806 1019 4892 Quis
1034 4829 1121 4877 vero
1134 4820 1188 4876 est
1204 4805 1336 4876 nostris
1349 4803 1572 4904 temporibus
1589 4803 1706 4878 fidelis
1722 4833 1845 4883 servus

255 4940 291 4996 et
307 4925 484 5024 prudeus,
502 4952 611 5024 quem
628 4927 814 5001 constituit
833 4926 1010 5000 Dominus
1032 4949 1140 5024 super
1156 4923 1326 4997 familiam
1347 4949 1466 5016 suam,
1492 4940 1533 4996 ut
1553 4925 1616 4997 det
1635 4925 1703 4999 illis
1723 4929 1845 5003 cibum

254 5045 292 5115 in
309 5060 472 5144 tempore
485 5044 637 5117 fideliter·
652 5060 688 5117 et
703 5045 919 5145 prudenter?
935 5044 1100 5117 Fideliter
1116 5058 1293 5142 quantum
1307 5042 1353 5116 ad
1371 5048 1504 5136 Deum,
1525 5059 1565 5116 ut
1580 5044 1746 5118 videlicet
1762 5074 1845 5122 curn

255 5178 354 5238 tanta
377 5163 467 5256 fide,
487 5180 587 5238 tanto
614 5167 761 5258 timore,
779 5181 881 5240 tanta
904 5165 1155 5257 similitudine,
1179 5180 1281 5239 tanta
1304 5166 1493 5255 instantia,
1520 5181 1622 5240 tanta
1644 5167 1843 5264 diligentia,
