<?xml version="1.0" encoding="UTF-8"?>
<!DOCTYPE html PUBLIC "-//W3C//DTD XHTML 1.0 Transitional//EN"
    "http://www.w3.org/TR/xhtml1/DTD/xhtml1-transitional.dtd">
<html xmlns="http://www.w3.org/1999/xhtml" xml:lang="en" lang="en">
 <head>
  <title>
</title>
<meta http-equiv="Content-Type" content="text/html;charset=utf-8" />
  <meta name='ocr-system' content='tesseract 3.04.00' />
  <meta name='ocr-capabilities' content='ocr_page ocr_carea ocr_par ocr_line ocrx_word'/>
</head>
<body>
  <div class='ocr_page' id='page_1' title='image "./petriablardiope01despgoog_0096.png"; bbox 0 0 4522 6102; ppageno 0'>
   <div class='ocr_carea' id='block_1_1' title="bbox 875 527 1849 670">
    <p class='ocr_par' dir='ltr' id='par_1_1' title="bbox 875 527 1849 670">
     <span class='ocr_line' id='line_1_1' title="bbox 875 527 1849 670; baseline 0 -18"><span class='ocrx_word' id='word_1_1' title='bbox 875 581 1109 656; x_wconf 77' lang='lat' dir='ltr'><strong>artsrona.</strong></span> <span class='ocrx_word' id='word_1_2' title='bbox 1527 527 1530 535; x_wconf 38' lang='lat'><strong>¹</strong></span> <span class='ocrx_word' id='word_1_3' title='bbox 1742 587 1781 654; x_wconf 81' lang='lat' dir='ltr'><strong>st</strong></span> <span class='ocrx_word' id='word_1_4' title='bbox 1843 661 1849 670; x_wconf 60' lang='grc'>,</span> 
     </span>
    </p>
   </div>
   <div class='ocr_carea' id='block_1_2' title="bbox 207 699 1794 4628">
    <p class='ocr_par' dir='ltr' id='par_1_2' title="bbox 207 699 1794 4628">
     <span class='ocr_line' id='line_1_2' title="bbox 209 699 1786 821; baseline 0 -29"><span class='ocrx_word' id='word_1_5' title='bbox 209 722 306 821; x_wconf 87' lang='lat' dir='ltr'><strong>apud</strong></span> <span class='ocrx_word' id='word_1_6' title='bbox 323 699 508 792; x_wconf 86' lang='lat' dir='ltr'><strong>bominem</strong></span> <span class='ocrx_word' id='word_1_7' title='bbox 527 733 666 790; x_wconf 88' lang='lat' dir='ltr'><strong>tanturn</strong></span> <span class='ocrx_word' id='word_1_8' title='bbox 684 717 858 810; x_wconf 78' lang='lat' dir='ltr'>obtinuit,</span> <span class='ocrx_word' id='word_1_9' title='bbox 873 721 961 818; x_wconf 85' lang='lat' dir='ltr'><strong>quid</strong></span> <span class='ocrx_word' id='word_1_10' title='bbox 974 721 1071 818; x_wconf 86' lang='lat' dir='ltr'><strong>apud</strong></span> <span class='ocrx_word' id='word_1_11' title='bbox 1089 725 1206 792; x_wconf 90' lang='lat' dir='ltr'><strong>Deum</strong></span> <span class='ocrx_word' id='word_1_12' title='bbox 1221 735 1281 792; x_wconf 89' lang='lat' dir='ltr'><strong>tua</strong></span> <span class='ocrx_word' id='word_1_13' title='bbox 1294 745 1361 819; x_wconf 96' lang='lat' dir='ltr'><strong>pro</strong></span> <span class='ocrx_word' id='word_1_14' title='bbox 1376 744 1435 792; x_wconf 89' lang='lat' dir='ltr'><strong>me</strong></span> <span class='ocrx_word' id='word_1_15' title='bbox 1446 720 1576 792; x_wconf 78' lang='lat' dir='ltr'><strong>audeat</strong></span> <span class='ocrx_word' id='word_1_16' title='bbox 1593 721 1786 794; x_wconf 88' lang='lat' dir='ltr'><strong>instruaris.</strong></span> 
     </span>
     <span class='ocr_line' id='line_1_3' title="bbox 210 837 1791 938; baseline 0.002 -30"><span class='ocrx_word' id='word_1_17' title='bbox 210 839 293 910; x_wconf 91' lang='lat' dir='ltr'><strong>Plus</strong></span> <span class='ocrx_word' id='word_1_18' title='bbox 309 839 442 936; x_wconf 83' lang='lat' dir='ltr'>quippe</span> <span class='ocrx_word' id='word_1_19' title='bbox 455 841 568 924; x_wconf 89' lang='lat' dir='ltr'><strong>Deus,</strong></span> <span class='ocrx_word' id='word_1_20' title='bbox 585 838 646 933; x_wconf 92' lang='lat' dir='ltr'><strong>qui</strong></span> <span class='ocrx_word' id='word_1_21' title='bbox 665 852 765 935; x_wconf 88' lang='lat' dir='ltr'><strong>pater</strong></span> <span class='ocrx_word' id='word_1_22' title='bbox 781 853 834 908; x_wconf 92' lang='lat' dir='ltr'><strong>est</strong></span> <span class='ocrx_word' id='word_1_23' title='bbox 846 853 988 926; x_wconf 88' lang='lat' dir='ltr'><strong>noster,</strong></span> <span class='ocrx_word' id='word_1_24' title='bbox 1010 837 1103 910; x_wconf 78' lang='lat' dir='ltr'><strong>filios</strong></span> <span class='ocrx_word' id='word_1_25' title='bbox 1115 837 1227 933; x_wconf 81' lang='lat' dir='ltr'><strong>diligit</strong></span> <span class='ocrx_word' id='word_1_26' title='bbox 1243 891 1252 926; x_wconf 90' lang='lat'><strong>,</strong></span> <span class='ocrx_word' id='word_1_27' title='bbox 1269 862 1377 935; x_wconf 90' lang='lat' dir='ltr'><strong>quam</strong></span> <span class='ocrx_word' id='word_1_28' title='bbox 1395 839 1510 909; x_wconf 90' lang='lat' dir='ltr'><strong>David</strong></span> <span class='ocrx_word' id='word_1_29' title='bbox 1528 838 1696 911; x_wconf 87' lang='lat' dir='ltr'><strong>feminam</strong></span> <span class='ocrx_word' id='word_1_30' title='bbox 1709 867 1791 938; x_wconf 90' lang='lat' dir='ltr'><strong>sup-</strong></span> 
     </span>
     <span class='ocr_line' id='line_1_4' title="bbox 210 954 1791 1056; baseline -0.001 -25"><span class='ocrx_word' id='word_1_31' title='bbox 210 958 411 1056; x_wconf 88' lang='lat' dir='ltr'><strong>plicantem.</strong></span> <span class='ocrx_word' id='word_1_32' title='bbox 436 960 478 1026; x_wconf 84' lang='lat' dir='ltr'><strong>Et</strong></span> <span class='ocrx_word' id='word_1_33' title='bbox 492 954 550 1028; x_wconf 89' lang='lat' dir='ltr'><strong>ille</strong></span> <span class='ocrx_word' id='word_1_34' title='bbox 566 955 713 1052; x_wconf 89' lang='lat' dir='ltr'><strong>quidem</strong></span> <span class='ocrx_word' id='word_1_35' title='bbox 727 957 807 1052; x_wconf 91' lang='lat' dir='ltr'><strong>pius</strong></span> <span class='ocrx_word' id='word_1_36' title='bbox 826 971 861 1028; x_wconf 92' lang='lat' dir='ltr'><strong>et</strong></span> <span class='ocrx_word' id='word_1_37' title='bbox 875 957 1075 1028; x_wconf 82' lang='lat' dir='ltr'><strong>misericors</strong></span> <span class='ocrx_word' id='word_1_38' title='bbox 1090 955 1309 1045; x_wconf 82' lang='lat' dir='ltr'><strong>habebatur,</strong></span> <span class='ocrx_word' id='word_1_39' title='bbox 1330 957 1395 1028; x_wconf 93' lang='lat' dir='ltr'><strong>sed</strong></span> <span class='ocrx_word' id='word_1_40' title='bbox 1412 959 1487 1055; x_wconf 89' lang='lat' dir='ltr'><strong>ipsa</strong></span> <span class='ocrx_word' id='word_1_41' title='bbox 1508 959 1620 1054; x_wconf 86' lang='lat' dir='ltr'><strong>pietas</strong></span> <span class='ocrx_word' id='word_1_42' title='bbox 1635 974 1668 1028; x_wconf 92' lang='lat' dir='ltr'><strong>et</strong></span> <span class='ocrx_word' id='word_1_43' title='bbox 1689 961 1791 1030; x_wconf 90' lang='lat' dir='ltr'><strong>mise·</strong></span> 
     </span>
     <span class='ocr_line' id='line_1_5' title="bbox 211 1073 1789 1173; baseline 0 -25"><span class='ocrx_word' id='word_1_44' title='bbox 211 1075 363 1148; x_wconf 90' lang='lat' dir='ltr'><strong>ricordia</strong></span> <span class='ocrx_word' id='word_1_45' title='bbox 380 1077 477 1148; x_wconf 88' lang='lat' dir='ltr'><strong>Deus</strong></span> <span class='ocrx_word' id='word_1_46' title='bbox 489 1088 554 1146; x_wconf 90' lang='lat' dir='ltr'><strong>est.</strong></span> <span class='ocrx_word' id='word_1_47' title='bbox 574 1078 616 1146; x_wconf 84' lang='lat' dir='ltr'><strong>Et</strong></span> <span class='ocrx_word' id='word_1_48' title='bbox 630 1097 708 1171; x_wconf 82' lang='lat' dir='ltr'><strong>quae</strong></span> <span class='ocrx_word' id='word_1_49' title='bbox 723 1089 808 1146; x_wconf 91' lang='lat' dir='ltr'><strong>tunc</strong></span> <span class='ocrx_word' id='word_1_50' title='bbox 827 1073 1048 1173; x_wconf 81' lang='lat' dir='ltr'><strong>supplicabat</strong></span> <span class='ocrx_word' id='word_1_51' title='bbox 1065 1074 1192 1146; x_wconf 89' lang='lat' dir='ltr'><strong>mulier</strong></span> <span class='ocrx_word' id='word_1_52' title='bbox 1207 1074 1373 1148; x_wconf 88' lang='lat' dir='ltr'><strong>secularis</strong></span> <span class='ocrx_word' id='word_1_53' title='bbox 1392 1090 1466 1145; x_wconf 90' lang='lat' dir='ltr'><strong>erat</strong></span> <span class='ocrx_word' id='word_1_54' title='bbox 1484 1091 1520 1146; x_wconf 91' lang='lat' dir='ltr'><strong>et</strong></span> <span class='ocrx_word' id='word_1_55' title='bbox 1538 1075 1647 1164; x_wconf 89' lang='lat' dir='ltr'><strong>laica,</strong></span> <span class='ocrx_word' id='word_1_56' title='bbox 1668 1101 1734 1147; x_wconf 90' lang='lat' dir='ltr'><strong>nec</strong></span> <span class='ocrx_word' id='word_1_57' title='bbox 1748 1103 1789 1148; x_wconf 89' lang='lat' dir='ltr'><strong>ex</strong></span> 
     </span>
     <span class='ocr_line' id='line_1_6' title="bbox 210 1193 1791 1292; baseline -0.001 -26"><span class='ocrx_word' id='word_1_58' title='bbox 210 1210 336 1268; x_wconf 85' lang='lat' dir='ltr'><strong>sanctae</strong></span> <span class='ocrx_word' id='word_1_59' title='bbox 352 1195 553 1266; x_wconf 89' lang='lat' dir='ltr'><strong>devotionis</strong></span> <span class='ocrx_word' id='word_1_60' title='bbox 573 1193 793 1291; x_wconf 78' lang='lat' dir='ltr'><strong>professione</strong></span> <span class='ocrx_word' id='word_1_61' title='bbox 811 1194 968 1264; x_wconf 88' lang='lat' dir='ltr'><strong>Domino</strong></span> <span class='ocrx_word' id='word_1_62' title='bbox 986 1193 1151 1292; x_wconf 88' lang='lat' dir='ltr'><strong>copulata</strong></span> <span class='ocrx_word' id='word_1_63' title='bbox 1163 1197 1184 1262; x_wconf 89' lang='lat'><strong>¹.</strong></span> <span class='ocrx_word' id='word_1_64' title='bbox 1206 1193 1313 1280; x_wconf 89' lang='lat' dir='ltr'><strong>Quod</strong></span> <span class='ocrx_word' id='word_1_65' title='bbox 1327 1195 1355 1264; x_wconf 90' lang='lat' dir='ltr'><strong>si</strong></span> <span class='ocrx_word' id='word_1_66' title='bbox 1374 1207 1466 1264; x_wconf 87' lang='lat' dir='ltr'><strong>exte</strong></span> <span class='ocrx_word' id='word_1_67' title='bbox 1480 1194 1662 1265; x_wconf 89' lang='lat' dir='ltr'><strong>minusad</strong></span> <span class='ocrx_word' id='word_1_68' title='bbox 1681 1196 1791 1292; x_wconf 86' lang='lat' dir='ltr'><strong>impe-</strong></span> 
     </span>
     <span class='ocr_line' id='line_1_7' title="bbox 210 1313 1791 1410; baseline 0 -26"><span class='ocrx_word' id='word_1_69' title='bbox 210 1315 378 1387; x_wconf 88' lang='lat' dir='ltr'><strong>trandum</strong></span> <span class='ocrx_word' id='word_1_70' title='bbox 390 1313 563 1402; x_wconf 86' lang='lat' dir='ltr'><strong>sufficias,</strong></span> <span class='ocrx_word' id='word_1_71' title='bbox 584 1328 726 1386; x_wconf 89' lang='lat' dir='ltr'><strong>sanctus</strong></span> <span class='ocrx_word' id='word_1_72' title='bbox 740 1316 801 1410; x_wconf 91' lang='lat' dir='ltr'><strong>qui</strong></span> <span class='ocrx_word' id='word_1_73' title='bbox 821 1329 938 1386; x_wconf 89' lang='lat' dir='ltr'><strong>tecum</strong></span> <span class='ocrx_word' id='word_1_74' title='bbox 953 1329 1005 1386; x_wconf 91' lang='lat' dir='ltr'><strong>est</strong></span> <span class='ocrx_word' id='word_1_75' title='bbox 1024 1329 1096 1386; x_wconf 89' lang='lat' dir='ltr'><strong>tam</strong></span> <span class='ocrx_word' id='word_1_76' title='bbox 1112 1313 1287 1410; x_wconf 90' lang='lat' dir='ltr'><strong>virginum</strong></span> <span class='ocrx_word' id='word_1_77' title='bbox 1304 1337 1412 1410; x_wconf 89' lang='lat' dir='ltr'><strong>quam</strong></span> <span class='ocrx_word' id='word_1_78' title='bbox 1429 1313 1616 1384; x_wconf 89' lang='lat' dir='ltr'><strong>viduarum</strong></span> <span class='ocrx_word' id='word_1_79' title='bbox 1636 1337 1791 1385; x_wconf 89' lang='lat' dir='ltr'><strong>conven-</strong></span> 
     </span>
     <span class='ocr_line' id='line_1_8' title="bbox 210 1432 1787 1531; baseline 0 -29"><span class='ocrx_word' id='word_1_80' title='bbox 210 1449 281 1521; x_wconf 90' lang='lat' dir='ltr'><strong>tus,</strong></span> <span class='ocrx_word' id='word_1_81' title='bbox 307 1433 407 1530; x_wconf 91' lang='lat' dir='ltr'><strong>quod</strong></span> <span class='ocrx_word' id='word_1_82' title='bbox 425 1457 489 1530; x_wconf 92' lang='lat' dir='ltr'><strong>per</strong></span> <span class='ocrx_word' id='word_1_83' title='bbox 512 1447 546 1504; x_wconf 90' lang='lat' dir='ltr'><strong>te</strong></span> <span class='ocrx_word' id='word_1_84' title='bbox 566 1448 778 1530; x_wconf 81' lang='lat' dir='ltr'><strong>conpotes,</strong></span> <span class='ocrx_word' id='word_1_85' title='bbox 812 1432 999 1506; x_wconf 91' lang='lat' dir='ltr'><strong>obtinebit.</strong></span> <span class='ocrx_word' id='word_1_86' title='bbox 1023 1437 1145 1520; x_wconf 89' lang='lat' dir='ltr'><strong>Quum</strong></span> <span class='ocrx_word' id='word_1_87' title='bbox 1170 1433 1265 1506; x_wconf 90' lang='lat' dir='ltr'><strong>enim</strong></span> <span class='ocrx_word' id='word_1_88' title='bbox 1290 1432 1470 1531; x_wconf 85' lang='lat' dir='ltr'><strong>discipulis</strong></span> <span class='ocrx_word' id='word_1_89' title='bbox 1500 1433 1631 1504; x_wconf 89' lang='lat' dir='ltr'><strong>Veritas</strong></span> <span class='ocrx_word' id='word_1_90' title='bbox 1651 1432 1787 1504; x_wconf 82' lang='lat' dir='ltr'><strong>dicat²:</strong></span> 
     </span>
     <span class='ocr_line' id='line_1_9' title="bbox 211 1550 1789 1650; baseline 0 -32"><span class='ocrx_word' id='word_1_91' title='bbox 211 1581 228 1618; x_wconf 73' lang='lat' dir='ltr'><strong>a</strong></span> <span class='ocrx_word' id='word_1_92' title='bbox 247 1552 313 1623; x_wconf 79' lang='lat' dir='ltr'><strong>Ubi</strong></span> <span class='ocrx_word' id='word_1_93' title='bbox 329 1553 402 1625; x_wconf 92' lang='lat' dir='ltr'><strong>duo</strong></span> <span class='ocrx_word' id='word_1_94' title='bbox 417 1552 473 1624; x_wconf 87' lang='lat' dir='ltr'><strong>vel</strong></span> <span class='ocrx_word' id='word_1_95' title='bbox 485 1567 555 1624; x_wconf 87' lang='lat' dir='ltr'><strong>tres</strong></span> <span class='ocrx_word' id='word_1_96' title='bbox 566 1553 770 1650; x_wconf 88' lang='lat' dir='ltr'><strong>congregati</strong></span> <span class='ocrx_word' id='word_1_97' title='bbox 785 1553 915 1626; x_wconf 80' lang='lat' dir='ltr'><strong>luerint</strong></span> <span class='ocrx_word' id='word_1_98' title='bbox 926 1555 963 1624; x_wconf 92' lang='lat' dir='ltr'><strong>in</strong></span> <span class='ocrx_word' id='word_1_99' title='bbox 977 1553 1124 1626; x_wconf 90' lang='lat' dir='ltr'><strong>nomine</strong></span> <span class='ocrx_word' id='word_1_100' title='bbox 1136 1577 1236 1640; x_wconf 88' lang='lat' dir='ltr'><strong>meo,</strong></span> <span class='ocrx_word' id='word_1_101' title='bbox 1257 1552 1307 1624; x_wconf 91' lang='lat' dir='ltr'><strong>ibi</strong></span> <span class='ocrx_word' id='word_1_102' title='bbox 1326 1577 1405 1624; x_wconf 92' lang='lat' dir='ltr'><strong>sum</strong></span> <span class='ocrx_word' id='word_1_103' title='bbox 1417 1553 1453 1623; x_wconf 90' lang='lat' dir='ltr'><strong>in</strong></span> <span class='ocrx_word' id='word_1_104' title='bbox 1469 1550 1588 1622; x_wconf 88' lang='lat' dir='ltr'><strong>medio</strong></span> <span class='ocrx_word' id='word_1_105' title='bbox 1607 1574 1753 1641; x_wconf 85' lang='lat' dir='ltr'><strong>eorum;</strong></span> <span class='ocrx_word' id='word_1_106' title='bbox 1771 1583 1789 1619; x_wconf 77' lang='lat' dir='ltr'><strong>u</strong></span> 
     </span>
     <span class='ocr_line' id='line_1_10' title="bbox 208 1671 1789 1772; baseline 0 -28"><span class='ocrx_word' id='word_1_107' title='bbox 208 1689 243 1744; x_wconf 91' lang='lat' dir='ltr'><strong>et</strong></span> <span class='ocrx_word' id='word_1_108' title='bbox 261 1699 421 1746; x_wconf 91' lang='lat' dir='ltr'><strong>rursum:</strong></span> <span class='ocrx_word' id='word_1_109' title='bbox 442 1703 459 1740; x_wconf 80' lang='lat' dir='ltr'><strong>u</strong></span> <span class='ocrx_word' id='word_1_110' title='bbox 474 1674 509 1744; x_wconf 86' lang='lat' dir='ltr'><strong>si</strong></span> <span class='ocrx_word' id='word_1_111' title='bbox 528 1671 601 1744; x_wconf 93' lang='lat' dir='ltr'><strong>duo</strong></span> <span class='ocrx_word' id='word_1_112' title='bbox 621 1699 664 1746; x_wconf 89' lang='lat' dir='ltr'><strong>ex</strong></span> <span class='ocrx_word' id='word_1_113' title='bbox 682 1672 784 1746; x_wconf 83' lang='lat' dir='ltr'><strong>vobis</strong></span> <span class='ocrx_word' id='word_1_114' title='bbox 801 1675 1046 1748; x_wconf 88' lang='lat' dir='ltr'><strong>consenserint</strong></span> <span class='ocrx_word' id='word_1_115' title='bbox 1059 1674 1105 1746; x_wconf 93' lang='lat' dir='ltr'><strong>de</strong></span> <span class='ocrx_word' id='word_1_116' title='bbox 1123 1675 1223 1746; x_wconf 91' lang='lat' dir='ltr'><strong>omni</strong></span> <span class='ocrx_word' id='word_1_117' title='bbox 1238 1699 1276 1744; x_wconf 94' lang='lat' dir='ltr'><strong>re</strong></span> <span class='ocrx_word' id='word_1_118' title='bbox 1295 1699 1402 1772; x_wconf 90' lang='lat' dir='ltr'><strong>quam</strong></span> <span class='ocrx_word' id='word_1_119' title='bbox 1416 1674 1606 1771; x_wconf 87' lang='lat' dir='ltr'><strong>petierint,</strong></span> <span class='ocrx_word' id='word_1_120' title='bbox 1628 1671 1690 1743; x_wconf 85' lang='lat' dir='ltr'><strong>fiet</strong></span> <span class='ocrx_word' id='word_1_121' title='bbox 1704 1674 1789 1744; x_wconf 91' lang='lat' dir='ltr'><strong>illud</strong></span> 
     </span>
     <span class='ocr_line' id='line_1_11' title="bbox 209 1791 1794 1890; baseline 0.001 -29"><span class='ocrx_word' id='word_1_122' title='bbox 209 1815 228 1861; x_wconf 90' lang='lat' dir='ltr'><strong>a</strong></span> <span class='ocrx_word' id='word_1_123' title='bbox 250 1796 350 1861; x_wconf 88' lang='lat' dir='ltr'><strong>Patre</strong></span> <span class='ocrx_word' id='word_1_124' title='bbox 372 1813 474 1880; x_wconf 79' lang='lat' dir='ltr'><strong>tneo3</strong></span> <span class='ocrx_word' id='word_1_125' title='bbox 498 1820 514 1856; x_wconf 82' lang='grc' dir='ltr'>ι</span> <span class='ocrx_word' id='word_1_126' title='bbox 537 1791 617 1887; x_wconf 91' lang='lat' dir='ltr'><strong>quis</strong></span> <span class='ocrx_word' id='word_1_127' title='bbox 637 1816 712 1864; x_wconf 91' lang='lat' dir='ltr'><strong>non</strong></span> <span class='ocrx_word' id='word_1_128' title='bbox 735 1791 853 1864; x_wconf 90' lang='lat' dir='ltr'><strong>videat</strong></span> <span class='ocrx_word' id='word_1_129' title='bbox 865 1807 1040 1889; x_wconf 88' lang='lat' dir='ltr'><strong>quantum</strong></span> <span class='ocrx_word' id='word_1_130' title='bbox 1058 1791 1155 1890; x_wconf 90' lang='lat' dir='ltr'><strong>apud</strong></span> <span class='ocrx_word' id='word_1_131' title='bbox 1178 1796 1292 1864; x_wconf 88' lang='lat' dir='ltr'><strong>Deum</strong></span> <span class='ocrx_word' id='word_1_132' title='bbox 1314 1792 1427 1863; x_wconf 89' lang='lat' dir='ltr'><strong>valeat</strong></span> <span class='ocrx_word' id='word_1_133' title='bbox 1449 1808 1577 1864; x_wconf 87' lang='lat' dir='ltr'><strong>sanctae</strong></span> <span class='ocrx_word' id='word_1_134' title='bbox 1603 1815 1794 1888; x_wconf 84' lang='lat' dir='ltr'><strong>congrega·</strong></span> 
     </span>
     <span class='ocr_line' id='line_1_12' title="bbox 211 1910 1793 2010; baseline 0 -30"><span class='ocrx_word' id='word_1_135' title='bbox 211 1911 315 1980; x_wconf 91' lang='lat' dir='ltr'><strong>tionis</strong></span> <span class='ocrx_word' id='word_1_136' title='bbox 331 1910 496 2006; x_wconf 77' lang='lat' dir='ltr'><strong>frequens</strong></span> <span class='ocrx_word' id='word_1_137' title='bbox 513 1910 650 1985; x_wconf 83' lang='lat' dir='ltr'><strong>oratio?</strong></span> <span class='ocrx_word' id='word_1_138' title='bbox 665 1912 701 1981; x_wconf 88' lang='lat' dir='ltr'><strong>Si</strong></span> <span class='ocrx_word' id='word_1_139' title='bbox 713 1964 722 2000; x_wconf 87' lang='lat'><strong>,</strong></span> <span class='ocrx_word' id='word_1_140' title='bbox 736 1926 777 1982; x_wconf 92' lang='lat' dir='ltr'><strong>ut</strong></span> <span class='ocrx_word' id='word_1_141' title='bbox 793 1911 976 2010; x_wconf 90' lang='lat' dir='ltr'><strong>apostolus</strong></span> <span class='ocrx_word' id='word_1_142' title='bbox 995 1913 1153 2000; x_wconf 70' lang='lat' dir='ltr'><strong>asserir,</strong></span> <span class='ocrx_word' id='word_1_143' title='bbox 1172 1941 1189 1978; x_wconf 82' lang='lat' dir='ltr'><strong>u</strong></span> <span class='ocrx_word' id='word_1_144' title='bbox 1205 1912 1357 1983; x_wconf 90' lang='lat' dir='ltr'><strong>multum</strong></span> <span class='ocrx_word' id='word_1_145' title='bbox 1377 1911 1470 1984; x_wconf 85' lang='lat' dir='ltr'><strong>valet</strong></span> <span class='ocrx_word' id='word_1_146' title='bbox 1488 1911 1601 1982; x_wconf 89' lang='lat' dir='ltr'><strong>oratio</strong></span> <span class='ocrx_word' id='word_1_147' title='bbox 1612 1910 1697 2005; x_wconf 87' lang='lat' dir='ltr'><strong>justi</strong></span> <span class='ocrx_word' id='word_1_148' title='bbox 1711 1915 1793 1982; x_wconf 89' lang='lat' dir='ltr'><strong>assi-</strong></span> 
     </span>
     <span class='ocr_line' id='line_1_13' title="bbox 210 2024 1794 2128; baseline 0.001 -31"><span class='ocrx_word' id='word_1_149' title='bbox 210 2028 295 2117; x_wconf 87' lang='lat' dir='ltr'><strong>dua,</strong></span> <span class='ocrx_word' id='word_1_150' title='bbox 314 2056 331 2092; x_wconf 73' lang='lat' dir='ltr'><strong>&gt;r</strong></span> <span class='ocrx_word' id='word_1_151' title='bbox 351 2028 439 2124; x_wconf 90' lang='lat' dir='ltr'><strong>quid</strong></span> <span class='ocrx_word' id='word_1_152' title='bbox 453 2027 500 2100; x_wconf 90' lang='lat' dir='ltr'><strong>de</strong></span> <span class='ocrx_word' id='word_1_153' title='bbox 514 2024 742 2102; x_wconf 89' lang='lat' dir='ltr'><strong>multitudine</strong></span> <span class='ocrx_word' id='word_1_154' title='bbox 760 2044 888 2102; x_wconf 84' lang='lat' dir='ltr'><strong>sanctae</strong></span> <span class='ocrx_word' id='word_1_155' title='bbox 900 2031 1185 2127; x_wconf 83' lang='lat' dir='ltr'><strong>congregationis</strong></span> <span class='ocrx_word' id='word_1_156' title='bbox 1196 2029 1413 2128; x_wconf 90' lang='lat' dir='ltr'><strong>sperandum</strong></span> <span class='ocrx_word' id='word_1_157' title='bbox 1431 2029 1507 2101; x_wconf 84' lang='lat' dir='ltr'><strong>est?</strong></span> <span class='ocrx_word' id='word_1_158' title='bbox 1523 2029 1641 2118; x_wconf 90' lang='lat' dir='ltr'><strong>Nosti,</strong></span> <span class='ocrx_word' id='word_1_159' title='bbox 1659 2028 1794 2100; x_wconf 91' lang='lat' dir='ltr'><strong>charis-</strong></span> 
     </span>
     <span class='ocr_line' id='line_1_14' title="bbox 209 2145 1791 2245; baseline 0.002 -30"><span class='ocrx_word' id='word_1_160' title='bbox 209 2148 298 2218; x_wconf 87' lang='lat' dir='ltr'><strong>sirna</strong></span> <span class='ocrx_word' id='word_1_161' title='bbox 310 2171 433 2235; x_wconf 88' lang='lat' dir='ltr'><strong>soror,</strong></span> <span class='ocrx_word' id='word_1_162' title='bbox 454 2171 496 2218; x_wconf 91' lang='lat' dir='ltr'><strong>ex</strong></span> <span class='ocrx_word' id='word_1_163' title='bbox 512 2145 667 2221; x_wconf 81' lang='lat' dir='ltr'><strong>homelia</strong></span> <span class='ocrx_word' id='word_1_164' title='bbox 685 2147 780 2220; x_wconf 86' lang='lat' dir='ltr'><strong>beati</strong></span> <span class='ocrx_word' id='word_1_165' title='bbox 793 2149 956 2245; x_wconf 79' lang='lat' dir='ltr'><strong>Gregorii</strong></span> <span class='ocrx_word' id='word_1_166' title='bbox 968 2153 1162 2238; x_wconf 82' lang='lat' dir='ltr'>XXXVIII,</span> <span class='ocrx_word' id='word_1_167' title='bbox 1184 2164 1359 2244; x_wconf 89' lang='lat' dir='ltr'><strong>quantum</strong></span> <span class='ocrx_word' id='word_1_168' title='bbox 1376 2147 1581 2244; x_wconf 80' lang='lat' dir='ltr'><strong>suffragium</strong></span> <span class='ocrx_word' id='word_1_169' title='bbox 1597 2149 1710 2220; x_wconf 84' lang='lat' dir='ltr'><strong>invito</strong></span> <span class='ocrx_word' id='word_1_170' title='bbox 1730 2173 1791 2218; x_wconf 90' lang='lat' dir='ltr'><strong>seu</strong></span> 
     </span>
     <span class='ocr_line' id='line_1_15' title="bbox 209 2264 1790 2364; baseline 0.001 -30"><span class='ocrx_word' id='word_1_171' title='bbox 209 2264 467 2343; x_wconf 75' lang='lat' dir='ltr'><strong>contradIcenti</strong></span> <span class='ocrx_word' id='word_1_172' title='bbox 484 2265 581 2337; x_wconf 82' lang='lat' dir='ltr'><strong>fratri</strong></span> <span class='ocrx_word' id='word_1_173' title='bbox 600 2268 716 2338; x_wconf 89' lang='lat' dir='ltr'><strong>oratio</strong></span> <span class='ocrx_word' id='word_1_174' title='bbox 735 2268 883 2339; x_wconf 80' lang='lat' dir='ltr'><strong>fratrum</strong></span> <span class='ocrx_word' id='word_1_175' title='bbox 903 2269 1062 2340; x_wconf 67' lang='lat' dir='ltr'><strong>mature*</strong></span> <span class='ocrx_word' id='word_1_176' title='bbox 1079 2266 1245 2340; x_wconf 88' lang='lat' dir='ltr'><strong>attulerit.</strong></span> <span class='ocrx_word' id='word_1_177' title='bbox 1271 2272 1323 2338; x_wconf 90' lang='lat' dir='ltr'><strong>De</strong></span> <span class='ocrx_word' id='word_1_178' title='bbox 1342 2293 1415 2364; x_wconf 90' lang='lat' dir='ltr'><strong>quo</strong></span> <span class='ocrx_word' id='word_1_179' title='bbox 1433 2268 1508 2363; x_wconf 90' lang='lat' dir='ltr'><strong>jam</strong></span> <span class='ocrx_word' id='word_1_180' title='bbox 1526 2266 1573 2338; x_wconf 89' lang='lat' dir='ltr'><strong>ad</strong></span> <span class='ocrx_word' id='word_1_181' title='bbox 1593 2282 1790 2338; x_wconf 88' lang='lat' dir='ltr'><strong>extremum</strong></span> 
     </span>
     <span class='ocr_line' id='line_1_16' title="bbox 209 2383 1790 2484; baseline 0.001 -32"><span class='ocrx_word' id='word_1_182' title='bbox 209 2383 317 2456; x_wconf 91' lang='lat' dir='ltr'><strong>ducto</strong></span> <span class='ocrx_word' id='word_1_183' title='bbox 335 2399 469 2482; x_wconf 86' lang='lat' dir='ltr'><strong>quanta</strong></span> <span class='ocrx_word' id='word_1_184' title='bbox 486 2385 633 2484; x_wconf 89' lang='lat' dir='ltr'><strong>periculi</strong></span> <span class='ocrx_word' id='word_1_185' title='bbox 653 2388 828 2458; x_wconf 79' lang='lat' dir='ltr'><strong>anxietate</strong></span> <span class='ocrx_word' id='word_1_186' title='bbox 842 2387 1039 2458; x_wconf 90' lang='lat' dir='ltr'><strong>miserrima</strong></span> <span class='ocrx_word' id='word_1_187' title='bbox 1066 2387 1141 2484; x_wconf 87' lang='lat' dir='ltr'><strong>ejus</strong></span> <span class='ocrx_word' id='word_1_188' title='bbox 1161 2387 1281 2460; x_wconf 88' lang='lat' dir='ltr'><strong>anima</strong></span> <span class='ocrx_word' id='word_1_189' title='bbox 1302 2385 1500 2472; x_wconf 85' lang='lat' dir='ltr'><strong>laboraret,</strong></span> <span class='ocrx_word' id='word_1_190' title='bbox 1523 2402 1558 2458; x_wconf 91' lang='lat' dir='ltr'><strong>et</strong></span> <span class='ocrx_word' id='word_1_191' title='bbox 1578 2401 1710 2483; x_wconf 89' lang='lat' dir='ltr'><strong>quanta</strong></span> <span class='ocrx_word' id='word_1_192' title='bbox 1729 2385 1790 2455; x_wconf 91' lang='lat' dir='ltr'><strong>de-</strong></span> 
     </span>
     <span class='ocr_line' id='line_1_17' title="bbox 208 2503 1791 2604; baseline -0.001 -30"><span class='ocrx_word' id='word_1_193' title='bbox 208 2505 411 2602; x_wconf 86' lang='lat' dir='ltr'><strong>speratione</strong></span> <span class='ocrx_word' id='word_1_194' title='bbox 422 2519 459 2576; x_wconf 89' lang='lat' dir='ltr'><strong>et</strong></span> <span class='ocrx_word' id='word_1_195' title='bbox 468 2503 573 2576; x_wconf 68' lang='lat' dir='ltr'><strong>taedio</strong></span> <span class='ocrx_word' id='word_1_196' title='bbox 587 2507 666 2578; x_wconf 79' lang='lat' dir='ltr'><strong>vitae</strong></span> <span class='ocrx_word' id='word_1_197' title='bbox 679 2506 804 2578; x_wconf 82' lang='lat' dir='ltr'><strong>iratres</strong></span> <span class='ocrx_word' id='word_1_198' title='bbox 815 2505 861 2576; x_wconf 87' lang='lat' dir='ltr'><strong>ab</strong></span> <span class='ocrx_word' id='word_1_199' title='bbox 875 2507 1037 2578; x_wconf 90' lang='lat' dir='ltr'><strong>oratione</strong></span> <span class='ocrx_word' id='word_1_200' title='bbox 1050 2522 1250 2594; x_wconf 89' lang='lat' dir='ltr'><strong>revocaret,</strong></span> <span class='ocrx_word' id='word_1_201' title='bbox 1267 2504 1354 2604; x_wconf 91' lang='lat' dir='ltr'><strong>quid</strong></span> <span class='ocrx_word' id='word_1_202' title='bbox 1364 2506 1413 2577; x_wconf 92' lang='lat' dir='ltr'><strong>ibi</strong></span> <span class='ocrx_word' id='word_1_203' title='bbox 1425 2505 1612 2602; x_wconf 83' lang='lat' dir='ltr'><strong>diligenter</strong></span> <span class='ocrx_word' id='word_1_204' title='bbox 1623 2506 1791 2603; x_wconf 89' lang='lat' dir='ltr'><strong>scriptum</strong></span> 
     </span>
     <span class='ocr_line' id='line_1_18' title="bbox 207 2623 1791 2723; baseline 0.001 -31"><span class='ocrx_word' id='word_1_205' title='bbox 207 2623 249 2692; x_wconf 92' lang='lat' dir='ltr'><strong>sit</strong></span> <span class='ocrx_word' id='word_1_206' title='bbox 271 2639 370 2694; x_wconf 88' lang='lat' dir='ltr'><strong>tuam</strong></span> <span class='ocrx_word' id='word_1_207' title='bbox 395 2623 542 2696; x_wconf 90' lang='lat' dir='ltr'><strong>minime</strong></span> <span class='ocrx_word' id='word_1_208' title='bbox 563 2623 647 2696; x_wconf 90' lang='lat' dir='ltr'><strong>latet</strong></span> <span class='ocrx_word' id='word_1_209' title='bbox 666 2625 905 2722; x_wconf 88' lang='lat' dir='ltr'><strong>prudentiam.</strong></span> <span class='ocrx_word' id='word_1_210' title='bbox 929 2630 1042 2723; x_wconf 74' lang='lat' dir='ltr'><strong>Atque</strong></span> <span class='ocrx_word' id='word_1_211' title='bbox 1061 2627 1198 2698; x_wconf 88' lang='lat' dir='ltr'><strong>utinam</strong></span> <span class='ocrx_word' id='word_1_212' title='bbox 1219 2624 1457 2696; x_wconf 85' lang='lat' dir='ltr'><strong>confidentius</strong></span> <span class='ocrx_word' id='word_1_213' title='bbox 1477 2640 1512 2696; x_wconf 92' lang='lat' dir='ltr'><strong>te</strong></span> <span class='ocrx_word' id='word_1_214' title='bbox 1534 2639 1568 2696; x_wconf 93' lang='lat' dir='ltr'><strong>et</strong></span> <span class='ocrx_word' id='word_1_215' title='bbox 1591 2638 1791 2696; x_wconf 89' lang='lat' dir='ltr'><strong>sanctarum</strong></span> 
     </span>
     <span class='ocr_line' id='line_1_19' title="bbox 208 2744 1793 2846; baseline 0.001 -34"><span class='ocrx_word' id='word_1_216' title='bbox 208 2758 424 2846; x_wconf 80' lang='lat' dir='ltr'><strong>conventum</strong></span> <span class='ocrx_word' id='word_1_217' title='bbox 437 2767 603 2816; x_wconf 87' lang='lat' dir='ltr'><strong>sororum</strong></span> <span class='ocrx_word' id='word_1_218' title='bbox 616 2744 663 2814; x_wconf 88' lang='lat' dir='ltr'><strong>ad</strong></span> <span class='ocrx_word' id='word_1_219' title='bbox 677 2745 877 2818; x_wconf 89' lang='lat' dir='ltr'><strong>orationem</strong></span> <span class='ocrx_word' id='word_1_220' title='bbox 897 2745 1023 2816; x_wconf 86' lang='lat' dir='ltr'><strong>invitet</strong></span> <span class='ocrx_word' id='word_1_221' title='bbox 1032 2797 1042 2834; x_wconf 89' lang='lat'><strong>,</strong></span> <span class='ocrx_word' id='word_1_222' title='bbox 1059 2759 1097 2816; x_wconf 90' lang='lat' dir='ltr'><strong>ut</strong></span> <span class='ocrx_word' id='word_1_223' title='bbox 1114 2769 1173 2815; x_wconf 91' lang='lat' dir='ltr'><strong>me</strong></span> <span class='ocrx_word' id='word_1_224' title='bbox 1187 2744 1319 2816; x_wconf 90' lang='lat' dir='ltr'><strong>scilicet</strong></span> <span class='ocrx_word' id='word_1_225' title='bbox 1331 2744 1432 2815; x_wconf 86' lang='lat' dir='ltr'><strong>vobis</strong></span> <span class='ocrx_word' id='word_1_226' title='bbox 1453 2745 1529 2842; x_wconf 89' lang='lat' dir='ltr'><strong>ipse</strong></span> <span class='ocrx_word' id='word_1_227' title='bbox 1542 2744 1662 2814; x_wconf 85' lang='lat' dir='ltr'><strong>vivum</strong></span> <span class='ocrx_word' id='word_1_228' title='bbox 1677 2760 1793 2814; x_wconf 90' lang='lat' dir='ltr'><strong>custo-</strong></span> 
     </span>
     <span class='ocr_line' id='line_1_20' title="bbox 207 2860 1792 2959; baseline 0.001 -28"><span class='ocrx_word' id='word_1_229' title='bbox 207 2861 304 2950; x_wconf 87' lang='lat' dir='ltr'><strong>diat,</strong></span> <span class='ocrx_word' id='word_1_230' title='bbox 325 2885 521 2959; x_wconf 91' lang='lat' dir='ltr'><strong>perquem,</strong></span> <span class='ocrx_word' id='word_1_231' title='bbox 541 2860 649 2933; x_wconf 88' lang='lat' dir='ltr'><strong>Paulo</strong></span> <span class='ocrx_word' id='word_1_232' title='bbox 664 2875 850 2936; x_wconf 81' lang='lat' dir='ltr'><strong>attestante</strong></span> <span class='ocrx_word' id='word_1_233' title='bbox 859 2866 882 2949; x_wconf 80' lang='lat'><strong>⁸,</strong></span> <span class='ocrx_word' id='word_1_234' title='bbox 897 2877 1058 2936; x_wconf 91' lang='lat' dir='ltr'><strong>mortuos</strong></span> <span class='ocrx_word' id='word_1_235' title='bbox 1071 2863 1177 2934; x_wconf 88' lang='lat' dir='ltr'><strong>etiam</strong></span> <span class='ocrx_word' id='word_1_236' title='bbox 1194 2886 1278 2932; x_wconf 90' lang='lat' dir='ltr'><strong>suos</strong></span> <span class='ocrx_word' id='word_1_237' title='bbox 1293 2861 1338 2932; x_wconf 92' lang='lat' dir='ltr'><strong>de</strong></span> <span class='ocrx_word' id='word_1_238' title='bbox 1356 2860 1613 2932; x_wconf 70' lang='lat' dir='ltr'><strong>resun‘ectione</strong></span> <span class='ocrx_word' id='word_1_239' title='bbox 1627 2861 1792 2932; x_wconf 86' lang='lat' dir='ltr'><strong>mulieres</strong></span> 
     </span>
     <span class='ocr_line' id='line_1_21' title="bbox 208 2979 1791 3080; baseline -0.001 -28"><span class='ocrx_word' id='word_1_240' title='bbox 208 2996 431 3080; x_wconf 87' lang='lat' dir='ltr'><strong>acceperunt.</strong></span> <span class='ocrx_word' id='word_1_241' title='bbox 450 2984 485 3052; x_wconf 89' lang='lat' dir='ltr'><strong>Si</strong></span> <span class='ocrx_word' id='word_1_242' title='bbox 505 2982 603 3054; x_wconf 88' lang='lat' dir='ltr'><strong>enim</strong></span> <span class='ocrx_word' id='word_1_243' title='bbox 619 2984 755 3054; x_wconf 86' lang='lat' dir='ltr'><strong>Veteris</strong></span> <span class='ocrx_word' id='word_1_244' title='bbox 772 2998 807 3054; x_wconf 92' lang='lat' dir='ltr'><strong>et</strong></span> <span class='ocrx_word' id='word_1_245' title='bbox 822 2982 1023 3078; x_wconf 87' lang='lat' dir='ltr'><strong>Evangelici</strong></span> <span class='ocrx_word' id='word_1_246' title='bbox 1035 2983 1248 3055; x_wconf 89' lang='lat' dir='ltr'><strong>Testamenti</strong></span> <span class='ocrx_word' id='word_1_247' title='bbox 1265 2982 1412 3080; x_wconf 84' lang='lat' dir='ltr'><strong>paginas</strong></span> <span class='ocrx_word' id='word_1_248' title='bbox 1429 2979 1613 3068; x_wconf 89' lang='lat' dir='ltr'><strong>revolvas,</strong></span> <span class='ocrx_word' id='word_1_249' title='bbox 1633 2980 1791 3050; x_wconf 88' lang='lat' dir='ltr'><strong>invenies</strong></span> 
     </span>
     <span class='ocr_line' id='line_1_22' title="bbox 208 3097 1790 3196; baseline -0.001 -26"><span class='ocrx_word' id='word_1_250' title='bbox 208 3101 360 3172; x_wconf 87' lang='lat' dir='ltr'><strong>maxima</strong></span> <span class='ocrx_word' id='word_1_251' title='bbox 380 3101 655 3175; x_wconf 86' lang='lat' dir='ltr'><strong>resuscitationis</strong></span> <span class='ocrx_word' id='word_1_252' title='bbox 675 3101 844 3173; x_wconf 88' lang='lat' dir='ltr'><strong>miracula</strong></span> <span class='ocrx_word' id='word_1_253' title='bbox 873 3102 956 3172; x_wconf 89' lang='lat' dir='ltr'><strong>solis</strong></span> <span class='ocrx_word' id='word_1_254' title='bbox 982 3101 1036 3172; x_wconf 81' lang='lat' dir='ltr'><strong>rel</strong></span> <span class='ocrx_word' id='word_1_255' title='bbox 1061 3103 1213 3172; x_wconf 79' lang='lat' dir='ltr'><strong>maxime</strong></span> <span class='ocrx_word' id='word_1_256' title='bbox 1235 3100 1374 3172; x_wconf 86' lang='lat' dir='ltr'><strong>seminis</strong></span> <span class='ocrx_word' id='word_1_257' title='bbox 1393 3097 1548 3170; x_wconf 89' lang='lat' dir='ltr'><strong>exhibita</strong></span> <span class='ocrx_word' id='word_1_258' title='bbox 1572 3098 1697 3186; x_wconf 86' lang='lat' dir='ltr'><strong>fuisse,</strong></span> <span class='ocrx_word' id='word_1_259' title='bbox 1723 3125 1790 3196; x_wconf 89' lang='lat' dir='ltr'><strong>pru</strong></span> 
     </span>
     <span class='ocr_line' id='line_1_23' title="bbox 207 3216 1789 3316; baseline -0.001 -29"><span class='ocrx_word' id='word_1_260' title='bbox 207 3219 293 3314; x_wconf 89' lang='lat' dir='ltr'><strong>ipsis</strong></span> <span class='ocrx_word' id='word_1_261' title='bbox 312 3217 366 3289; x_wconf 92' lang='lat' dir='ltr'><strong>vel</strong></span> <span class='ocrx_word' id='word_1_262' title='bbox 379 3217 425 3290; x_wconf 90' lang='lat' dir='ltr'><strong>de</strong></span> <span class='ocrx_word' id='word_1_263' title='bbox 439 3220 524 3316; x_wconf 87' lang='lat' dir='ltr'><strong>ipsis</strong></span> <span class='ocrx_word' id='word_1_264' title='bbox 543 3217 644 3290; x_wconf 85' lang='lat' dir='ltr'><strong>sacta.</strong></span> <span class='ocrx_word' id='word_1_265' title='bbox 666 3223 766 3290; x_wconf 90' lang='lat' dir='ltr'><strong>Duos</strong></span> <span class='ocrx_word' id='word_1_266' title='bbox 777 3220 911 3316; x_wconf 88' lang='lat' dir='ltr'><strong>quippe</strong></span> <span class='ocrx_word' id='word_1_267' title='bbox 924 3232 1085 3290; x_wconf 88' lang='lat' dir='ltr'><strong>mortuos</strong></span> <span class='ocrx_word' id='word_1_268' title='bbox 1103 3219 1289 3290; x_wconf 88' lang='lat' dir='ltr'><strong>suscitatos</strong></span> <span class='ocrx_word' id='word_1_269' title='bbox 1303 3217 1349 3288; x_wconf 89' lang='lat' dir='ltr'><strong>ad</strong></span> <span class='ocrx_word' id='word_1_270' title='bbox 1367 3216 1642 3315; x_wconf 89' lang='lat' dir='ltr'><strong>supplicationes</strong></span> <span class='ocrx_word' id='word_1_271' title='bbox 1661 3231 1789 3288; x_wconf 89' lang='lat' dir='ltr'><strong>mater-</strong></span> 
     </span>
     <span class='ocr_line' id='line_1_24' title="bbox 208 3335 1788 3436; baseline -0.001 -31"><span class='ocrx_word' id='word_1_272' title='bbox 208 3362 270 3408; x_wconf 91' lang='lat' dir='ltr'><strong>nas</strong></span> <span class='ocrx_word' id='word_1_273' title='bbox 290 3341 397 3410; x_wconf 89' lang='lat' dir='ltr'><strong>Vetus</strong></span> <span class='ocrx_word' id='word_1_274' title='bbox 417 3353 677 3411; x_wconf 86' lang='lat' dir='ltr'><strong>commemorat</strong></span> <span class='ocrx_word' id='word_1_275' title='bbox 692 3343 976 3426; x_wconf 88' lang='lat' dir='ltr'><strong>Testamentum,</strong></span> <span class='ocrx_word' id='word_1_276' title='bbox 997 3363 1062 3436; x_wconf 90' lang='lat' dir='ltr'><strong>per</strong></span> <span class='ocrx_word' id='word_1_277' title='bbox 1080 3337 1192 3408; x_wconf 84' lang='lat' dir='ltr'><strong>Eliam</strong></span> <span class='ocrx_word' id='word_1_278' title='bbox 1212 3337 1373 3424; x_wconf 79' lang='lat' dir='ltr'><strong>scilicet⁰‚</strong></span> <span class='ocrx_word' id='word_1_279' title='bbox 1393 3351 1429 3406; x_wconf 92' lang='lat' dir='ltr'><strong>et</strong></span> <span class='ocrx_word' id='word_1_280' title='bbox 1448 3337 1559 3433; x_wconf 89' lang='lat' dir='ltr'><strong>ipsius</strong></span> <span class='ocrx_word' id='word_1_281' title='bbox 1577 3335 1788 3433; x_wconf 89' lang='lat' dir='ltr'><strong>discipulum</strong></span> 
     </span>
     <span class='ocr_line' id='line_1_25' title="bbox 209 3455 1789 3554; baseline -0.001 -30"><span class='ocrx_word' id='word_1_282' title='bbox 209 3455 397 3528; x_wconf 76' lang='lat' dir='ltr'><strong>Elisaeum⁷.</strong></span> <span class='ocrx_word' id='word_1_283' title='bbox 417 3456 751 3554; x_wconf 23' lang='lat' dir='ltr'><strong>Evangeliurnssvero</strong></span> <span class='ocrx_word' id='word_1_284' title='bbox 771 3459 877 3529; x_wconf 89' lang='lat' dir='ltr'><strong>trium</strong></span> <span class='ocrx_word' id='word_1_285' title='bbox 901 3471 1039 3528; x_wconf 89' lang='lat' dir='ltr'><strong>tantum</strong></span> <span class='ocrx_word' id='word_1_286' title='bbox 1061 3473 1287 3528; x_wconf 91' lang='lat' dir='ltr'><strong>mortuorum</strong></span> <span class='ocrx_word' id='word_1_287' title='bbox 1307 3455 1572 3526; x_wconf 90' lang='lat' dir='ltr'><strong>suscitationem</strong></span> <span class='ocrx_word' id='word_1_288' title='bbox 1593 3480 1613 3526; x_wconf 90' lang='lat' dir='ltr'><strong>a</strong></span> <span class='ocrx_word' id='word_1_289' title='bbox 1633 3456 1789 3524; x_wconf 84' lang='lat' dir='ltr'><strong>Domino</strong></span> 
     </span>
     <span class='ocr_line' id='line_1_26' title="bbox 208 3573 1790 3674; baseline -0.001 -30"><span class='ocrx_word' id='word_1_290' title='bbox 208 3575 334 3646; x_wconf 85' lang='lat' dir='ltr'><strong>saetam</strong></span> <span class='ocrx_word' id='word_1_291' title='bbox 349 3576 526 3664; x_wconf 88' lang='lat' dir='ltr'><strong>continet,</strong></span> <span class='ocrx_word' id='word_1_292' title='bbox 542 3601 640 3674; x_wconf 75' lang='lat' dir='ltr'><strong>qua,</strong></span> <span class='ocrx_word' id='word_1_293' title='bbox 661 3575 868 3648; x_wconf 90' lang='lat' dir='ltr'><strong>mulieribus</strong></span> <span class='ocrx_word' id='word_1_294' title='bbox 883 3575 1058 3662; x_wconf 88' lang='lat' dir='ltr'><strong>exhibita,</strong></span> <span class='ocrx_word' id='word_1_295' title='bbox 1075 3577 1227 3648; x_wconf 82' lang='lat' dir='ltr'><strong>maxime</strong></span> <span class='ocrx_word' id='word_1_296' title='bbox 1242 3574 1330 3647; x_wconf 91' lang='lat' dir='ltr'><strong>illud</strong></span> <span class='ocrx_word' id='word_1_297' title='bbox 1341 3573 1440 3672; x_wconf 89' lang='lat' dir='ltr'><strong>quod</strong></span> <span class='ocrx_word' id='word_1_298' title='bbox 1452 3598 1559 3671; x_wconf 90' lang='lat' dir='ltr'><strong>supra</strong></span> <span class='ocrx_word' id='word_1_299' title='bbox 1573 3597 1790 3642; x_wconf 90' lang='lat' dir='ltr'><strong>commemo-</strong></span> 
     </span>
     <span class='ocr_line' id='line_1_27' title="bbox 210 3691 1790 3794; baseline 0.001 -34"><span class='ocrx_word' id='word_1_300' title='bbox 210 3694 362 3766; x_wconf 86' lang='lat' dir='ltr'><strong>ravimus</strong></span> <span class='ocrx_word' id='word_1_301' title='bbox 380 3694 615 3794; x_wconf 86' lang='lat' dir='ltr'><strong>apostolicum</strong></span> <span class='ocrx_word' id='word_1_302' title='bbox 630 3695 766 3768; x_wconf 90' lang='lat' dir='ltr'><strong>dictum</strong></span> <span class='ocrx_word' id='word_1_303' title='bbox 786 3694 892 3766; x_wconf 85' lang='lat' dir='ltr'><strong>rebus</strong></span> <span class='ocrx_word' id='word_1_304' title='bbox 914 3696 986 3766; x_wconf 89' lang='lat' dir='ltr'><strong>suis</strong></span> <span class='ocrx_word' id='word_1_305' title='bbox 1007 3694 1265 3766; x_wconf 85' lang='lat' dir='ltr'><strong>confirmant⁸:</strong></span> <span class='ocrx_word' id='word_1_306' title='bbox 1284 3724 1300 3760; x_wconf 79' lang='lat' dir='ltr'><strong>u</strong></span> <span class='ocrx_word' id='word_1_307' title='bbox 1319 3697 1540 3791; x_wconf 79' lang='lat' dir='ltr'><strong>deceperunt</strong></span> <span class='ocrx_word' id='word_1_308' title='bbox 1563 3691 1727 3762; x_wconf 86' lang='lat' dir='ltr'><strong>mulieres</strong></span> <span class='ocrx_word' id='word_1_309' title='bbox 1746 3691 1790 3762; x_wconf 84' lang='lat' dir='ltr'><strong>de</strong></span> 
     </span>
     <span class='ocr_line' id='line_1_28' title="bbox 210 3813 1790 3912; baseline -0.001 -31"><span class='ocrx_word' id='word_1_310' title='bbox 210 3814 465 3886; x_wconf 88' lang='lat' dir='ltr'><strong>resurrectione</strong></span> <span class='ocrx_word' id='word_1_311' title='bbox 492 3830 654 3889; x_wconf 86' lang='lat' dir='ltr'><strong>mortuos</strong></span> <span class='ocrx_word' id='word_1_312' title='bbox 674 3839 769 3887; x_wconf 91' lang='lat' dir='ltr'><strong>suos.</strong></span> <span class='ocrx_word' id='word_1_313' title='bbox 793 3844 810 3881; x_wconf 82' lang='lat' dir='ltr'><strong>u</strong></span> <span class='ocrx_word' id='word_1_314' title='bbox 834 3814 960 3886; x_wconf 86' lang='lat' dir='ltr'><strong>Filium</strong></span> <span class='ocrx_word' id='word_1_315' title='bbox 978 3815 1112 3911; x_wconf 86' lang='lat' dir='ltr'><strong>quippe</strong></span> <span class='ocrx_word' id='word_1_316' title='bbox 1135 3813 1249 3884; x_wconf 87' lang='lat' dir='ltr'><strong>viduae</strong></span> <span class='ocrx_word' id='word_1_317' title='bbox 1272 3814 1318 3884; x_wconf 93' lang='lat' dir='ltr'><strong>ad</strong></span> <span class='ocrx_word' id='word_1_318' title='bbox 1341 3829 1482 3912; x_wconf 90' lang='lat' dir='ltr'><strong>portam</strong></span> <span class='ocrx_word' id='word_1_319' title='bbox 1507 3813 1656 3882; x_wconf 89' lang='lat' dir='ltr'><strong>civitatis</strong></span> <span class='ocrx_word' id='word_1_320' title='bbox 1681 3817 1790 3906; x_wconf 84' lang='lat' dir='ltr'><strong>Naym</strong></span> 
     </span>
     <span class='ocr_line' id='line_1_29' title="bbox 209 3933 1791 4032; baseline -0.001 -32"><span class='ocrx_word' id='word_1_321' title='bbox 209 3934 413 4006; x_wconf 90' lang='lat' dir='ltr'><strong>suscitatum</strong></span> <span class='ocrx_word' id='word_1_322' title='bbox 436 3936 540 4006; x_wconf 89' lang='lat' dir='ltr'><strong>matri</strong></span> <span class='ocrx_word' id='word_1_323' title='bbox 568 3934 739 4023; x_wconf 88' lang='lat' dir='ltr'><strong>reddidit,</strong></span> <span class='ocrx_word' id='word_1_324' title='bbox 759 3934 835 4028; x_wconf 87' lang='lat' dir='ltr'><strong>ejus</strong></span> <span class='ocrx_word' id='word_1_325' title='bbox 855 3933 1103 4032; x_wconf 87' lang='lat' dir='ltr'><strong>compassione</strong></span> <span class='ocrx_word' id='word_1_326' title='bbox 1127 3936 1392 4029; x_wconf 67' lang='lat' dir='ltr'><strong>compunctusI.</strong></span> <span class='ocrx_word' id='word_1_327' title='bbox 1423 3936 1593 4002; x_wconf 88' lang='lat' dir='ltr'><strong>Lazarum</strong></span> <span class='ocrx_word' id='word_1_328' title='bbox 1619 3935 1791 4026; x_wconf 78' lang='lat' dir='ltr'><strong>quoque¹¹¹</strong></span> 
     </span>
     <span class='ocr_line' id='line_1_30' title="bbox 211 4049 1791 4147; baseline -0.001 -27"><span class='ocrx_word' id='word_1_329' title='bbox 211 4053 362 4124; x_wconf 88' lang='lat' dir='ltr'><strong>amicum</strong></span> <span class='ocrx_word' id='word_1_330' title='bbox 372 4077 477 4124; x_wconf 90' lang='lat' dir='ltr'><strong>sunm</strong></span> <span class='ocrx_word' id='word_1_331' title='bbox 487 4058 505 4092; x_wconf 88' lang='lat'><strong>¹¹</strong></span> <span class='ocrx_word' id='word_1_332' title='bbox 515 4053 560 4126; x_wconf 90' lang='lat' dir='ltr'><strong>ad</strong></span> <span class='ocrx_word' id='word_1_333' title='bbox 569 4053 854 4127; x_wconf 89' lang='lat' dir='ltr'><strong>obsecrationem</strong></span> <span class='ocrx_word' id='word_1_334' title='bbox 865 4052 1134 4147; x_wconf 84' lang='lat' dir='ltr'><strong>sororumejus,</strong></span> <span class='ocrx_word' id='word_1_335' title='bbox 1151 4051 1267 4125; x_wconf 80' lang='lat' dir='ltr'><strong>Mariae</strong></span> <span class='ocrx_word' id='word_1_336' title='bbox 1279 4051 1442 4123; x_wconf 88' lang='lat' dir='ltr'><strong>videlicet</strong></span> <span class='ocrx_word' id='word_1_337' title='bbox 1454 4074 1495 4120; x_wconf 90' lang='lat' dir='ltr'><strong>ac</strong></span> <span class='ocrx_word' id='word_1_338' title='bbox 1508 4049 1666 4140; x_wconf 86' lang='lat' dir='ltr'><strong>Marthae,</strong></span> <span class='ocrx_word' id='word_1_339' title='bbox 1684 4050 1791 4120; x_wconf 90' lang='lat' dir='ltr'><strong>susci-</strong></span> 
     </span>
     <span class='ocr_line' id='line_1_31' title="bbox 212 4169 1791 4273; baseline -0.001 -33"><span class='ocrx_word' id='word_1_340' title='bbox 212 4172 295 4242; x_wconf 86' lang='lat' dir='ltr'><strong>tavit</strong></span> <span class='ocrx_word' id='word_1_341' title='bbox 305 4175 334 4240; x_wconf 84' lang='lat'><strong>¹¹.</strong></span> <span class='ocrx_word' id='word_1_342' title='bbox 357 4176 439 4260; x_wconf 89' lang='lat' dir='ltr'><strong>Quo</strong></span> <span class='ocrx_word' id='word_1_343' title='bbox 458 4174 565 4244; x_wconf 87' lang='lat' dir='ltr'><strong>etiam</strong></span> <span class='ocrx_word' id='word_1_344' title='bbox 582 4173 851 4273; x_wconf 81' lang='lat' dir='ltr'><strong>archisynagogi</strong></span> <span class='ocrx_word' id='word_1_345' title='bbox 875 4171 954 4246; x_wconf 77' lang='lat' dir='ltr'><strong>filiae</strong></span> <span class='ocrx_word' id='word_1_346' title='bbox 971 4171 1065 4242; x_wconf 85' lang='lat' dir='ltr'><strong>banc</strong></span> <span class='ocrx_word' id='word_1_347' title='bbox 1083 4171 1197 4269; x_wconf 88' lang='lat' dir='ltr'><strong>ipsam</strong></span> <span class='ocrx_word' id='word_1_348' title='bbox 1215 4171 1362 4268; x_wconf 89' lang='lat' dir='ltr'><strong>gratiam</strong></span> <span class='ocrx_word' id='word_1_349' title='bbox 1388 4169 1435 4241; x_wconf 92' lang='lat' dir='ltr'><strong>ad</strong></span> <span class='ocrx_word' id='word_1_350' title='bbox 1452 4170 1664 4268; x_wconf 88' lang='lat' dir='ltr'><strong>petitionem</strong></span> <span class='ocrx_word' id='word_1_351' title='bbox 1684 4170 1791 4266; x_wconf 88' lang='lat' dir='ltr'><strong>patris</strong></span> 
     </span>
     <span class='ocr_line' id='line_1_32' title="bbox 211 4290 1788 4388; baseline -0.003 -30"><span class='ocrx_word' id='word_1_352' title='bbox 211 4290 438 4386; x_wconf 87' lang='lat' dir='ltr'><strong>impendente</strong></span> <span class='ocrx_word' id='word_1_353' title='bbox 449 4293 479 4374; x_wconf 68' lang='lat'><strong>³,</strong></span> <span class='ocrx_word' id='word_1_354' title='bbox 509 4320 526 4358; x_wconf 79' lang='lat' dir='ltr'><strong>a</strong></span> <span class='ocrx_word' id='word_1_355' title='bbox 546 4291 711 4363; x_wconf 90' lang='lat' dir='ltr'><strong>mulieres</strong></span> <span class='ocrx_word' id='word_1_356' title='bbox 736 4290 782 4366; x_wconf 89' lang='lat' dir='ltr'><strong>de</strong></span> <span class='ocrx_word' id='word_1_357' title='bbox 807 4291 1066 4363; x_wconf 89' lang='lat' dir='ltr'><strong>resurrectione</strong></span> <span class='ocrx_word' id='word_1_358' title='bbox 1088 4304 1248 4388; x_wconf 86' lang='lat' dir='ltr'><strong>mortuos</strong></span> <span class='ocrx_word' id='word_1_359' title='bbox 1279 4313 1363 4358; x_wconf 90' lang='lat' dir='ltr'><strong>suos</strong></span> <span class='ocrx_word' id='word_1_360' title='bbox 1385 4303 1621 4387; x_wconf 84' lang='lat' dir='ltr'><strong>acceperunt,</strong></span> <span class='ocrx_word' id='word_1_361' title='bbox 1638 4317 1656 4353; x_wconf 79' lang='grc' dir='ltr'><strong>ιι</strong></span> <span class='ocrx_word' id='word_1_362' title='bbox 1678 4312 1788 4382; x_wconf 88' lang='lat' dir='ltr'><strong>quum</strong></span> 
     </span>
     <span class='ocr_line' id='line_1_33' title="bbox 213 4404 1788 4510; baseline 0 -34"><span class='ocrx_word' id='word_1_363' title='bbox 213 4407 283 4480; x_wconf 82' lang='lat' dir='ltr'><strong>baec</strong></span> <span class='ocrx_word' id='word_1_364' title='bbox 302 4409 467 4482; x_wconf 80' lang='lat' dir='ltr'><strong>videlicet</strong></span> <span class='ocrx_word' id='word_1_365' title='bbox 486 4411 651 4482; x_wconf 90' lang='lat' dir='ltr'><strong>suscitata</strong></span> <span class='ocrx_word' id='word_1_366' title='bbox 671 4411 859 4510; x_wconf 90' lang='lat' dir='ltr'><strong>proprium</strong></span> <span class='ocrx_word' id='word_1_367' title='bbox 886 4410 932 4480; x_wconf 90' lang='lat' dir='ltr'><strong>de</strong></span> <span class='ocrx_word' id='word_1_368' title='bbox 951 4426 1067 4482; x_wconf 90' lang='lat' dir='ltr'><strong>morte</strong></span> <span class='ocrx_word' id='word_1_369' title='bbox 1087 4409 1258 4506; x_wconf 88' lang='lat' dir='ltr'><strong>receperit</strong></span> <span class='ocrx_word' id='word_1_370' title='bbox 1276 4432 1425 4505; x_wconf 86' lang='lat' dir='ltr'><strong>corpus,</strong></span> <span class='ocrx_word' id='word_1_371' title='bbox 1447 4408 1538 4478; x_wconf 90' lang='lat' dir='ltr'><strong>sicut</strong></span> <span class='ocrx_word' id='word_1_372' title='bbox 1555 4404 1621 4475; x_wconf 83' lang='lat' dir='ltr'><strong>ilIae</strong></span> <span class='ocrx_word' id='word_1_373' title='bbox 1639 4429 1788 4502; x_wconf 88' lang='lat' dir='ltr'><strong>corpora</strong></span> 
     </span>
     <span class='ocr_line' id='line_1_34' title="bbox 214 4524 1790 4628; baseline -0.002 -33"><span class='ocrx_word' id='word_1_374' title='bbox 214 4552 369 4600; x_wconf 87' lang='lat' dir='ltr'><strong>suorum.</strong></span> <span class='ocrx_word' id='word_1_375' title='bbox 390 4533 434 4600; x_wconf 85' lang='lat' dir='ltr'><strong>Et</strong></span> <span class='ocrx_word' id='word_1_376' title='bbox 451 4531 573 4628; x_wconf 87' lang='lat' dir='ltr'><strong>paucis</strong></span> <span class='ocrx_word' id='word_1_377' title='bbox 590 4530 739 4628; x_wconf 89' lang='lat' dir='ltr'><strong>quidem</strong></span> <span class='ocrx_word' id='word_1_378' title='bbox 756 4530 1073 4603; x_wconf 88' lang='lat' dir='ltr'><strong>intervenientibus</strong></span> <span class='ocrx_word' id='word_1_379' title='bbox 1090 4529 1145 4600; x_wconf 86' lang='lat' dir='ltr'><strong>hae</strong></span> <span class='ocrx_word' id='word_1_380' title='bbox 1162 4529 1259 4600; x_wconf 83' lang='lat' dir='ltr'><strong>factae</strong></span> <span class='ocrx_word' id='word_1_381' title='bbox 1276 4542 1359 4599; x_wconf 92' lang='lat' dir='ltr'><strong>sunt</strong></span> <span class='ocrx_word' id='word_1_382' title='bbox 1382 4524 1677 4598; x_wconf 88' lang='lat' dir='ltr'><strong>resuscitationes.</strong></span> <span class='ocrx_word' id='word_1_383' title='bbox 1708 4528 1735 4590; x_wconf 88' lang='lat' dir='ltr'>V</span> <span class='ocrx_word' id='word_1_384' title='bbox 1738 4525 1790 4593; x_wconf 83' lang='lat' dir='ltr'><strong>ita·</strong></span> 
     </span>
    </p>
   </div>
   <div class='ocr_carea' id='block_1_3' title="bbox 215 4640 1784 4748">
    <p class='ocr_par' dir='ltr' id='par_1_3' title="bbox 215 4640 1784 4748">
     <span class='ocr_line' id='line_1_35' title="bbox 215 4640 1784 4748; baseline 0 -36"><span class='ocrx_word' id='word_1_385' title='bbox 215 4669 296 4718; x_wconf 81' lang='lat' dir='ltr'><strong>uero</strong></span> <span class='ocrx_word' id='word_1_386' title='bbox 309 4663 438 4720; x_wconf 84' lang='lat' dir='ltr'><strong>nostrae</strong></span> <span class='ocrx_word' id='word_1_387' title='bbox 456 4651 762 4721; x_wconf 83' lang='lat' dir='ltr'><strong>conservationem</strong></span> <span class='ocrx_word' id='word_1_388' title='bbox 782 4649 965 4748; x_wconf 86' lang='lat' dir='ltr'><strong>multiplex</strong></span> <span class='ocrx_word' id='word_1_389' title='bbox 983 4663 1106 4721; x_wconf 71' lang='lat' dir='ltr'><strong>vestrae</strong></span> <span class='ocrx_word' id='word_1_390' title='bbox 1125 4648 1326 4720; x_wconf 85' lang='lat' dir='ltr'><strong>devotionis</strong></span> <span class='ocrx_word' id='word_1_391' title='bbox 1338 4647 1452 4717; x_wconf 91' lang='lat' dir='ltr'><strong>oratio</strong></span> <span class='ocrx_word' id='word_1_392' title='bbox 1472 4643 1571 4714; x_wconf 84' lang='lat' dir='ltr'><strong>facile</strong></span> <span class='ocrx_word' id='word_1_393' title='bbox 1587 4640 1784 4732; x_wconf 71' lang='lat' dir='ltr'><strong>obtinebit,</strong></span> 
     </span>
    </p>
   </div>
   <div class='ocr_carea' id='block_1_4' title="bbox 217 4889 1793 5136">
    <p class='ocr_par' dir='ltr' id='par_1_4' title="bbox 217 4889 1793 5136">
     <span class='ocr_line' id='line_1_36' title="bbox 251 4889 1792 4966; baseline -0.01 -20"><span class='ocrx_word' id='word_1_394' title='bbox 251 4896 406 4959; x_wconf 69' lang='lat' dir='ltr'><strong>&#39;Coniuncta</strong></span> <span class='ocrx_word' id='word_1_395' title='bbox 428 4895 497 4948; x_wconf 76' lang='lat' dir='ltr'><strong>llldS.</strong></span> <span class='ocrx_word' id='word_1_396' title='bbox 514 4925 539 4932; x_wconf 84' lang='lat'><em>-</em></span> <span class='ocrx_word' id='word_1_397' title='bbox 555 4896 672 4957; x_wconf 54' lang='lat' dir='ltr'><strong>&#39;ilatum</strong></span> <span class='ocrx_word' id='word_1_398' title='bbox 688 4915 742 4966; x_wconf 82' lang='lat' dir='ltr'><strong>cup.</strong></span> <span class='ocrx_word' id='word_1_399' title='bbox 765 4915 840 4958; x_wconf 81' lang='lat' dir='ltr'><strong>xrrrt,</strong></span> <span class='ocrx_word' id='word_1_400' title='bbox 858 4899 934 4948; x_wconf 64' lang='grc' dir='ltr'><strong>ΗΟ.</strong></span> <span class='ocrx_word' id='word_1_401' title='bbox 952 4924 983 4934; x_wconf 92' lang='grc'>-</span> <span class='ocrx_word' id='word_1_402' title='bbox 1015 4914 1038 4946; x_wconf 85' lang='lat' dir='ltr'><strong>r.</strong></span> <span class='ocrx_word' id='word_1_403' title='bbox 1065 4896 1271 4956; x_wconf 79' lang='lat' dir='ltr'><strong>35.-⁹Luc..</strong></span> <span class='ocrx_word' id='word_1_404' title='bbox 1298 4911 1354 4961; x_wconf 86' lang='lat' dir='ltr'><strong>cap.</strong></span> <span class='ocrx_word' id='word_1_405' title='bbox 1381 4909 1427 4954; x_wconf 82' lang='lat' dir='ltr'><strong>vu,</strong></span> <span class='ocrx_word' id='word_1_406' title='bbox 1449 4909 1472 4943; x_wconf 86' lang='lat' dir='ltr'><strong>r.</strong></span> <span class='ocrx_word' id='word_1_407' title='bbox 1494 4894 1532 4942; x_wconf 84' lang='grc'><strong>15.</strong></span> <span class='ocrx_word' id='word_1_408' title='bbox 1552 4916 1569 4929; x_wconf 91' lang='grc'>-</span> <span class='ocrx_word' id='word_1_409' title='bbox 1585 4889 1792 4941; x_wconf 69' lang='lat' dir='ltr'><strong>commiseratione</strong></span> 
     </span>
     <span class='ocr_line' id='line_1_37' title="bbox 218 4969 1791 5048; baseline -0.003 -18"><span class='ocrx_word' id='word_1_410' title='bbox 218 4981 227 5004; x_wconf 79' lang='lat'><strong>³</strong></span> <span class='ocrx_word' id='word_1_411' title='bbox 245 4981 341 5040; x_wconf 72' lang='lat' dir='ltr'><strong>Iacob,</strong></span> <span class='ocrx_word' id='word_1_412' title='bbox 362 4997 417 5048; x_wconf 86' lang='lat' dir='ltr'><strong>cap.</strong></span> <span class='ocrx_word' id='word_1_413' title='bbox 433 4997 456 5038; x_wconf 83' lang='lat' dir='ltr'><strong>r,</strong></span> <span class='ocrx_word' id='word_1_414' title='bbox 471 4998 495 5032; x_wconf 88' lang='lat' dir='ltr'><strong>v.</strong></span> <span class='ocrx_word' id='word_1_415' title='bbox 515 4983 551 5030; x_wconf 87' lang='lat' dir='ltr'><strong>tu.</strong></span> <span class='ocrx_word' id='word_1_416' title='bbox 564 5005 598 5018; x_wconf 90' lang='lat'>-</span> <span class='ocrx_word' id='word_1_417' title='bbox 611 4981 621 5008; x_wconf 74' lang='lat'><strong>⁴</strong></span> <span class='ocrx_word' id='word_1_418' title='bbox 636 4981 676 5033; x_wconf 86' lang='lat' dir='ltr'><strong>SIc</strong></span> <span class='ocrx_word' id='word_1_419' title='bbox 690 4983 758 5033; x_wconf 80' lang='lat' dir='ltr'><strong>tac.</strong></span> <span class='ocrx_word' id='word_1_420' title='bbox 773 5010 789 5020; x_wconf 96' lang='lat'>-</span> <span class='ocrx_word' id='word_1_421' title='bbox 803 4981 904 5034; x_wconf 76' lang='lat' dir='ltr'><strong>Natam</strong></span> <span class='ocrx_word' id='word_1_422' title='bbox 919 4981 982 5032; x_wconf 87' lang='lat' dir='ltr'><strong>Edd.</strong></span> <span class='ocrx_word' id='word_1_423' title='bbox 1017 4998 1069 5031; x_wconf 84' lang='lat' dir='ltr'><strong>uere</strong></span> <span class='ocrx_word' id='word_1_424' title='bbox 1083 4991 1185 5044; x_wconf 79' lang='lat' dir='ltr'><strong>paterna</strong></span> <span class='ocrx_word' id='word_1_425' title='bbox 1200 4979 1270 5031; x_wconf 72' lang='lat' dir='ltr'><strong>tttts</strong></span> <span class='ocrx_word' id='word_1_426' title='bbox 1282 5007 1314 5017; x_wconf 91' lang='lat'>-</span> <span class='ocrx_word' id='word_1_427' title='bbox 1329 4979 1351 5005; x_wconf 83' lang='lat'><strong>¹⁰</strong></span> <span class='ocrx_word' id='word_1_428' title='bbox 1367 4981 1458 5040; x_wconf 80' lang='lat' dir='ltr'><strong>Quippe</strong></span> <span class='ocrx_word' id='word_1_429' title='bbox 1469 4975 1497 5027; x_wconf 86' lang='lat' dir='ltr'><strong>l).</strong></span> <span class='ocrx_word' id='word_1_430' title='bbox 1512 5003 1542 5013; x_wconf 92' lang='lat'>-</span> <span class='ocrx_word' id='word_1_431' title='bbox 1558 4974 1578 5001; x_wconf 71' lang='lat'><strong>¹·</strong></span> <span class='ocrx_word' id='word_1_432' title='bbox 1594 4975 1700 5036; x_wconf 68' lang='lat' dir='ltr'><strong>Rogatus</strong></span> <span class='ocrx_word' id='word_1_433' title='bbox 1722 4969 1791 5022; x_wconf 62' lang='grc' dir='ltr'><strong>11Μὸ-</strong></span> 
     </span>
     <span class='ocr_line' id='line_1_38' title="bbox 217 5059 1793 5136; baseline -0.003 -22"><span class='ocrx_word' id='word_1_434' title='bbox 217 5065 603 5130; x_wconf 72' lang='lat' dir='ltr'><strong>preterOrcIIianam.-⁸Iicbr.,</strong></span> <span class='ocrx_word' id='word_1_435' title='bbox 614 5084 668 5136; x_wconf 88' lang='lat' dir='ltr'><strong>cap.</strong></span> <span class='ocrx_word' id='word_1_436' title='bbox 681 5083 748 5128; x_wconf 80' lang='grc' dir='ltr'>ιι,ι.</span> <span class='ocrx_word' id='word_1_437' title='bbox 761 5067 925 5131; x_wconf 60' lang='lat' dir='ltr'><strong>bia-‘Rem</strong></span> <span class='ocrx_word' id='word_1_438' title='bbox 937 5068 983 5124; x_wconf 95' lang='lat' dir='ltr'><strong>III,</strong></span> <span class='ocrx_word' id='word_1_439' title='bbox 1017 5063 1081 5103; x_wconf 84' lang='lat'>·—¹¹</span> <span class='ocrx_word' id='word_1_440' title='bbox 1101 5063 1204 5122; x_wconf 82' lang='lat' dir='ltr'><strong>luam..</strong></span> <span class='ocrx_word' id='word_1_441' title='bbox 1225 5080 1280 5129; x_wconf 87' lang='lat' dir='ltr'><strong>cap.</strong></span> <span class='ocrx_word' id='word_1_442' title='bbox 1301 5081 1332 5123; x_wconf 86' lang='grc' dir='ltr'><strong>ιι,</strong></span> <span class='ocrx_word' id='word_1_443' title='bbox 1360 5079 1383 5110; x_wconf 84' lang='grc' dir='ltr'><strong>ι.</strong></span> <span class='ocrx_word' id='word_1_444' title='bbox 1411 5063 1452 5110; x_wconf 79' lang='lat' dir='ltr'><strong>II.</strong></span> <span class='ocrx_word' id='word_1_445' title='bbox 1471 5088 1500 5098; x_wconf 90' lang='lat'>-</span> <span class='ocrx_word' id='word_1_446' title='bbox 1523 5061 1544 5086; x_wconf 79' lang='lat'><strong>¹⁸</strong></span> <span class='ocrx_word' id='word_1_447' title='bbox 1565 5059 1660 5116; x_wconf 66' lang='lat' dir='ltr'><strong>itaut„</strong></span> <span class='ocrx_word' id='word_1_448' title='bbox 1679 5070 1733 5120; x_wconf 68' lang='lat' dir='ltr'><strong>cup·</strong></span> <span class='ocrx_word' id='word_1_449' title='bbox 1752 5071 1793 5110; x_wconf 73' lang='lat' dir='ltr'><strong>tt,</strong></span> 
     </span>
    </p>
   </div>
   <div class='ocr_carea' id='block_1_5' title="bbox 218 5147 1669 5296">
    <p class='ocr_par' dir='ltr' id='par_1_5' title="bbox 218 5147 1669 5296">
     <span class='ocr_line' id='line_1_39' title="bbox 218 5147 1098 5218; baseline -0.001 -20"><span class='ocrx_word' id='word_1_450' title='bbox 218 5165 268 5215; x_wconf 82' lang='lat' dir='ltr'><strong>cap.</strong></span> <span class='ocrx_word' id='word_1_451' title='bbox 278 5167 339 5208; x_wconf 81' lang='lat' dir='ltr'><strong>xru,</strong></span> <span class='ocrx_word' id='word_1_452' title='bbox 349 5169 373 5201; x_wconf 85' lang='lat' dir='ltr'><strong>r.</strong></span> <span class='ocrx_word' id='word_1_453' title='bbox 388 5153 460 5202; x_wconf 84' lang='lat' dir='ltr'><strong>rt.-</strong></span> <span class='ocrx_word' id='word_1_454' title='bbox 472 5151 481 5179; x_wconf 70' lang='lat'><strong>¹</strong></span> <span class='ocrx_word' id='word_1_455' title='bbox 493 5153 552 5215; x_wconf 72' lang='lat' dir='ltr'><strong>lieu.</strong></span> <span class='ocrx_word' id='word_1_456' title='bbox 566 5151 609 5212; x_wconf 75' lang='lat' dir='ltr'><strong>tr,</strong></span> <span class='ocrx_word' id='word_1_457' title='bbox 620 5167 676 5218; x_wconf 86' lang='lat' dir='ltr'><strong>cap.</strong></span> <span class='ocrx_word' id='word_1_458' title='bbox 692 5151 777 5202; x_wconf 59' lang='lat' dir='ltr'><strong>rra-⁸</strong></span> <span class='ocrx_word' id='word_1_459' title='bbox 790 5151 874 5212; x_wconf 64' lang='lat' dir='ltr'><strong>Heba,</strong></span> <span class='ocrx_word' id='word_1_460' title='bbox 887 5167 941 5218; x_wconf 88' lang='lat' dir='ltr'><strong>cap.</strong></span> <span class='ocrx_word' id='word_1_461' title='bbox 955 5170 983 5212; x_wconf 87' lang='grc' dir='ltr'><strong>ιι,</strong></span> <span class='ocrx_word' id='word_1_462' title='bbox 1018 5167 1040 5200; x_wconf 86' lang='lat' dir='ltr'><strong>r.</strong></span> <span class='ocrx_word' id='word_1_463' title='bbox 1057 5147 1098 5198; x_wconf 75' lang='lat' dir='ltr'><strong>ts.</strong></span> 
     </span>
     <span class='ocr_line' id='line_1_40' title="bbox 331 5229 1669 5296; baseline 0 -12"><span class='ocrx_word' id='word_1_464' title='bbox 331 5253 342 5296; x_wconf 85' lang='lat'>1</span> <span class='ocrx_word' id='word_1_465' title='bbox 1274 5231 1276 5238; x_wconf 69' lang='grc'><em>’</em></span> <span class='ocrx_word' id='word_1_466' title='bbox 1637 5229 1669 5284; x_wconf 87' lang='lat' dir='ltr'><strong>ll</strong></span> 
     </span>
    </p>
   </div>
   <div class='ocr_carea' id='block_1_6' title="bbox 0 0 2274 6100">
    <p class='ocr_par' dir='ltr' id='par_1_6' title="bbox 0 0 2274 6100">
     <span class='ocr_line' id='line_1_41' title="bbox 0 0 2274 6100; baseline 0 0"><span class='ocrx_word' id='word_1_467' title='bbox 0 0 2274 6100; x_wconf 95' lang='lat' dir='ltr'><strong> </strong></span> 
     </span>
    </p>
   </div>
  </div>
 </body>
</html>
