4590 6106
924 617 1071 692 ΝΟΜ).
1744 623 1791 693 di

207 759 297 816 etsnb
304 759 413 814 bonore
427 765 526 812 uncte
540 755 591 810 Dei
605 754 749 828 genitricis
759 763 788 809 et
798 764 940 828 perpetue
950 757 1068 829 virginis
1082 756 1184 826 listie,
1198 756 1386 830 omnipotenti
1399 756 1522 812 Domino
1531 755 1654 835 dedicari
1663 768 1693 812 et
1700 776 1797 814 conse·

209 853 281 908 erari
295 849 391 907 volant.
407 869 422 901 s
437 849 498 904 lmo
511 857 540 902 et
557 845 738 902 eeclesiarum
757 863 789 902 ac
805 846 952 916 villarum,
967 865 1036 921 quas
1053 847 1187 920 piurimis
1199 847 1290 904 eidem
1305 847 1427 904 contulit
1445 849 1631 918 monasterio,
1650 849 1798 906 confirma.

210 947 317 1002 tionem
330 941 490 1016 impetrarit
502 959 518 996 a
532 939 658 996 Roberto
670 957 746 1013 rege.
763 939 835 994 Nam
853 940 882 994 in
896 939 1069 996 chartulario
1082 941 1272 1014 manuscripto
1287 941 1381 998 Sancti
1395 942 1536 1015 Dionysii,
1552 943 1629 1017 quod
1643 945 1686 999 vir
1699 944 1797 999 multi·

210 1040 277 1112 plici
293 1037 437 1094 nobilitate
449 1045 478 1092 et
493 1033 653 1090 eruditione
670 1031 1000 1090 celeberrimuslarnbus
1015 1033 1160 1108 Angustus
1181 1035 1317 1090 Theanus
1331 1046 1451 1092 auemt
1466 1037 1495 1092 in
1515 1053 1564 1092 sua
1581 1037 1796 1110 loetspletissima

211 1130 388 1197 bibliotheca,
401 1127 456 1184 tale
470 1136 638 1202 preceptum
652 1125 719 1180 inde
730 1125 827 1182 iecisse
840 1143 934 1200 regem
946 1126 1007 1198 ejus
1019 1126 1109 1182 filium
1120 1127 1228 1200 reperi:

546 1263 658 1319 Donum
671 1261 826 1336 quodsecit
841 1264 981 1320 liebertus
995 1285 1046 1322 rex
1061 1265 1228 1320 monialibus
1242 1263 1278 1320 de
1291 1267 1467 1340 Argentolisi.

246 1407 259 1432 a
271 1382 358 1456 Regis
371 1399 470 1455 regum
483 1389 555 1438 nutu
569 1381 741 1438 Francorum
754 1400 802 1440 ren
814 1381 965 1452 liebertus,
980 1401 1044 1438 cum
1058 1383 1161 1440 nostris
1175 1381 1304 1439 fidelihus
1318 1385 1426 1440 cunctis
1439 1382 1584 1442 catholicis
1598 1386 1685 1458 palam
1697 1386 1726 1442 id
1737 1386 1798 1442 fieri

212 1473 348 1530 volumus.
359 1475 385 1530 A
398 1473 633 1548 predecessorum
645 1485 806 1532 nostrorum
820 1474 917 1544 cultu,
930 1477 1004 1532 circa
1020 1493 1102 1535 sacre
1122 1475 1267 1550 religionis
1280 1476 1346 1549 jura
1366 1477 1533 1546 constituto,
1554 1495 1729 1552 nequaquam
1750 1479 1799 1536 de·

212 1571 284 1624 viare
300 1566 439 1637 volentes,
455 1567 603 1624 hortamur
622 1585 720 1624 omnes
731 1566 768 1624 ad
780 1567 865 1626 finem
880 1567 1062 1628 beatitudinis
1083 1568 1247 1637 tendentes,
1266 1580 1405 1644 quatenus
1424 1587 1601 1644 summopere
1616 1571 1799 1646 invigilando

211 1660 381 1716 auxilientur
393 1659 490 1728 uobis,
508 1658 544 1714 ad
561 1657 707 1734 privilegis
720 1677 787 1733 erga
798 1677 842 1716 res
856 1659 909 1716 Dei
923 1670 1142 1735 sanctnrnmque
1156 1661 1217 1732 ejus
1232 1661 1453 1731 corroboranda,
1475 1664 1517 1719 nti
1533 1662 1671 1736 recipiant
1682 1664 1735 1737 ipsi
1747 1683 1799 1720 uo-

212 1754 317 1808 biscum
333 1751 526 1808 remissionem
539 1753 732 1826 peccaminum
745 1771 797 1826 pro
810 1753 974 1825 hujusmodi
989 1773 1020 1810 re
1034 1754 1119 1829 digne
1132 1755 1304 1830 exequenda.
1319 1755 1455 1812 Precibus
1472 1757 1577 1818 etenim
1597 1767 1697 1814 nostra
1721 1760 1800 1830 geni·

213 1845 303 1912 tricis,
317 1843 423 1900 scilicet
437 1843 582 1900 Adelaidis
596 1845 698 1918 reginae
712 1844 849 1918 insignis,
861 1847 907 1903 cui
920 1863 1034 1918 prorem
1049 1847 1121 1906 nihii
1134 1846 1286 1921 denegare,
1300 1866 1398 1904 verum
1412 1849 1582 1908 omnimodis
1596 1849 1695 1906 devote
1711 1851 1799 1906 inser·

214 1939 270 1992 rire
290 1937 440 2005 debemus,
461 1936 601 2010 promoti,
622 1954 707 2010 super
727 1936 913 2011 quarumdam
934 1938 1114 1998 ecclesiarum
1134 1940 1319 2016 villarumque
1339 1941 1534 2015 astipulatione
1554 1945 1701 2016 precepti,
1717 1945 1799 2017 quas'

215 2029 382 2084 monialibus
397 2029 454 2084 Deo
466 2027 666 2083 famulantibus
678 2027 708 2082 in
722 2029 891 2083 monasterio
904 2029 1009 2100 Sanctae
1021 2032 1116 2086 Marisa
1127 2032 1312 2104 Argentolio,
1328 2033 1364 2091 ob
1376 2033 1473 2090 animae
1492 2051 1562 2104 sue,
1582 2035 1669 2108 patris
1690 2053 1802 2109 qnoque

214 2123 317 2191 nostri,
328 2121 454 2177 videlicet
465 2121 594 2194 lingonis
607 2119 692 2175 beatae
705 2121 861 2190 memorie,
877 2131 962 2195 atque
974 2131 1073 2176 nostre
1087 2122 1223 2196 requiem,
1238 2122 1333 2193 dedit,
1352 2124 1472 2180 libenter
1484 2126 1544 2198 ejus
1558 2125 1693 2182 voluntati
1706 2129 1801 2201 parui-

214 2233 292 2283 mus,
306 2224 334 2270 et
347 2213 429 2271 dictis
440 2213 579 2280 faventes,
595 2212 760 2285 petitionem
774 2213 862 2286 ipsius
875 2212 976 2270 idonea
988 2213 1097 2269 ratione
1110 2214 1265 2288 persolvere
1277 2217 1443 2272 curarimus.
1454 2217 1526 2274 Sunt
1535 2229 1628 2276 autem
1642 2238 1686 2275 res
1697 2220 1801 2277 collata·

213 2308 261 2362 he.
274 2305 309 2360 In
322 2305 421 2380 primis
435 2320 466 2359 ea
480 2321 540 2378 que
552 2303 711 2378 possidebat
725 2304 891 2382 Argentolio
904 2323 952 2362 rex
964 2306 1063 2378 lingo,
1080 2305 1187 2364 donans
1204 2306 1252 2364 illa
1269 2307 1329 2364 Deo
1347 2311 1459 2366 sacratis
1479 2309 1550 2366 inibi
1564 2311 1741 2386 degentibus.
1755 2313 1799 2368 Ad

212 2399 265 2454 hoc
277 2397 458 2464 Cavenoilus,
471 2396 520 2453 ubi
536 2396 633 2453 baberi
648 2397 820 2456 estimantur
837 2417 932 2456 mansa
944 2417 1009 2472 am,
1026 2417 1091 2454 cum
1104 2398 1219 2456 ecclesia
1230 2401 1261 2456 in
1274 2400 1382 2458 honore
1394 2403 1482 2458 uncti
1496 2403 1584 2460 Petri.
1601 2403 1676 2464 Villa
1688 2423 1800 2480 quoqne

213 2491 388 2546 llontiliacus
402 2508 466 2545 cum
481 2490 584 2544 mansis
597 2507 653 2558 vu,
669 2499 699 2544 et
710 2490 823 2546 ecclesia
837 2490 989 2547 inhonore
1009 2493 1098 2550 sancti
1118 2493 1244 2550 Martini.
1263 2493 1296 2552 ln
1316 2493 1456 2550 Aconiaco
1469 2513 1534 2552 vero
1548 2497 1609 2552 rico
1621 2515 1716 2554 mansa
1730 2497 1798 2554 duo.

214 2585 245 2642 ln
264 2583 400 2642 Otrevilla
420 2583 551 2640 similiter
563 2583 619 2640 duo
632 2602 726 2641 mansa
743 2595 773 2642 et
786 2583 946 2642 dimidium.
966 2587 1045 2642 inter
1062 2585 1204 2646 stnedum
1223 2597 1252 2644 et
1272 2588 1424 2644 hisivillam
1444 2607 1572 2646 mansum
1593 2608 1611 2646 1.
1633 2591 1667 2646 In
1688 2590 1800 2649 Villena

211 2697 278 2754 ergo
291 2697 418 2736 mansum
428 2699 449 2735 1.
463 2680 499 2734 In
510 2679 656 2736 Satrovilla
668 2697 703 2736 xx
717 2697 812 2736 mansa
824 2699 889 2738 cum
903 2679 1012 2736 duabus
1027 2681 1238 2756 piscationibus.
1252 2683 1287 2738 In
1302 2682 1392 2738 insula
1405 2683 1554 2756 Berliseia,
1574 2695 1603 2740 et
1620 2685 1652 2740 in
1665 2687 1724 2758 ipsa
1735 2685 1799 2740 villa

212 2771 339 2828 Cornelia
357 2773 442 2828 altera
462 2771 588 2846 piscatio.
602 2771 636 2826 In
653 2771 818 2844 Argentoiio
836 2783 990 2830 mercatum
1002 2783 1030 2828 et
1044 2772 1209 2830 theloneum
1223 2785 1350 2834 rotarum
1362 2785 1447 2850 atque
1460 2785 1667 2836 tensamentum
1681 2779 1748 2834 vini.
1764 2779 1799 2834 ln

212 2863 368 2938 Lupocurte
388 2882 407 2917 v
425 2881 530 2920 mansa.
551 2863 626 2922 Villa
646 2863 753 2936 Trapas
773 2881 901 2940 quoque,
919 2874 948 2922 et
965 2863 1101 2942 quicquid
1119 2865 1154 2920 ad
1174 2883 1235 2924 eam
1253 2868 1378 2940 pertinet
1396 2885 1461 2927 cum
1483 2868 1608 2944 ecclesia.
1629 2869 1798 2928 Anilecortis

212 2972 277 3010 vero
289 2955 370 3025 vssla,
383 2965 411 3010 et
422 2953 558 3030 quioquid
569 2954 603 3010 ad
616 2973 677 3010 eam
690 2957 815 3029 pertinet
826 2974 890 3012 cum
902 2956 1028 3013 eeclesia.
1043 2957 1235 3013 Bmduneium
1247 2976 1360 3033 quoque
1372 2959 1449 3028 villa,
1464 2970 1493 3016 et
1505 2961 1599 3016 omnia
1610 2960 1646 3016 ad
1658 2979 1718 3018 eam
1732 2981 1797 3036 per-

209 3049 331 3104 tinentia
341 3065 406 3102 cum
421 3047 545 3105 ecclesia.
559 3048 760 3106 Monsterolnm
772 3048 887 3123 quidem
901 3047 982 3118 villa,
997 3065 1063 3104 enm
1078 3049 1200 3106 ecclesia.
1214 3050 1349 3108 Sanctum
1362 3051 1518 3108 Loanium⁸
1529 3052 1593 3108 villa
1605 3071 1670 3108 cnm
1682 3053 1798 3110 ecclesia

211 3150 241 3195 et
262 3139 424 3196 molendino
442 3156 511 3209 uno,
534 3150 561 3196 et
577 3159 641 3196 cum
655 3141 787 3215 arpennis
806 3151 951 3216 pratorum
966 3159 1014 3197 ιιι.
1034 3141 1177 3198 Bratheias
1195 3141 1259 3198 vilia
1278 3162 1343 3198 cum
1363 3145 1495 3220 omnibus
1514 3144 1686 3220 appendiciis
1700 3146 1756 3205 suis
1770 3157 1799 3202 et

210 3233 346 3290 ecclesiis.
357 3232 477 3289 Meriaut
488 3251 600 3308 quoque
613 3232 687 3289 villa.
704 3233 829 3289 Carisius
848 3252 961 3310 quoque
977 3233 1041 3290 silla
1055 3253 1119 3290 eum
1133 3235 1223 3291 tribus
1242 3235 1411 3294 molendinis
1425 3247 1509 3312 atque
1523 3239 1618 3312 pratis.
1632 3239 1692 3294 Hec
1704 3241 1798 3297 omnis

210 3323 368 3399 supradicta
381 3323 521 3400 predictis
537 3325 704 3380 monialibus
717 3323 781 3403 data
802 3325 839 3381 ob
858 3343 981 3382 amorem
1000 3326 1052 3382 Dei
1068 3336 1096 3382 et
1108 3329 1293 3384 reverentiam
1305 3329 1469 3386 beatissimae
1483 3331 1534 3388 Dei
1548 3331 1691 3406 genitricis
1705 3333 1797 3388 Marias

210 3417 405 3473 confirmamus
419 3417 602 3488 auctoritate,
616 3428 755 3492 quatenus
768 3435 877 3492 semper
890 3417 942 3474 sub
955 3417 1114 3492 plenissima
1130 3418 1306 3492 defensione,
1320 3433 1349 3476 et
1359 3423 1521 3480 emunitatis
1533 3424 1652 3482 tuitione
1663 3435 1722 3482 rata
1734 3443 1798 3499 per·

212 3519 347 3566 maneant.
363 3511 406 3566 Ita
418 3509 548 3566 videlicet
560 3521 592 3565 ut
607 3509 701 3566 nullus
713 3511 816 3566 abhinc
830 3509 865 3566 ad
879 3529 975 3566 causas
991 3509 1154 3586 exigendas,
1171 3521 1219 3566 ant
1233 3512 1311 3568 laeda
1328 3513 1370 3570 rel
1388 3515 1509 3580 tributa,
1524 3527 1573 3573 aut
1585 3518 1741 3576 mansiones
1754 3520 1797 3574 rel

212 3613 319 3674 paratas
338 3601 495 3671 iaciendas,
511 3601 555 3657 vel
571 3602 746 3676 fidejussores
761 3602 914 3672 tollendos,
929 3613 977 3658 aut
994 3603 1123 3660 homines
1136 3603 1196 3678 ejus
1215 3605 1335 3662 ecclesie
1350 3616 1408 3662 tam
1429 3608 1564 3682 ingenuos
1585 3627 1669 3684 qnam
1689 3628 1796 3683 servos,

209 3712 293 3770 super
308 3705 412 3750 terram
426 3713 523 3751 earum
541 3706 763 3766 commanentes,
785 3695 888 3768 injuste
906 3695 1128 3772 distringendos,
1143 3716 1194 3752 nec
1209 3697 1280 3754 ullos
1293 3697 1421 3756 redditus
1441 3711 1491 3756 aut
1510 3701 1621 3758 illicitas
1640 3703 1796 3760 occasiones

209 3787 392 3864 requirendas
412 3788 515 3844 nostris
534 3799 562 3843 et
582 3790 685 3844 suturis
705 3789 879 3864 temporibus
899 3787 1009 3864 ingredi
1025 3789 1139 3861 audeat,
1159 3790 1201 3846 vel
1219 3809 1251 3848 ea
1263 3809 1323 3866 quas
1340 3811 1425 3866 supra
1436 3804 1589 3850 memorata
1602 3806 1668 3852 sunt
1686 3797 1796 3872 exigere

208 3892 366 3954 presumat.
379 3881 436 3938 Sed
447 3881 528 3937 liceat
541 3883 609 3958 ipsis
621 3882 782 3958 supradicta
796 3882 849 3939 sub
861 3883 1001 3940 firmitatis
1013 3881 1174 3940 defensione
1192 3887 1290 3960 quieto
1309 3886 1410 3943 ordine
1427 3887 1585 3962 possidere,
1605 3889 1639 3946 ad
1658 3890 1796 3966 stipendis

208 3991 306 4028 earum
326 3975 380 4030 line
399 3984 481 4030 tenus
500 3973 539 4030 ibi
559 3975 618 4031 Deo
638 3975 830 4031 militantium.
848 3975 883 4030 Et
900 3976 973 4030 hanc
989 3976 1198 4044 auctoritatem,
1212 3987 1244 4032 ut
1261 3977 1369 4036 firmior
1382 3981 1411 4036 iu
1426 3981 1476 4036 Dei
1491 3984 1605 4040 nomine
1621 3983 1796 4054 habeatur,a

209 4065 340 4122 fidelibus
352 4085 463 4144 qnoque
475 4079 574 4124 sanctae
587 4069 639 4125 Dei
653 4068 779 4124 Ecclesiae
796 4079 825 4123 et
841 4069 943 4123 nostris
955 4067 1121 4143 diligentius
1133 4082 1321 4143 conservetur,
1336 4092 1422 4130 manu
1438 4078 1553 4150 propria
1566 4077 1663 4134 subter
1675 4078 1795 4134 firmavi·

210 4176 283 4227 mus,
292 4168 322 4214 et
330 4158 414 4232 sigilli
423 4159 512 4216 nostri
526 4161 706 4236 impressione
719 4161 823 4235 signari
833 4161 979 4234 jussimus.
992 4165 1095 4219 Actum
1105 4163 1135 4220 in
1143 4164 1248 4220 Pascha
1258 4164 1333 4238 apud
1343 4167 1475 4224 Sanctum
1487 4169 1661 4244 Dionysium,
1671 4190 1745 4231 auno
1757 4191 1792 4228 su

211 4251 292 4322 regni
299 4249 417 4307 Robsrti
429 4251 620 4326 gloriosissimi
631 4256 703 4328 regis
711 4255 895 4326 Francorum,
906 4253 1005 4312 indict.
1017 4274 1035 4310 1.
1046 4255 1154 4313 Franco
1164 4257 1343 4314 cancellarius
1354 4278 1387 4316 sa
1396 4262 1475 4339 regio
1486 4275 1622 4338 precepto
1633 4268 1791 4339 recognovi,

209 4352 295 4417 atque
307 4342 467 4417 subscripsi.
479 4367 493 4396 s

244 4477 374 4547 Qualiter
385 4489 478 4538 autem
491 4482 658 4540 monialibus
669 4483 723 4539 illis
734 4483 869 4558 expulsis,
881 4485 1038 4560 Argentolii
1051 4487 1252 4544 monasterinm
1264 4504 1360 4543 rursus
1372 4488 1409 4543 ad
1417 4491 1569 4546 monachos
1581 4489 1707 4559 redierit,
1721 4493 1792 4549 inira

210 4570 337 4642 pluribus
350 4571 542 4632 adnotabitur.

822 4697 895 4755 Nota
913 4699 1027 4770 XXIII,
1046 4719 1112 4777 pag.
1133 4707 1176 4760 td'.

241 4831 295 4886 Eis
305 4831 439 4889 videlicet
448 4838 573 4907 corporis
585 4840 640 4892 mei
649 4839 779 4911 partibus
791 4843 1184 4915 amputatis....—Quomodo
1193 4855 1327 4904 mitratus
1335 4846 1370 4903 de
1383 4856 1463 4906 nome
1477 4847 1563 4904 luent
1574 4847 1748 4920 Abelardus,
1763 4865 1792 4908 et

209 4923 328 4997 qualiter
351 4943 448 4982 omnes
472 4929 630 5001 parisiensis
653 4931 771 4988 civitatis
795 4933 908 4989 ordines
930 4933 966 4988 ad
988 4953 1053 4991 eum
1079 4954 1160 5002 mane
1182 4942 1343 5014 congregati
1368 4941 1542 5015 stupuerint,
1569 4953 1619 4999 aut
1635 4954 1743 5026 ‘quanta
1763 4965 1792 5002 se

210 5015 355 5074 afflixerint
369 5017 584 5092 lamentatione,
599 5023 708 5098 plagam
724 5023 799 5081 illam
817 5027 942 5101 corporis
958 5028 1018 5101 ejus
1034 5030 1210 5104 plangentes,
1232 5031 1342 5089 femine
1363 5035 1531 5106 prasertim,
1553 5036 1659 5110 optime
1678 5055 1792 5113 qnoque

236 5226 310 5281 'hege
318 5242 376 5282 qaas.
383 5229 429 5262 --·1
442 5229 496 5283 Lege
504 5231 526 5274 5,
541 5233 631 5272 bamus.
