4536 6102
741 593 973 676 exrosuxo
999 595 1043 668 xx
1066 593 1359 668 nexxuenox.
1768 595 1833 668 su
1880 537 1886 542 ¹

260 755 395 830 tamus,
418 754 454 813 et
475 739 627 836 dicimus
651 737 751 837 quod
776 737 909 810 sactum
936 753 989 810 est
1010 761 1157 836 vespere
1181 753 1218 810 et
1241 761 1346 810 mane
1371 737 1447 808 dies
1472 762 1583 827 unus,
1613 760 1841 835 nequaquam

261 862 358 934 diem
374 861 430 934 vel
446 885 631 961 vesperem
645 860 702 934 vel
717 882 824 932 mane
836 859 937 955 juxta
952 858 1029 932 dies
1045 875 1189 932 nostros
1204 884 1296 957 quos
1321 883 1417 931 nunc
1437 858 1612 930 habemus
1629 859 1839 957 accipimus;

260 980 324 1051 sed
339 1005 449 1054 unam
465 996 501 1053 et
517 981 623 1053 aliam
639 978 736 1051 diem
749 977 949 1050 secundum
965 1002 1117 1076 operum
1128 978 1396 1050 distinctionem
1407 977 1652 1074 intelligimus,
1673 992 1712 1049 ut
1728 978 1842 1076 prima

245 1099 426 1172 'videlicet
446 1100 523 1172 dies
548 1099 687 1171 dicatur
711 1098 828 1194 prima
846 1097 913 1168 Dei
940 1097 1123 1194 operatio,
1146 1121 1211 1196 per
1235 1121 1345 1195 qnam
1365 1099 1440 1196 ipse
1462 1098 1560 1197 prius
1583 1111 1750 1196 operatus
1771 1111 1841 1187 est,

261 1219 358 1290 unde
376 1244 442 1290 nos
459 1218 661 1291 illuminare
677 1216 804 1289 desua
820 1216 948 1288 notitia
962 1230 1100 1314 posset,
1115 1217 1216 1313 juxta
1231 1216 1321 1290 illud
1336 1216 1484 1315 quidem
1501 1216 1661 1315 Apostoli
1674 1222 1696 1305 ¹,
1718 1244 1737 1284 n
1751 1216 1843 1288 invi·

259 1337 374 1408 sibilia
391 1338 487 1410 enim
504 1337 631 1436 ipsius,
646 1351 714 1408 etc.
736 1364 754 1402 u
772 1336 846 1408 Etsi
857 1336 955 1407 enim
973 1336 1122 1408 materia
1137 1334 1197 1408 illa
1209 1336 1374 1408 informis
1390 1337 1508 1434 primo
1521 1337 1579 1408 die
1591 1351 1708 1408 creata
1725 1337 1844 1408 minus

259 1455 438 1527 sufficiens
453 1471 545 1529 esset
560 1455 607 1527 ad
624 1455 790 1526 notitiam
807 1453 862 1527 vel
878 1452 1024 1526 laudem
1042 1455 1212 1526 creatoris
1228 1454 1402 1551 quamdiu
1419 1455 1456 1526 in
1478 1454 1537 1526 illa
1559 1454 1771 1526 contusione
1789 1453 1844 1524 vel

259 1575 477 1646 informitate
496 1575 550 1646 sui
574 1587 818 1672 permaneret,
845 1571 905 1648 illa
929 1587 1050 1644 tamen
1075 1573 1200 1670 primae
1217 1575 1407 1647 creationis
1432 1574 1596 1646 conlusio
1622 1589 1747 1672 postea
1772 1574 1844 1646 lor-

260 1696 394 1767 manda
412 1710 519 1792 atque
535 1693 789 1790 distinguenda
805 1693 842 1764 in
860 1691 958 1764 hunc
979 1692 1107 1764 mundi
1124 1709 1384 1792 ornatumque
1404 1719 1501 1766 nunc
1519 1696 1667 1784 utimur,
1686 1710 1722 1767 et
1737 1719 1845 1794 quem

259 1815 498 1886 necessarium
523 1812 630 1885 nobis
655 1810 913 1908 intelligentes,
938 1813 1056 1882 Deum
1077 1810 1162 1884 inde
1187 1810 1396 1900 laudamus,
1425 1838 1500 1885 non
1525 1815 1704 1885 immerito
1730 1815 1847 1913 prima

258 1934 335 2005 dies
360 1931 455 2005 dicta
477 1947 549 2020 est,
577 1933 662 2030 quia
679 1929 763 2006 inde
787 1928 955 2002 humanae
977 1929 1112 2001 notitiae
1137 1930 1232 2002 circa
1245 1934 1363 2002 Deum
1388 1932 1574 2003 exordium
1597 1932 1717 2029 coepit.
1747 1933 1847 2004 Prius

258 2054 391 2151 quippe
415 2051 548 2125 coelum
571 2066 608 2124 et
629 2065 762 2123 terram
783 2050 897 2122 creari
919 2073 1064 2121 necesse
1085 2047 1167 2139 luit,
1195 2048 1267 2120 hoc
1291 2064 1345 2122 est
1371 2050 1557 2124 materiam
1579 2050 1782 2122 futurorum
1808 2052 1847 2123 in

258 2172 442 2246 elementis
457 2171 668 2273 praeparari,
683 2193 795 2269 quarn
806 2193 887 2242 eam
897 2169 934 2240 in
950 2193 1061 2267 opera
1072 2167 1262 2242 subsecuta
1273 2169 1433 2242 formari.
1452 2171 1607 2244 Primam
1619 2171 1738 2269 itaque
1749 2171 1846 2244 diem

258 2292 362 2382 dicit,
386 2307 426 2364 ut
440 2293 515 2390 jam
536 2315 644 2389 supra
661 2290 909 2377 meminimus,
927 2287 1082 2386 primam
1103 2289 1259 2360 materiae
1284 2289 1503 2361 creationem
1524 2289 1561 2361 iu
1579 2289 1776 2362 elementis.
1792 2294 1846 2362 De

257 2439 406 2512 uespera
421 2437 567 2512 quoque
583 2427 620 2485 et
636 2435 742 2484 mane
758 2411 865 2507 hujus
882 2410 953 2482 dici
969 2409 1061 2482 sicut
1085 2422 1121 2482 et
1145 2423 1356 2484 caeterorum
1379 2410 1455 2505 jam
1482 2409 1622 2482 dudum
1639 2410 1842 2482 docuimus.

256 2561 269 2594 ·.
307 2539 409 2606 Nunc
425 2549 545 2608 autem
561 2549 602 2607 ut
617 2531 663 2606 ad
680 2533 901 2628 intermissa,
922 2556 997 2603 non
1016 2531 1184 2620 dimissa,
1202 2530 1411 2621 redeamus,
1429 2531 1516 2603 sciat
1540 2531 1653 2602 lector
1679 2556 1746 2604 nos
1771 2531 1846 2602 baec

258 2657 532 2755 interposuisse,
562 2679 630 2727 nec
656 2677 770 2751 quum
791 2651 892 2725 audit
907 2675 1017 2724 unam
1043 2652 1141 2724 diem
1157 2650 1214 2723 vel
1240 2651 1346 2724 aliam
1372 2676 1394 2723 a
1413 2650 1591 2750 propheta
1613 2652 1702 2741 dici,
1725 2675 1846 2724 moras

258 2778 341 2849 istas
356 2777 530 2876 temporis
552 2773 741 2870 intelligat,
761 2796 850 2870 quas
867 2772 1019 2844 nuncin
1036 2771 1164 2844 diebus
1181 2773 1312 2844 nostris
1336 2773 1550 2869 accipimus,
1574 2772 1637 2844 scd
1658 2771 1846 2846 diversita-

257 2913 330 2970 tem
347 2898 488 2969 dierum
505 2895 551 2968 ad
567 2895 811 2968 diversitatem
835 2917 987 2991 operum
1008 2891 1157 2981 referat,
1186 2899 1515 2990 quantamcumque
1540 2916 1681 2964 moram
1701 2893 1737 2962 in
1763 2917 1844 2964 suc·

256 3018 417 3090 cessione
428 3015 485 3088 vel
497 3014 708 3112 operatione
721 3013 776 3085 sui
787 3012 1013 3084 habentium.
1030 3015 1143 3084 Nemo
1156 3013 1263 3109 igitur
1274 3013 1436 3101 miretur,
1450 3037 1562 3109 quum
1575 3012 1676 3084 audit
1685 3010 1844 3085 secunda

256 3139 315 3210 die
333 3160 443 3234 aquas
461 3133 596 3206 linnari
614 3134 689 3230 jam
706 3157 813 3231 super
829 3131 938 3204 coelos
957 3131 1164 3220 existentes,
1187 3146 1361 3230 tanquam
1376 3131 1495 3228 aliqua
1510 3155 1613 3203 mora
1629 3130 1735 3204 luerit
1751 3133 1844 3205 inter

256 3255 353 3327 illam
378 3278 502 3326 earum
519 3252 741 3325 existentiam
757 3265 793 3322 et
809 3247 1051 3323 firmationem
1076 3250 1254 3347 ipsarum,
1283 3276 1397 3349 quum
1418 3250 1584 3324 videlicet
1603 3254 1722 3328 statim
1743 3272 1843 3354 post-

257 3399 366 3473 quam
376 3374 426 3446 ibi
437 3373 586 3461 suerint,
600 3369 748 3444 firmatae
762 3369 834 3443 sint
846 3370 910 3443 ibi.
924 3368 1032 3457 Quod
1046 3393 1132 3466 ergo
1144 3395 1242 3441 nunc
1254 3370 1384 3444 dicitur
1395 3399 1403 3442 :
1415 3371 1516 3443 «Fiat
1527 3369 1811 3466 firmamentum,
1822 3406 1840 3446 u

256 3495 312 3566 rel
332 3494 483 3566 «divisit
498 3515 608 3590 aquas
624 3515 704 3588 quae
720 3502 840 3580 erant,
859 3503 928 3562 etc.
942 3545 951 3580 ,
967 3519 985 3558 u
1004 3491 1072 3562 ista
1087 3488 1243 3562 firmatio
1258 3513 1382 3562 earum
1398 3490 1454 3562 vel
1470 3490 1599 3564 divisio
1615 3495 1665 3565 ita
1680 3508 1733 3567 est
1749 3497 1842 3569 acci·

255 3613 409 3714 pienda,
432 3627 473 3685 ut
493 3613 570 3684 sine
591 3610 765 3683 dilatione
781 3623 974 3708 postquam
992 3606 1042 3679 ibi
1064 3606 1209 3683 fuerunt
1226 3609 1263 3680 in
1290 3607 1572 3682 indissolubilem
1593 3611 1742 3708 glaciem
1762 3630 1842 3688 tan-

256 3759 365 3832 quam
385 3731 570 3829 crystallus
588 3730 779 3816 induratae,
803 3729 853 3799 sic
877 3725 1121 3800 stabilirentur
1141 3741 1178 3798 et
1198 3725 1427 3801 firmarentur
1448 3753 1512 3827 per
1532 3732 1841 3830 interpositionem

256 3854 394 3927 aetheris
411 3868 446 3924 et
461 3851 575 3939 aeris,
594 3873 640 3920 ne
656 3848 703 3919 ad
719 3847 889 3918 inferiora
906 3845 1150 3918 dilaberentur
1165 3849 1328 3942 quamvis
1345 3873 1387 3920 ex
1403 3864 1531 3922 natura
1547 3851 1714 3924 elementi
1731 3879 1841 3952 aqua·

253 3977 314 4047 tici
331 3970 466 4070 aliquid
481 3966 757 4068 ponderositatis
772 3964 968 4054 haberent,
985 3979 1022 4038 et
1042 3965 1142 4061 juxta
1162 3964 1399 4066 philosophos
1423 3972 1546 4042 omnia
1568 3973 1731 4069 pondera
1748 3991 1838 4048 nutu

254 4119 320 4167 sno
336 4095 495 4164 ferantur
511 4091 547 4162 in
565 4103 710 4160 terram.

261 4265 265 4270 -
303 4219 408 4284 Forte
423 4225 460 4282 et
479 4208 550 4281 hoc
565 4207 692 4305 aliquis
713 4206 878 4304 requirit,
901 4207 948 4295 si,
971 4219 1012 4278 ut
1032 4205 1178 4297 dicitur,
1199 4231 1299 4307 aquae
1318 4208 1385 4282 illae
1405 4213 1608 4308 superiores
1624 4214 1696 4309 igni
1713 4239 1838 4313 super·

254 4333 379 4433 positae
404 4331 441 4402 in
467 4329 616 4426 glaciem
638 4326 846 4415 duruerint,
871 4348 943 4424 qua
969 4326 1005 4398 vi
1030 4339 1165 4399 naturae
1180 4327 1218 4400 id
1242 4328 1375 4401 lactum
1400 4330 1457 4402 sit.
1487 4329 1540 4402 xd
1560 4331 1661 4430 quod
1681 4334 1839 4432 primum

254 4451 481 4553 respondeo,
500 4448 701 4520 nullatenus
719 4471 787 4520 nos
799 4445 910 4520 modo
922 4501 931 4536 ,
945 4469 1057 4543 quum
1078 4447 1116 4518 in
1132 4447 1311 4547 aliquibus
1324 4475 1445 4524 rerum
1461 4451 1597 4526 allectis
1610 4456 1684 4527 vim
1704 4471 1839 4529 naturae

255 4576 310 4649 vel
327 4597 451 4647 causas
464 4569 643 4644 naturales
661 4569 874 4668 requirimus
890 4567 947 4640 vel
973 4569 1210 4666 assignamus,
1241 4570 1278 4643 id
1301 4597 1368 4644 nos
1386 4572 1502 4646 lacere
1518 4575 1717 4648 secundum
1741 4576 1839 4650 illam

255 4695 411 4793 priorem
428 4691 495 4762 Dei
512 4689 758 4788 operationem
777 4687 814 4758 in
831 4686 1088 4759 constitutione
1105 4689 1250 4778 mundi,
1269 4688 1332 4762 ubi
1350 4691 1427 4764 sola
1442 4694 1508 4766 Dei
1521 4693 1688 4768 voluntas
1704 4712 1839 4770 namne

255 4809 449 4884 efficaciam
464 4807 591 4884 habuit
606 4808 643 4879 in
661 4805 728 4878 illis
744 4820 831 4878 tunc
847 4806 1012 4890 creandis
1031 4805 1085 4878 vcl
1101 4806 1351 4908 disponendis,
1372 4809 1436 4883 sed
1453 4827 1592 4884 tantum
1611 4813 1656 4886 ab
1673 4813 1734 4887 illa
1748 4840 1836 4915 ope·

254 4931 393 5004 ratione
415 4928 481 5000 Dei
504 4952 565 5001 sex
587 4925 716 5000 diebus
739 4923 798 4999 illa
820 4944 1013 5023 competa.
1035 4926 1211 5026 lleiuoeps
1231 4929 1304 5002 vim
1330 4944 1464 5002 naturae
1486 4955 1637 5030 pensare
1657 4932 1835 5025 solemus,

293 5175 305 5205 ⁸
322 5177 406 5237 een„
416 5191 473 5242 car·
486 5193 493 5226 ¹
505 5214 511 5238 t
525 5192 549 5227 v.
563 5178 605 5238 2⁰·

388 5279 400 5325 ι
1053 5323 1059 5334 ,
1697 5273 1731 5332 81
