<?xml version="1.0" encoding="UTF-8"?>
<!DOCTYPE html PUBLIC "-//W3C//DTD XHTML 1.0 Transitional//EN"
    "http://www.w3.org/TR/xhtml1/DTD/xhtml1-transitional.dtd">
<html xmlns="http://www.w3.org/1999/xhtml" xml:lang="en" lang="en">
 <head>
  <title>
</title>
<meta http-equiv="Content-Type" content="text/html;charset=utf-8" />
  <meta name='ocr-system' content='tesseract 3.04.00' />
  <meta name='ocr-capabilities' content='ocr_page ocr_carea ocr_par ocr_line ocrx_word'/>
</head>
<body>
  <div class='ocr_page' id='page_1' title='image "./petriablardiope01despgoog_0311.png"; bbox 0 0 4486 6100; ppageno 0'>
   <div class='ocr_carea' id='block_1_1' title="bbox 459 577 1449 690">
    <p class='ocr_par' dir='ltr' id='par_1_1' title="bbox 459 577 1449 690">
     <span class='ocr_line' id='line_1_1' title="bbox 459 577 1449 690; baseline 0.004 -8"><span class='ocrx_word' id='word_1_1' title='bbox 459 577 531 682; x_wconf 78' lang='lat' dir='ltr'>ndo</span> <span class='ocrx_word' id='word_1_2' title='bbox 1058 617 1187 690; x_wconf 84' lang='lat' dir='ltr'>rnvnv</span> <span class='ocrx_word' id='word_1_3' title='bbox 1213 614 1449 689; x_wconf 74' lang='lat' dir='ltr'>marnam</span> 
     </span>
    </p>
   </div>
   <div class='ocr_carea' id='block_1_2' title="bbox 360 745 2031 837">
    <p class='ocr_par' dir='ltr' id='par_1_2' title="bbox 360 745 2031 837">
     <span class='ocr_line' id='line_1_2' title="bbox 360 745 2031 837; baseline -0.002 -28"><span class='ocrx_word' id='word_1_4' title='bbox 360 819 363 826; x_wconf 31' lang='lat'>¹</span> <span class='ocrx_word' id='word_1_5' title='bbox 460 745 639 811; x_wconf 86' lang='lat' dir='ltr'>fidelissime</span> <span class='ocrx_word' id='word_1_6' title='bbox 651 747 795 829; x_wconf 82' lang='lat' dir='ltr'><strong>reddere,</strong></span> <span class='ocrx_word' id='word_1_7' title='bbox 808 769 902 834; x_wconf 91' lang='lat' dir='ltr'>quum</span> <span class='ocrx_word' id='word_1_8' title='bbox 917 773 996 837; x_wconf 94' lang='lat' dir='ltr'>opus</span> <span class='ocrx_word' id='word_1_9' title='bbox 1006 755 1081 819; x_wconf 92' lang='lat' dir='ltr'>illud</span> <span class='ocrx_word' id='word_1_10' title='bbox 1094 754 1233 818; x_wconf 88' lang='lat' dir='ltr'>nondum</span> <span class='ocrx_word' id='word_1_11' title='bbox 1247 753 1355 816; x_wconf 87' lang='lat' dir='ltr'>luisset</span> <span class='ocrx_word' id='word_1_12' title='bbox 1367 752 1502 830; x_wconf 88' lang='lat' dir='ltr'>editum,</span> <span class='ocrx_word' id='word_1_13' title='bbox 1516 749 1607 814; x_wconf 88' lang='lat' dir='ltr'>officii</span> <span class='ocrx_word' id='word_1_14' title='bbox 1620 749 1717 812; x_wconf 79' lang='lat' dir='ltr'>nostri</span> <span class='ocrx_word' id='word_1_15' title='bbox 1730 763 1798 810; x_wconf 87' lang='lat' dir='ltr'>esse</span> <span class='ocrx_word' id='word_1_16' title='bbox 1809 747 1882 822; x_wconf 86' lang='lat' dir='ltr'>rati,</span> <span class='ocrx_word' id='word_1_17' title='bbox 1897 763 2031 828; x_wconf 88' lang='lat' dir='ltr'>perpauca</span> 
     </span>
    </p>
   </div>
   <div class='ocr_carea' id='block_1_3' title="bbox 461 848 2035 1249">
    <p class='ocr_par' dir='ltr' id='par_1_3' title="bbox 461 848 2033 1048">
     <span class='ocr_line' id='line_1_3' title="bbox 461 848 2033 940; baseline -0.001 -29"><span class='ocrx_word' id='word_1_18' title='bbox 461 858 576 912; x_wconf 90' lang='lat' dir='ltr'>tantum</span> <span class='ocrx_word' id='word_1_19' title='bbox 592 853 777 916; x_wconf 72' lang='lat' dir='ltr'><strong>mutavimus</strong></span> <span class='ocrx_word' id='word_1_20' title='bbox 790 853 843 916; x_wconf 93' lang='lat' dir='ltr'>uhi</span> <span class='ocrx_word' id='word_1_21' title='bbox 858 865 963 939; x_wconf 89' lang='lat' dir='ltr'>aperta</span> <span class='ocrx_word' id='word_1_22' title='bbox 974 859 1135 940; x_wconf 83' lang='lat' dir='ltr'>scripturae</span> <span class='ocrx_word' id='word_1_23' title='bbox 1153 859 1226 920; x_wconf 89' lang='lat' dir='ltr'>vitia</span> <span class='ocrx_word' id='word_1_24' title='bbox 1244 855 1460 933; x_wconf 88' lang='lat' dir='ltr'>occurrebant,</span> <span class='ocrx_word' id='word_1_25' title='bbox 1478 854 1573 917; x_wconf 88' lang='lat' dir='ltr'>variis</span> <span class='ocrx_word' id='word_1_26' title='bbox 1592 853 1682 917; x_wconf 88' lang='lat' dir='ltr'>etiarn</span> <span class='ocrx_word' id='word_1_27' title='bbox 1702 848 1886 915; x_wconf 87' lang='lat' dir='ltr'>lectionibus</span> <span class='ocrx_word' id='word_1_28' title='bbox 1907 848 1938 910; x_wconf 89' lang='lat' dir='ltr'>in</span> <span class='ocrx_word' id='word_1_29' title='bbox 1959 859 2033 930; x_wconf 86' lang='lat' dir='ltr'>parte</span> 
     </span>
     <span class='ocr_line' id='line_1_4' title="bbox 461 953 1255 1048; baseline 0.023 -36"><span class='ocrx_word' id='word_1_30' title='bbox 461 953 640 1034; x_wconf 85' lang='lat' dir='ltr'>paginarum</span> <span class='ocrx_word' id='word_1_31' title='bbox 659 954 803 1020; x_wconf 86' lang='lat' dir='ltr'>inferiore</span> <span class='ocrx_word' id='word_1_32' title='bbox 826 957 1006 1042; x_wconf 89' lang='lat' dir='ltr'>subjunctis.</span> <span class='ocrx_word' id='word_1_33' title='bbox 1251 1041 1255 1048; x_wconf 31' lang='grc' dir='ltr'>Ι</span> 
     </span>
    </p>

    <p class='ocr_par' dir='ltr' id='par_1_4' title="bbox 461 1051 2035 1249">
     <span class='ocr_line' id='line_1_5' title="bbox 500 1051 2034 1144; baseline -0.001 -29"><span class='ocrx_word' id='word_1_34' title='bbox 500 1056 608 1136; x_wconf 74' lang='lat' dir='ltr'>Operm</span> <span class='ocrx_word' id='word_1_35' title='bbox 624 1055 753 1136; x_wconf 90' lang='lat' dir='ltr'>pretium</span> <span class='ocrx_word' id='word_1_36' title='bbox 775 1067 823 1122; x_wconf 92' lang='lat' dir='ltr'>est</span> <span class='ocrx_word' id='word_1_37' title='bbox 838 1061 1078 1126; x_wconf 88' lang='lat' dir='ltr'>animadvertere</span> <span class='ocrx_word' id='word_1_38' title='bbox 1095 1061 1305 1136; x_wconf 78' lang='lat' dir='ltr'>hbaelardum‚</span> <span class='ocrx_word' id='word_1_39' title='bbox 1322 1079 1416 1144; x_wconf 93' lang='lat' dir='ltr'>quum</span> <span class='ocrx_word' id='word_1_40' title='bbox 1434 1061 1541 1123; x_wconf 90' lang='lat' dir='ltr'>intres</span> <span class='ocrx_word' id='word_1_41' title='bbox 1560 1067 1661 1141; x_wconf 86' lang='lat' dir='ltr'>partes</span> <span class='ocrx_word' id='word_1_42' title='bbox 1676 1055 1808 1139; x_wconf 86' lang='lat' dir='ltr'>hymnos</span> <span class='ocrx_word' id='word_1_43' title='bbox 1825 1051 1995 1130; x_wconf 90' lang='lat' dir='ltr'>dividisset,</span> <span class='ocrx_word' id='word_1_44' title='bbox 2008 1052 2034 1113; x_wconf 93' lang='lat' dir='ltr'>in</span> 
     </span>
     <span class='ocr_line' id='line_1_6' title="bbox 461 1154 2035 1249; baseline -0.001 -29"><span class='ocrx_word' id='word_1_45' title='bbox 461 1167 562 1238; x_wconf 89' lang='lat' dir='ltr'>partes</span> <span class='ocrx_word' id='word_1_46' title='bbox 578 1158 705 1222; x_wconf 87' lang='lat' dir='ltr'>totidem</span> <span class='ocrx_word' id='word_1_47' title='bbox 720 1160 867 1226; x_wconf 82' lang='lat' dir='ltr'>dividisse</span> <span class='ocrx_word' id='word_1_48' title='bbox 877 1166 1036 1247; x_wconf 88' lang='lat' dir='ltr'>epistolam</span> <span class='ocrx_word' id='word_1_49' title='bbox 1045 1166 1169 1249; x_wconf 83' lang='lat' dir='ltr'>hymnis</span> <span class='ocrx_word' id='word_1_50' title='bbox 1181 1165 1503 1248; x_wconf 87' lang='lat' dir='ltr'>adjunctam,quarum</span> <span class='ocrx_word' id='word_1_51' title='bbox 1514 1179 1702 1244; x_wconf 69' lang='lat' dir='ltr'>unaquaque</span> <span class='ocrx_word' id='word_1_52' title='bbox 1713 1156 1904 1240; x_wconf 90' lang='lat' dir='ltr'>sequentium</span> <span class='ocrx_word' id='word_1_53' title='bbox 1914 1154 2035 1236; x_wconf 91' lang='lat' dir='ltr'>hymno-</span> 
     </span>
    </p>
   </div>
   <div class='ocr_carea' id='block_1_4' title="bbox 461 1258 2037 1432">
    <p class='ocr_par' dir='ltr' id='par_1_5' title="bbox 461 1258 2037 1432">
     <span class='ocr_line' id='line_1_7' title="bbox 461 1258 2037 1352; baseline -0.001 -32"><span class='ocrx_word' id='word_1_54' title='bbox 461 1277 529 1321; x_wconf 90' lang='lat' dir='ltr'>rum</span> <span class='ocrx_word' id='word_1_55' title='bbox 544 1260 673 1340; x_wconf 90' lang='lat' dir='ltr'>seriem,</span> <span class='ocrx_word' id='word_1_56' title='bbox 693 1266 835 1345; x_wconf 89' lang='lat' dir='ltr'>prooemii</span> <span class='ocrx_word' id='word_1_57' title='bbox 852 1266 938 1346; x_wconf 91' lang='lat' dir='ltr'>loco,</span> <span class='ocrx_word' id='word_1_58' title='bbox 955 1268 1123 1346; x_wconf 79' lang='lat' dir='ltr'>antecedit,</span> <span class='ocrx_word' id='word_1_59' title='bbox 1141 1277 1175 1331; x_wconf 91' lang='lat' dir='ltr'>ut</span> <span class='ocrx_word' id='word_1_60' title='bbox 1187 1269 1303 1352; x_wconf 91' lang='lat' dir='ltr'>primus</span> <span class='ocrx_word' id='word_1_61' title='bbox 1318 1265 1530 1330; x_wconf 88' lang='lat' dir='ltr'>animadvertit</span> <span class='ocrx_word' id='word_1_62' title='bbox 1540 1267 1627 1326; x_wconf 90' lang='lat' dir='ltr'>Dom.</span> <span class='ocrx_word' id='word_1_63' title='bbox 1644 1265 1684 1324; x_wconf 87' lang='lat' dir='ltr'>Le</span> <span class='ocrx_word' id='word_1_64' title='bbox 1696 1259 1791 1324; x_wconf 88' lang='lat' dir='ltr'>Noble</span> <span class='ocrx_word' id='word_1_65' title='bbox 1803 1261 1834 1321; x_wconf 95' lang='lat' dir='ltr'>in</span> <span class='ocrx_word' id='word_1_66' title='bbox 1846 1258 2037 1338; x_wconf 79' lang='lat' dir='ltr'>Pttusoptto</span> 
     </span>
     <span class='ocr_line' id='line_1_8' title="bbox 462 1341 849 1432; baseline 0.018 -10"><span class='ocrx_word' id='word_1_67' title='bbox 462 1362 639 1424; x_wconf 80' lang='lat' dir='ltr'>christiano</span> <span class='ocrx_word' id='word_1_68' title='bbox 648 1341 820 1432; x_wconf 74' lang='lat' dir='ltr'>Amalthea</span> <span class='ocrx_word' id='word_1_69' title='bbox 831 1369 849 1429; x_wconf 91' lang='lat'>¹.</span> 
     </span>
    </p>
   </div>
   <div class='ocr_carea' id='block_1_5' title="bbox 463 1461 2038 1654">
    <p class='ocr_par' dir='ltr' id='par_1_6' title="bbox 463 1461 2038 1654">
     <span class='ocr_line' id='line_1_9' title="bbox 503 1461 2038 1557; baseline -0.002 -31"><span class='ocrx_word' id='word_1_70' title='bbox 503 1467 631 1547; x_wconf 84' lang='lat' dir='ltr'>llymnir</span> <span class='ocrx_word' id='word_1_71' title='bbox 645 1476 675 1529; x_wconf 92' lang='lat' dir='ltr'>et</span> <span class='ocrx_word' id='word_1_72' title='bbox 684 1470 856 1552; x_wconf 83' lang='lat' dir='ltr'>sequentiis</span> <span class='ocrx_word' id='word_1_73' title='bbox 865 1481 1057 1537; x_wconf 85' lang='lat' dir='ltr'>accesserunt</span> <span class='ocrx_word' id='word_1_74' title='bbox 1067 1473 1126 1536; x_wconf 90' lang='lat' dir='ltr'>alia</span> <span class='ocrx_word' id='word_1_75' title='bbox 1135 1473 1274 1557; x_wconf 74' lang='lat' dir='ltr'>quedam</span> <span class='ocrx_word' id='word_1_76' title='bbox 1285 1470 1436 1537; x_wconf 80' lang='lat' dir='ltr'>hbaelardi</span> <span class='ocrx_word' id='word_1_77' title='bbox 1454 1470 1599 1546; x_wconf 86' lang='lat' dir='ltr'>earmina,</span> <span class='ocrx_word' id='word_1_78' title='bbox 1617 1485 1745 1549; x_wconf 89' lang='lat' dir='ltr'>quorum</span> <span class='ocrx_word' id='word_1_79' title='bbox 1757 1463 1910 1546; x_wconf 79' lang='lat' dir='ltr'>originem</span> <span class='ocrx_word' id='word_1_80' title='bbox 1928 1461 2038 1525; x_wconf 90' lang='lat' dir='ltr'>iudica-</span> 
     </span>
     <span class='ocr_line' id='line_1_10' title="bbox 463 1565 930 1654; baseline 0.024 -26"><span class='ocrx_word' id='word_1_81' title='bbox 463 1565 563 1630; x_wconf 91' lang='lat' dir='ltr'>bimus</span> <span class='ocrx_word' id='word_1_82' title='bbox 582 1580 673 1650; x_wconf 88' lang='lat' dir='ltr'>prout</span> <span class='ocrx_word' id='word_1_83' title='bbox 690 1589 739 1634; x_wconf 90' lang='lat' dir='ltr'>res</span> <span class='ocrx_word' id='word_1_84' title='bbox 753 1573 930 1654; x_wconf 77' lang='lat' dir='ltr'>postulabit.</span> 
     </span>
    </p>
   </div>
   <div class='ocr_carea' id='block_1_6' title="bbox 1240 2105 1275 2182">
    <p class='ocr_par' dir='ltr' id='par_1_7' title="bbox 1240 2105 1275 2182">
     <span class='ocr_line' id='line_1_11' title="bbox 1240 2105 1275 2182; baseline 0.029 -1"><span class='ocrx_word' id='word_1_85' title='bbox 1240 2105 1275 2182; x_wconf 91' lang='lat'>1.</span> 
     </span>
    </p>
   </div>
   <div class='ocr_carea' id='block_1_7' title="bbox 467 2302 2100 5057">
    <p class='ocr_par' dir='ltr' id='par_1_8' title="bbox 467 2302 2100 5057">
     <span class='ocr_line' id='line_1_12' title="bbox 517 2302 2049 2402; baseline -0.001 -29"><span class='ocrx_word' id='word_1_86' title='bbox 517 2302 567 2373; x_wconf 83' lang='lat' dir='ltr'>nd</span> <span class='ocrx_word' id='word_1_87' title='bbox 586 2317 728 2375; x_wconf 89' lang='lat' dir='ltr'>tuarum</span> <span class='ocrx_word' id='word_1_88' title='bbox 746 2328 894 2401; x_wconf 90' lang='lat' dir='ltr'>precum</span> <span class='ocrx_word' id='word_1_89' title='bbox 912 2307 1130 2401; x_wconf 79' lang='lat' dir='ltr'>instantiam,</span> <span class='ocrx_word' id='word_1_90' title='bbox 1141 2333 1244 2382; x_wconf 91' lang='lat' dir='ltr'>soror</span> <span class='ocrx_word' id='word_1_91' title='bbox 1262 2306 1350 2380; x_wconf 91' lang='lat' dir='ltr'>mihi</span> <span class='ocrx_word' id='word_1_92' title='bbox 1369 2307 1542 2397; x_wconf 90' lang='lat' dir='ltr'>Heloissa,</span> <span class='ocrx_word' id='word_1_93' title='bbox 1554 2307 1591 2378; x_wconf 92' lang='lat' dir='ltr'>in</span> <span class='ocrx_word' id='word_1_94' title='bbox 1610 2304 1732 2378; x_wconf 90' lang='lat' dir='ltr'>seculo</span> <span class='ocrx_word' id='word_1_95' title='bbox 1748 2302 1938 2402; x_wconf 90' lang='lat' dir='ltr'>quondam</span> <span class='ocrx_word' id='word_1_96' title='bbox 1955 2323 2049 2386; x_wconf 90' lang='lat' dir='ltr'>cara,</span> 
     </span>
     <span class='ocr_line' id='line_1_13' title="bbox 467 2424 2053 2528; baseline -0.001 -35"><span class='ocrx_word' id='word_1_97' title='bbox 467 2447 564 2494; x_wconf 90' lang='lat' dir='ltr'>nunc</span> <span class='ocrx_word' id='word_1_98' title='bbox 590 2424 627 2496; x_wconf 95' lang='lat' dir='ltr'>in</span> <span class='ocrx_word' id='word_1_99' title='bbox 651 2424 792 2496; x_wconf 90' lang='lat' dir='ltr'>Christo</span> <span class='ocrx_word' id='word_1_100' title='bbox 827 2427 1027 2520; x_wconf 88' lang='lat' dir='ltr'>carissima,</span> <span class='ocrx_word' id='word_1_101' title='bbox 1047 2429 1202 2527; x_wconf 86' lang='lat' dir='ltr'>hymnos</span> <span class='ocrx_word' id='word_1_102' title='bbox 1234 2453 1343 2528; x_wconf 84' lang='lat' dir='ltr'>graece</span> <span class='ocrx_word' id='word_1_103' title='bbox 1372 2429 1503 2520; x_wconf 87' lang='lat' dir='ltr'>dictos,</span> <span class='ocrx_word' id='word_1_104' title='bbox 1532 2426 1698 2498; x_wconf 88' lang='lat' dir='ltr'>hebraice</span> <span class='ocrx_word' id='word_1_105' title='bbox 1729 2424 1860 2497; x_wconf 83' lang='lat' dir='ltr'>tillim&#39;</span> <span class='ocrx_word' id='word_1_106' title='bbox 1893 2425 2053 2496; x_wconf 90' lang='lat' dir='ltr'>nomina·</span> 
     </span>
     <span class='ocr_line' id='line_1_14' title="bbox 469 2546 2055 2647; baseline -0.001 -33"><span class='ocrx_word' id='word_1_107' title='bbox 469 2559 523 2617; x_wconf 91' lang='lat' dir='ltr'>tos</span> <span class='ocrx_word' id='word_1_108' title='bbox 541 2547 748 2644; x_wconf 89' lang='lat' dir='ltr'>composui;</span> <span class='ocrx_word' id='word_1_109' title='bbox 773 2546 818 2618; x_wconf 89' lang='lat' dir='ltr'>ad</span> <span class='ocrx_word' id='word_1_110' title='bbox 841 2573 933 2645; x_wconf 91' lang='lat' dir='ltr'>quos</span> <span class='ocrx_word' id='word_1_111' title='bbox 953 2551 1100 2647; x_wconf 90' lang='lat' dir='ltr'>quidem</span> <span class='ocrx_word' id='word_1_112' title='bbox 1119 2575 1177 2623; x_wconf 88' lang='lat' dir='ltr'>me</span> <span class='ocrx_word' id='word_1_113' title='bbox 1201 2549 1411 2623; x_wconf 88' lang='lat' dir='ltr'>scribendos</span> <span class='ocrx_word' id='word_1_114' title='bbox 1429 2573 1541 2646; x_wconf 88' lang='lat' dir='ltr'>quum</span> <span class='ocrx_word' id='word_1_115' title='bbox 1559 2563 1631 2619; x_wconf 88' lang='lat' dir='ltr'>tam</span> <span class='ocrx_word' id='word_1_116' title='bbox 1651 2563 1689 2618; x_wconf 94' lang='lat' dir='ltr'>tu</span> <span class='ocrx_word' id='word_1_117' title='bbox 1705 2570 1813 2645; x_wconf 89' lang='lat' dir='ltr'>quarn</span> <span class='ocrx_word' id='word_1_118' title='bbox 1832 2571 1914 2643; x_wconf 87' lang='lat' dir='ltr'>quae</span> <span class='ocrx_word' id='word_1_119' title='bbox 1941 2561 2055 2617; x_wconf 88' lang='lat' dir='ltr'>tecum</span> 
     </span>
     <span class='ocr_line' id='line_1_15' title="bbox 469 2665 2056 2770; baseline -0.001 -35"><span class='ocrx_word' id='word_1_120' title='bbox 469 2680 655 2737; x_wconf 90' lang='lat' dir='ltr'>morantur</span> <span class='ocrx_word' id='word_1_121' title='bbox 677 2682 805 2739; x_wconf 90' lang='lat' dir='ltr'>sanctae</span> <span class='ocrx_word' id='word_1_122' title='bbox 822 2669 1051 2767; x_wconf 83' lang='lat' dir='ltr'>professionis</span> <span class='ocrx_word' id='word_1_123' title='bbox 1067 2670 1206 2744; x_wconf 79' lang='lat' dir='ltr'>feminae</span> <span class='ocrx_word' id='word_1_124' title='bbox 1231 2672 1356 2770; x_wconf 87' lang='lat' dir='ltr'>saepius</span> <span class='ocrx_word' id='word_1_125' title='bbox 1378 2669 1565 2768; x_wconf 85' lang='lat' dir='ltr'>urgeretis,</span> <span class='ocrx_word' id='word_1_126' title='bbox 1584 2683 1738 2740; x_wconf 89' lang='lat' dir='ltr'>vestram</span> <span class='ocrx_word' id='word_1_127' title='bbox 1763 2691 1870 2766; x_wconf 91' lang='lat' dir='ltr'>super</span> <span class='ocrx_word' id='word_1_128' title='bbox 1896 2665 1972 2736; x_wconf 90' lang='lat' dir='ltr'>hoo</span> <span class='ocrx_word' id='word_1_129' title='bbox 2001 2666 2056 2734; x_wconf 91' lang='lat' dir='ltr'>in-</span> 
     </span>
     <span class='ocr_line' id='line_1_16' title="bbox 470 2783 2055 2891; baseline 0 -36"><span class='ocrx_word' id='word_1_130' title='bbox 470 2787 666 2858; x_wconf 90' lang='lat' dir='ltr'>tentionem</span> <span class='ocrx_word' id='word_1_131' title='bbox 692 2788 871 2886; x_wconf 87' lang='lat' dir='ltr'>requisivi.</span> <span class='ocrx_word' id='word_1_132' title='bbox 902 2789 1099 2864; x_wconf 88' lang='lat' dir='ltr'>Censebam</span> <span class='ocrx_word' id='word_1_133' title='bbox 1126 2794 1260 2891; x_wconf 92' lang='lat' dir='ltr'>quippe</span> <span class='ocrx_word' id='word_1_134' title='bbox 1286 2791 1508 2889; x_wconf 84' lang='lat' dir='ltr'>superfluum</span> <span class='ocrx_word' id='word_1_135' title='bbox 1534 2813 1592 2860; x_wconf 90' lang='lat' dir='ltr'>me</span> <span class='ocrx_word' id='word_1_136' title='bbox 1614 2788 1716 2860; x_wconf 91' lang='lat' dir='ltr'>vohis</span> <span class='ocrx_word' id='word_1_137' title='bbox 1742 2809 1856 2859; x_wconf 90' lang='lat' dir='ltr'>novos</span> <span class='ocrx_word' id='word_1_138' title='bbox 1883 2783 2055 2870; x_wconf 89' lang='lat' dir='ltr'>condere,</span> 
     </span>
     <span class='ocr_line' id='line_1_17' title="bbox 468 2907 2060 3009; baseline -0.003 -30"><span class='ocrx_word' id='word_1_139' title='bbox 468 2933 582 3004; x_wconf 92' lang='lat' dir='ltr'>quum</span> <span class='ocrx_word' id='word_1_140' title='bbox 598 2922 759 2981; x_wconf 89' lang='lat' dir='ltr'>veterum</span> <span class='ocrx_word' id='word_1_141' title='bbox 778 2909 920 3008; x_wconf 86' lang='lat' dir='ltr'>copiam</span> <span class='ocrx_word' id='word_1_142' title='bbox 937 2911 1128 3001; x_wconf 83' lang='lat' dir='ltr'>habeatis³,</span> <span class='ocrx_word' id='word_1_143' title='bbox 1147 2929 1182 2984; x_wconf 91' lang='lat' dir='ltr'>et</span> <span class='ocrx_word' id='word_1_144' title='bbox 1200 2913 1301 3009; x_wconf 90' lang='lat' dir='ltr'>quasi</span> <span class='ocrx_word' id='word_1_145' title='bbox 1319 2911 1542 3008; x_wconf 85' lang='lat' dir='ltr'>sacrilegium</span> <span class='ocrx_word' id='word_1_146' title='bbox 1552 2908 1665 2981; x_wconf 90' lang='lat' dir='ltr'>videri</span> <span class='ocrx_word' id='word_1_147' title='bbox 1680 2907 1834 3006; x_wconf 85' lang='lat' dir='ltr'>antiquis</span> <span class='ocrx_word' id='word_1_148' title='bbox 1850 2922 2060 2979; x_wconf 89' lang='lat' dir='ltr'>sanctorum</span> 
     </span>
     <span class='ocr_line' id='line_1_18' title="bbox 469 3025 2061 3132; baseline -0.003 -34"><span class='ocrx_word' id='word_1_149' title='bbox 469 3026 686 3100; x_wconf 83' lang='lat' dir='ltr'>carminibus</span> <span class='ocrx_word' id='word_1_150' title='bbox 702 3054 798 3101; x_wconf 87' lang='lat' dir='ltr'>nova</span> <span class='ocrx_word' id='word_1_151' title='bbox 814 3047 1045 3130; x_wconf 88' lang='lat' dir='ltr'>peccatorum</span> <span class='ocrx_word' id='word_1_152' title='bbox 1062 3033 1224 3132; x_wconf 86' lang='lat' dir='ltr'>praeferre</span> <span class='ocrx_word' id='word_1_153' title='bbox 1247 3032 1304 3105; x_wconf 89' lang='lat' dir='ltr'>vel</span> <span class='ocrx_word' id='word_1_154' title='bbox 1324 3056 1475 3130; x_wconf 83' lang='lat' dir='ltr'>aequare.</span> <span class='ocrx_word' id='word_1_155' title='bbox 1497 3035 1619 3120; x_wconf 90' lang='lat' dir='ltr'>Quum</span> <span class='ocrx_word' id='word_1_156' title='bbox 1637 3045 1754 3102; x_wconf 91' lang='lat' dir='ltr'>autem</span> <span class='ocrx_word' id='word_1_157' title='bbox 1782 3052 1804 3100; x_wconf 90' lang='lat' dir='ltr'>a</span> <span class='ocrx_word' id='word_1_158' title='bbox 1826 3027 1981 3130; x_wconf 81' lang='lat' dir='ltr'>diversis</span> <span class='ocrx_word' id='word_1_159' title='bbox 2010 3025 2061 3096; x_wconf 93' lang='lat' dir='ltr'>di·</span> 
     </span>
     <span class='ocr_line' id='line_1_19' title="bbox 469 3147 2060 3247; baseline -0.004 -29"><span class='ocrx_word' id='word_1_160' title='bbox 469 3174 571 3220; x_wconf 92' lang='lat' dir='ltr'>versa</span> <span class='ocrx_word' id='word_1_161' title='bbox 588 3149 676 3220; x_wconf 92' lang='lat' dir='ltr'>mihi</span> <span class='ocrx_word' id='word_1_162' title='bbox 694 3149 1010 3247; x_wconf 83' lang='lat' dir='ltr'>responderentur,</span> <span class='ocrx_word' id='word_1_163' title='bbox 1030 3168 1068 3224; x_wconf 89' lang='lat' dir='ltr'>tu</span> <span class='ocrx_word' id='word_1_164' title='bbox 1083 3154 1174 3226; x_wconf 91' lang='lat' dir='ltr'>inter</span> <span class='ocrx_word' id='word_1_165' title='bbox 1191 3169 1317 3226; x_wconf 77' lang='lat' dir='ltr'>catera</span> <span class='ocrx_word' id='word_1_166' title='bbox 1335 3152 1455 3241; x_wconf 90' lang='lat' dir='ltr'>talem,</span> <span class='ocrx_word' id='word_1_167' title='bbox 1472 3151 1632 3238; x_wconf 90' lang='lat' dir='ltr'>memini,</span> <span class='ocrx_word' id='word_1_168' title='bbox 1654 3147 1834 3246; x_wconf 86' lang='lat' dir='ltr'>subjecisti</span> <span class='ocrx_word' id='word_1_169' title='bbox 1851 3149 2036 3220; x_wconf 88' lang='lat' dir='ltr'>rationem</span> <span class='ocrx_word' id='word_1_170' title='bbox 2053 3172 2060 3211; x_wconf 91' lang='lat'>:</span> 
     </span>
     <span class='ocr_line' id='line_1_20' title="bbox 470 3253 2067 3368; baseline -0.001 -30"><span class='ocrx_word' id='word_1_171' title='bbox 470 3270 624 3358; x_wconf 89' lang='lat' dir='ltr'>Scimus,</span> <span class='ocrx_word' id='word_1_172' title='bbox 651 3253 835 3365; x_wconf 80' lang='lat' dir='ltr'>inquiens,</span> <span class='ocrx_word' id='word_1_173' title='bbox 862 3267 1010 3340; x_wconf 84' lang='lat' dir='ltr'>latinam</span> <span class='ocrx_word' id='word_1_174' title='bbox 1036 3284 1071 3342; x_wconf 90' lang='lat' dir='ltr'>et</span> <span class='ocrx_word' id='word_1_175' title='bbox 1095 3272 1248 3343; x_wconf 81' lang='lat' dir='ltr'>maxime</span> <span class='ocrx_word' id='word_1_176' title='bbox 1276 3271 1486 3368; x_wconf 83' lang='lat' dir='ltr'>gallicanam</span> <span class='ocrx_word' id='word_1_177' title='bbox 1504 3271 1715 3359; x_wconf 84' lang='lat' dir='ltr'>Ecclesiam,</span> <span class='ocrx_word' id='word_1_178' title='bbox 1743 3269 1833 3340; x_wconf 91' lang='lat' dir='ltr'>sicut</span> <span class='ocrx_word' id='word_1_179' title='bbox 1854 3268 1893 3338; x_wconf 90' lang='lat' dir='ltr'>in</span> <span class='ocrx_word' id='word_1_180' title='bbox 1916 3266 2067 3366; x_wconf 86' lang='lat' dir='ltr'>psalmis</span> 
     </span>
     <span class='ocr_line' id='line_1_21' title="bbox 471 3389 2068 3490; baseline -0.001 -30"><span class='ocrx_word' id='word_1_181' title='bbox 471 3391 518 3460; x_wconf 88' lang='lat' dir='ltr'>ita</span> <span class='ocrx_word' id='word_1_182' title='bbox 535 3405 571 3461; x_wconf 90' lang='lat' dir='ltr'>et</span> <span class='ocrx_word' id='word_1_183' title='bbox 588 3391 623 3460; x_wconf 92' lang='lat' dir='ltr'>in</span> <span class='ocrx_word' id='word_1_184' title='bbox 642 3389 784 3486; x_wconf 89' lang='lat' dir='ltr'>hymnis</span> <span class='ocrx_word' id='word_1_185' title='bbox 799 3391 914 3488; x_wconf 85' lang='lat' dir='ltr'>magis</span> <span class='ocrx_word' id='word_1_186' title='bbox 934 3391 1231 3464; x_wconf 90' lang='lat' dir='ltr'>consuetudinem</span> <span class='ocrx_word' id='word_1_187' title='bbox 1250 3408 1371 3466; x_wconf 89' lang='lat' dir='ltr'>tenere</span> <span class='ocrx_word' id='word_1_188' title='bbox 1391 3416 1501 3490; x_wconf 82' lang='lat' dir='ltr'>quam</span> <span class='ocrx_word' id='word_1_189' title='bbox 1524 3392 1770 3464; x_wconf 90' lang='lat' dir='ltr'>auctoritatem</span> <span class='ocrx_word' id='word_1_190' title='bbox 1792 3392 1909 3486; x_wconf 90' lang='lat' dir='ltr'>sequi.</span> <span class='ocrx_word' id='word_1_191' title='bbox 1945 3394 2068 3460; x_wconf 89' lang='lat' dir='ltr'>Incer-</span> 
     </span>
     <span class='ocr_line' id='line_1_22' title="bbox 471 3507 2069 3610; baseline 0.001 -31"><span class='ocrx_word' id='word_1_192' title='bbox 471 3523 547 3580; x_wconf 91' lang='lat' dir='ltr'>tum</span> <span class='ocrx_word' id='word_1_193' title='bbox 565 3509 698 3580; x_wconf 88' lang='lat' dir='ltr'>etenim</span> <span class='ocrx_word' id='word_1_194' title='bbox 729 3507 849 3582; x_wconf 89' lang='lat' dir='ltr'>adhuc</span> <span class='ocrx_word' id='word_1_195' title='bbox 875 3509 1050 3583; x_wconf 86' lang='lat' dir='ltr'>habemus</span> <span class='ocrx_word' id='word_1_196' title='bbox 1080 3513 1181 3610; x_wconf 89' lang='lat' dir='ltr'>cujus</span> <span class='ocrx_word' id='word_1_197' title='bbox 1207 3514 1362 3586; x_wconf 89' lang='lat' dir='ltr'>auctoris</span> <span class='ocrx_word' id='word_1_198' title='bbox 1384 3515 1460 3586; x_wconf 61' lang='lat' dir='ltr'>hac</span> <span class='ocrx_word' id='word_1_199' title='bbox 1482 3513 1526 3584; x_wconf 91' lang='lat' dir='ltr'>sit</span> <span class='ocrx_word' id='word_1_200' title='bbox 1555 3510 1735 3584; x_wconf 90' lang='lat' dir='ltr'>translatio</span> <span class='ocrx_word' id='word_1_201' title='bbox 1764 3510 1929 3583; x_wconf 89' lang='lat' dir='ltr'>Psalterii</span> <span class='ocrx_word' id='word_1_202' title='bbox 1958 3533 2069 3609; x_wconf 90' lang='lat' dir='ltr'>quam</span> 
     </span>
     <span class='ocr_line' id='line_1_23' title="bbox 472 3627 2073 3731; baseline 0.003 -33"><span class='ocrx_word' id='word_1_203' title='bbox 472 3643 612 3719; x_wconf 91' lang='lat' dir='ltr'>nostra,</span> <span class='ocrx_word' id='word_1_204' title='bbox 633 3627 672 3699; x_wconf 92' lang='lat' dir='ltr'>id</span> <span class='ocrx_word' id='word_1_205' title='bbox 688 3643 761 3722; x_wconf 88' lang='lat' dir='ltr'>est,</span> <span class='ocrx_word' id='word_1_206' title='bbox 782 3628 953 3726; x_wconf 81' lang='lat' dir='ltr'>gallicana</span> <span class='ocrx_word' id='word_1_207' title='bbox 979 3631 1178 3730; x_wconf 87' lang='lat' dir='ltr'>frequentat</span> <span class='ocrx_word' id='word_1_208' title='bbox 1206 3634 1373 3707; x_wconf 89' lang='lat' dir='ltr'>Ecclesia.</span> <span class='ocrx_word' id='word_1_209' title='bbox 1409 3640 1526 3722; x_wconf 90' lang='lat' dir='ltr'>Quam</span> <span class='ocrx_word' id='word_1_210' title='bbox 1543 3633 1572 3706; x_wconf 91' lang='lat' dir='ltr'>si</span> <span class='ocrx_word' id='word_1_211' title='bbox 1590 3658 1631 3704; x_wconf 86' lang='lat' dir='ltr'>ex</span> <span class='ocrx_word' id='word_1_212' title='bbox 1651 3656 1775 3704; x_wconf 91' lang='lat' dir='ltr'>eorum</span> <span class='ocrx_word' id='word_1_213' title='bbox 1795 3631 1899 3704; x_wconf 90' lang='lat' dir='ltr'>dietis</span> <span class='ocrx_word' id='word_1_214' title='bbox 1930 3631 2073 3731; x_wconf 88' lang='lat' dir='ltr'>dijudi-</span> 
     </span>
     <span class='ocr_line' id='line_1_24' title="bbox 473 3748 2074 3853; baseline 0.001 -33"><span class='ocrx_word' id='word_1_215' title='bbox 473 3773 553 3821; x_wconf 88' lang='lat' dir='ltr'>care</span> <span class='ocrx_word' id='word_1_216' title='bbox 580 3748 730 3820; x_wconf 91' lang='lat' dir='ltr'>velimus</span> <span class='ocrx_word' id='word_1_217' title='bbox 752 3750 815 3847; x_wconf 92' lang='lat' dir='ltr'>qui</span> <span class='ocrx_word' id='word_1_218' title='bbox 844 3750 1116 3824; x_wconf 87' lang='lat' dir='ltr'>translationum</span> <span class='ocrx_word' id='word_1_219' title='bbox 1142 3753 1361 3827; x_wconf 89' lang='lat' dir='ltr'>diversitates</span> <span class='ocrx_word' id='word_1_220' title='bbox 1387 3753 1491 3826; x_wconf 91' lang='lat' dir='ltr'>nohis</span> <span class='ocrx_word' id='word_1_221' title='bbox 1515 3766 1752 3853; x_wconf 86' lang='lat' dir='ltr'>aperuerunt,</span> <span class='ocrx_word' id='word_1_222' title='bbox 1776 3750 1883 3850; x_wconf 86' lang='lat' dir='ltr'>longe</span> <span class='ocrx_word' id='word_1_223' title='bbox 1914 3751 1967 3825; x_wconf 88' lang='lat' dir='ltr'>ab</span> <span class='ocrx_word' id='word_1_224' title='bbox 1994 3753 2074 3824; x_wconf 93' lang='lat' dir='ltr'>uni·</span> 
     </span>
     <span class='ocr_line' id='line_1_25' title="bbox 472 3871 2077 3973; baseline 0.004 -34"><span class='ocrx_word' id='word_1_225' title='bbox 472 3872 582 3942; x_wconf 90' lang='lat' dir='ltr'>versis</span> <span class='ocrx_word' id='word_1_226' title='bbox 600 3871 951 3969; x_wconf 87' lang='lat' dir='ltr'>interpretationibus</span> <span class='ocrx_word' id='word_1_227' title='bbox 969 3873 1232 3966; x_wconf 78' lang='lat' dir='ltr'>dissidebit,‘et</span> <span class='ocrx_word' id='word_1_228' title='bbox 1249 3875 1404 3965; x_wconf 90' lang='lat' dir='ltr'>nullam,</span> <span class='ocrx_word' id='word_1_229' title='bbox 1425 3891 1464 3947; x_wconf 88' lang='lat' dir='ltr'>ut</span> <span class='ocrx_word' id='word_1_230' title='bbox 1483 3873 1652 3963; x_wconf 87' lang='lat' dir='ltr'>arbitror,</span> <span class='ocrx_word' id='word_1_231' title='bbox 1672 3874 1892 3946; x_wconf 89' lang='lat' dir='ltr'>auctoritatis</span> <span class='ocrx_word' id='word_1_232' title='bbox 1912 3874 2077 3973; x_wconf 85' lang='lat' dir='ltr'>dignita-</span> 
     </span>
     <span class='ocr_line' id='line_1_26' title="bbox 474 3987 2078 4092; baseline 0.002 -31"><span class='ocrx_word' id='word_1_233' title='bbox 474 4005 547 4061; x_wconf 90' lang='lat' dir='ltr'>tem</span> <span class='ocrx_word' id='word_1_234' title='bbox 564 3987 751 4061; x_wconf 90' lang='lat' dir='ltr'>obtinebit.</span> <span class='ocrx_word' id='word_1_235' title='bbox 773 3995 812 4061; x_wconf 94' lang='lat' dir='ltr'>lu</span> <span class='ocrx_word' id='word_1_236' title='bbox 830 4015 901 4087; x_wconf 91' lang='lat' dir='ltr'>qua</span> <span class='ocrx_word' id='word_1_237' title='bbox 919 3991 1065 4089; x_wconf 92' lang='lat' dir='ltr'>quidem</span> <span class='ocrx_word' id='word_1_238' title='bbox 1081 3993 1173 4066; x_wconf 89' lang='lat' dir='ltr'>adeo</span> <span class='ocrx_word' id='word_1_239' title='bbox 1190 3993 1359 4092; x_wconf 84' lang='lat' dir='ltr'>longaevae</span> <span class='ocrx_word' id='word_1_240' title='bbox 1377 3992 1645 4066; x_wconf 89' lang='lat' dir='ltr'>consuetudinis</span> <span class='ocrx_word' id='word_1_241' title='bbox 1670 4017 1754 4064; x_wconf 92' lang='lat' dir='ltr'>usus</span> <span class='ocrx_word' id='word_1_242' title='bbox 1768 3993 1843 4088; x_wconf 76' lang='lat' dir='ltr'>jam</span> <span class='ocrx_word' id='word_1_243' title='bbox 1862 3991 2078 4089; x_wconf 80' lang='lat' dir='ltr'>praevaluit,</span> 
     </span>
     <span class='ocr_line' id='line_1_27' title="bbox 474 4108 2078 4211; baseline 0.002 -31"><span class='ocrx_word' id='word_1_244' title='bbox 474 4124 526 4198; x_wconf 89' lang='lat' dir='ltr'>ut,</span> <span class='ocrx_word' id='word_1_245' title='bbox 538 4133 651 4206; x_wconf 91' lang='lat' dir='ltr'>quum</span> <span class='ocrx_word' id='word_1_246' title='bbox 670 4108 706 4180; x_wconf 89' lang='lat' dir='ltr'>in</span> <span class='ocrx_word' id='word_1_247' title='bbox 722 4109 856 4182; x_wconf 87' lang='lat' dir='ltr'>caeteris</span> <span class='ocrx_word' id='word_1_248' title='bbox 872 4127 1032 4184; x_wconf 89' lang='lat' dir='ltr'>correcta</span> <span class='ocrx_word' id='word_1_249' title='bbox 1050 4115 1147 4185; x_wconf 87' lang='lat' dir='ltr'>Beati</span> <span class='ocrx_word' id='word_1_250' title='bbox 1163 4113 1361 4185; x_wconf 90' lang='lat' dir='ltr'>Hieronimi</span> <span class='ocrx_word' id='word_1_251' title='bbox 1376 4127 1562 4185; x_wconf 88' lang='lat' dir='ltr'>teneamus</span> <span class='ocrx_word' id='word_1_252' title='bbox 1578 4111 1807 4211; x_wconf 82' lang='lat' dir='ltr'>exemplaria,</span> <span class='ocrx_word' id='word_1_253' title='bbox 1820 4110 1856 4181; x_wconf 89' lang='lat' dir='ltr'>in</span> <span class='ocrx_word' id='word_1_254' title='bbox 1877 4110 2078 4199; x_wconf 87' lang='lat' dir='ltr'>Psalterio,</span> 
     </span>
     <span class='ocr_line' id='line_1_28' title="bbox 475 4227 2083 4330; baseline 0.001 -31"><span class='ocrx_word' id='word_1_255' title='bbox 475 4227 575 4326; x_wconf 92' lang='lat' dir='ltr'>quod</span> <span class='ocrx_word' id='word_1_256' title='bbox 604 4228 756 4300; x_wconf 86' lang='lat' dir='ltr'>maxime</span> <span class='ocrx_word' id='word_1_257' title='bbox 784 4228 1067 4327; x_wconf 83' lang='lat' dir='ltr'>frequentamus,</span> <span class='ocrx_word' id='word_1_258' title='bbox 1097 4256 1289 4329; x_wconf 87' lang='lat' dir='ltr'>sequamur</span> <span class='ocrx_word' id='word_1_259' title='bbox 1316 4229 1533 4330; x_wconf 88' lang='lat' dir='ltr'>apocrypha.</span> <span class='ocrx_word' id='word_1_260' title='bbox 1564 4235 1789 4328; x_wconf 90' lang='lat' dir='ltr'>Hymnorum</span> <span class='ocrx_word' id='word_1_261' title='bbox 1816 4253 1906 4301; x_wconf 91' lang='lat' dir='ltr'>vero</span> <span class='ocrx_word' id='word_1_262' title='bbox 1941 4229 2083 4327; x_wconf 88' lang='lat' dir='ltr'>quibus</span> 
     </span>
     <span class='ocr_line' id='line_1_29' title="bbox 475 4337 2087 4452; baseline 0.003 -31"><span class='ocrx_word' id='word_1_263' title='bbox 475 4373 572 4421; x_wconf 90' lang='lat' dir='ltr'>nuno</span> <span class='ocrx_word' id='word_1_264' title='bbox 591 4349 724 4422; x_wconf 91' lang='lat' dir='ltr'>utimur</span> <span class='ocrx_word' id='word_1_265' title='bbox 742 4366 906 4424; x_wconf 90' lang='lat' dir='ltr'>tantaest</span> <span class='ocrx_word' id='word_1_266' title='bbox 923 4352 1086 4425; x_wconf 88' lang='lat' dir='ltr'>conlusio</span> <span class='ocrx_word' id='word_1_267' title='bbox 1105 4354 1239 4451; x_wconf 90' lang='lat' dir='ltr'>utqui,</span> <span class='ocrx_word' id='word_1_268' title='bbox 1268 4337 1424 4452; x_wconf 85' lang='lat' dir='ltr'>quorum</span> <span class='ocrx_word' id='word_1_269' title='bbox 1452 4353 1538 4443; x_wconf 88' lang='lat' dir='ltr'>sint,</span> <span class='ocrx_word' id='word_1_270' title='bbox 1566 4352 1664 4425; x_wconf 87' lang='lat' dir='ltr'>nulla</span> <span class='ocrx_word' id='word_1_271' title='bbox 1687 4350 1743 4424; x_wconf 91' lang='lat' dir='ltr'>vel</span> <span class='ocrx_word' id='word_1_272' title='bbox 1771 4374 1851 4422; x_wconf 89' lang='lat' dir='ltr'>rara</span> <span class='ocrx_word' id='word_1_273' title='bbox 1876 4350 2087 4426; x_wconf 89' lang='lat' dir='ltr'>titulorum</span> 
     </span>
     <span class='ocr_line' id='line_1_30' title="bbox 475 4470 2087 4574; baseline 0.002 -30"><span class='ocrx_word' id='word_1_274' title='bbox 475 4471 693 4572; x_wconf 84' lang='lat' dir='ltr'>praescriptio</span> <span class='ocrx_word' id='word_1_275' title='bbox 712 4470 923 4571; x_wconf 87' lang='lat' dir='ltr'>distinguat;</span> <span class='ocrx_word' id='word_1_276' title='bbox 945 4490 979 4547; x_wconf 89' lang='lat' dir='ltr'>et</span> <span class='ocrx_word' id='word_1_277' title='bbox 998 4475 1027 4547; x_wconf 92' lang='lat' dir='ltr'>si</span> <span class='ocrx_word' id='word_1_278' title='bbox 1044 4475 1153 4574; x_wconf 90' lang='lat' dir='ltr'>aliqui</span> <span class='ocrx_word' id='word_1_279' title='bbox 1171 4489 1287 4549; x_wconf 90' lang='lat' dir='ltr'>certos</span> <span class='ocrx_word' id='word_1_280' title='bbox 1313 4473 1446 4548; x_wconf 90' lang='lat' dir='ltr'>habere</span> <span class='ocrx_word' id='word_1_281' title='bbox 1473 4488 1636 4547; x_wconf 89' lang='lat' dir='ltr'>auctores</span> <span class='ocrx_word' id='word_1_282' title='bbox 1661 4473 1868 4563; x_wconf 89' lang='lat' dir='ltr'>videantur,</span> <span class='ocrx_word' id='word_1_283' title='bbox 1908 4498 2087 4572; x_wconf 90' lang='lat' dir='ltr'>quorum</span> 
     </span>
     <span class='ocr_line' id='line_1_31' title="bbox 476 4592 2091 4696; baseline 0.004 -31"><span class='ocrx_word' id='word_1_284' title='bbox 476 4594 582 4694; x_wconf 92' lang='lat' dir='ltr'>primi</span> <span class='ocrx_word' id='word_1_285' title='bbox 600 4593 758 4666; x_wconf 76' lang='lat' dir='ltr'>Hilarius</span> <span class='ocrx_word' id='word_1_286' title='bbox 782 4610 889 4692; x_wconf 90' lang='lat' dir='ltr'>atque</span> <span class='ocrx_word' id='word_1_287' title='bbox 907 4595 1114 4669; x_wconf 80' lang='lat' dir='ltr'>Ambrosius</span> <span class='ocrx_word' id='word_1_288' title='bbox 1132 4598 1285 4670; x_wconf 85' lang='lat' dir='ltr'>extitisse</span> <span class='ocrx_word' id='word_1_289' title='bbox 1310 4596 1524 4687; x_wconf 88' lang='lat' dir='ltr'>creduntur,</span> <span class='ocrx_word' id='word_1_290' title='bbox 1544 4595 1675 4668; x_wconf 91' lang='lat' dir='ltr'>deinde</span> <span class='ocrx_word' id='word_1_291' title='bbox 1691 4592 1908 4667; x_wconf 90' lang='lat' dir='ltr'>Prudentius</span> <span class='ocrx_word' id='word_1_292' title='bbox 1941 4611 1985 4670; x_wconf 90' lang='lat' dir='ltr'>et</span> <span class='ocrx_word' id='word_1_293' title='bbox 2011 4597 2091 4696; x_wconf 90' lang='lat' dir='ltr'>ple·</span> 
     </span>
     <span class='ocr_line' id='line_1_32' title="bbox 477 4713 2093 4817; baseline 0.002 -29"><span class='ocrx_word' id='word_1_294' title='bbox 477 4718 577 4812; x_wconf 91' lang='lat' dir='ltr'>rique</span> <span class='ocrx_word' id='word_1_295' title='bbox 595 4713 670 4805; x_wconf 85' lang='lat' dir='ltr'>alii,</span> <span class='ocrx_word' id='word_1_296' title='bbox 693 4730 789 4790; x_wconf 90' lang='lat' dir='ltr'>tanta</span> <span class='ocrx_word' id='word_1_297' title='bbox 806 4733 860 4790; x_wconf 88' lang='lat' dir='ltr'>est</span> <span class='ocrx_word' id='word_1_298' title='bbox 880 4717 1082 4816; x_wconf 81' lang='lat' dir='ltr'>frequenter</span> <span class='ocrx_word' id='word_1_299' title='bbox 1099 4718 1317 4817; x_wconf 80' lang='lat' dir='ltr'>inaequalitas</span> <span class='ocrx_word' id='word_1_300' title='bbox 1334 4717 1569 4816; x_wconf 84' lang='lat' dir='ltr'>syllabarum,</span> <span class='ocrx_word' id='word_1_301' title='bbox 1591 4731 1631 4788; x_wconf 90' lang='lat' dir='ltr'>ut</span> <span class='ocrx_word' id='word_1_302' title='bbox 1647 4717 1704 4788; x_wconf 82' lang='lat' dir='ltr'>vix</span> <span class='ocrx_word' id='word_1_303' title='bbox 1724 4715 1853 4787; x_wconf 87' lang='lat' dir='ltr'>cantici</span> <span class='ocrx_word' id='word_1_304' title='bbox 1868 4715 2093 4791; x_wconf 86' lang='lat' dir='ltr'>melodiam</span> 
     </span>
     <span class='ocr_line' id='line_1_33' title="bbox 477 4833 2095 4936; baseline 0.002 -28"><span class='ocrx_word' id='word_1_305' title='bbox 477 4833 669 4933; x_wconf 86' lang='lat' dir='ltr'>recipiant,</span> <span class='ocrx_word' id='word_1_306' title='bbox 698 4837 773 4909; x_wconf 89' lang='lat' dir='ltr'>sine</span> <span class='ocrx_word' id='word_1_307' title='bbox 797 4863 866 4934; x_wconf 92' lang='lat' dir='ltr'>qua</span> <span class='ocrx_word' id='word_1_308' title='bbox 885 4837 1087 4911; x_wconf 89' lang='lat' dir='ltr'>nullatenus</span> <span class='ocrx_word' id='word_1_309' title='bbox 1114 4838 1270 4935; x_wconf 92' lang='lat' dir='ltr'>hymnus</span> <span class='ocrx_word' id='word_1_310' title='bbox 1297 4837 1490 4910; x_wconf 89' lang='lat' dir='ltr'>consistere</span> <span class='ocrx_word' id='word_1_311' title='bbox 1515 4848 1653 4936; x_wconf 89' lang='lat' dir='ltr'>potest,</span> <span class='ocrx_word' id='word_1_312' title='bbox 1676 4835 1777 4932; x_wconf 91' lang='lat' dir='ltr'>cujus</span> <span class='ocrx_word' id='word_1_313' title='bbox 1800 4834 2019 4936; x_wconf 88' lang='lat' dir='ltr'>descriptio</span> <span class='ocrx_word' id='word_1_314' title='bbox 2038 4857 2095 4912; x_wconf 88' lang='lat' dir='ltr'>est</span> 
     </span>
     <span class='ocr_line' id='line_1_34' title="bbox 476 4953 2100 5057; baseline 0.004 -32"><span class='ocrx_word' id='word_1_315' title='bbox 476 4955 554 5026; x_wconf 87' lang='lat' dir='ltr'>laus</span> <span class='ocrx_word' id='word_1_316' title='bbox 570 4955 637 5026; x_wconf 90' lang='lat' dir='ltr'>Dei</span> <span class='ocrx_word' id='word_1_317' title='bbox 662 4979 746 5027; x_wconf 91' lang='lat' dir='ltr'>cum</span> <span class='ocrx_word' id='word_1_318' title='bbox 764 4958 915 5030; x_wconf 91' lang='lat' dir='ltr'>cantico.</span> <span class='ocrx_word' id='word_1_319' title='bbox 947 4958 1125 5057; x_wconf 90' lang='lat' dir='ltr'>Plerisque</span> <span class='ocrx_word' id='word_1_320' title='bbox 1150 4959 1255 5031; x_wconf 89' lang='lat' dir='ltr'>etiam</span> <span class='ocrx_word' id='word_1_321' title='bbox 1275 4953 1558 5030; x_wconf 87' lang='lat' dir='ltr'>solemnitatibus</span> <span class='ocrx_word' id='word_1_322' title='bbox 1576 4955 1735 5028; x_wconf 88' lang='lat' dir='ltr'>addebas</span> <span class='ocrx_word' id='word_1_323' title='bbox 1751 4954 1875 5027; x_wconf 88' lang='lat' dir='ltr'>deesse</span> <span class='ocrx_word' id='word_1_324' title='bbox 1900 4959 2100 5057; x_wconf 89' lang='lat' dir='ltr'>proprios</span> 
     </span>
    </p>
   </div>
   <div class='ocr_carea' id='block_1_8' title="bbox 514 5217 1785 5290">
    <p class='ocr_par' dir='ltr' id='par_1_9' title="bbox 514 5217 1785 5290">
     <span class='ocr_line' id='line_1_35' title="bbox 514 5217 1785 5290; baseline -0.001 -21"><span class='ocrx_word' id='word_1_325' title='bbox 514 5217 634 5270; x_wconf 79' lang='lat' dir='ltr'>&#39;Annales</span> <span class='ocrx_word' id='word_1_326' title='bbox 644 5221 674 5270; x_wconf 78' lang='lat' dir='ltr'>de</span> <span class='ocrx_word' id='word_1_327' title='bbox 684 5218 842 5284; x_wconf 76' lang='lat' dir='ltr'>Philosophia</span> <span class='ocrx_word' id='word_1_328' title='bbox 849 5222 1076 5288; x_wconf 58' lang='lat' dir='ltr'>obedientiam-8⁰.</span> <span class='ocrx_word' id='word_1_329' title='bbox 1084 5222 1184 5277; x_wconf 87' lang='lat' dir='ltr'>lanvier</span> <span class='ocrx_word' id='word_1_330' title='bbox 1194 5221 1315 5275; x_wconf 71' lang='lat' dir='ltr'>laih-¹</span> <span class='ocrx_word' id='word_1_331' title='bbox 1327 5223 1391 5290; x_wconf 77' lang='lat' dir='ltr'>Lege</span> <span class='ocrx_word' id='word_1_332' title='bbox 1400 5222 1509 5274; x_wconf 77' lang='lat' dir='ltr'>tehillim.</span> <span class='ocrx_word' id='word_1_333' title='bbox 1518 5247 1551 5262; x_wconf 89' lang='lat'><em>-</em></span> <span class='ocrx_word' id='word_1_334' title='bbox 1561 5221 1571 5250; x_wconf 81' lang='lat'>⁸</span> <span class='ocrx_word' id='word_1_335' title='bbox 1581 5221 1646 5286; x_wconf 70' lang='lat' dir='ltr'>hege</span> <span class='ocrx_word' id='word_1_336' title='bbox 1655 5221 1785 5270; x_wconf 69' lang='lat' dir='ltr'>hotmaris.</span> 
     </span>
    </p>
   </div>
   <div class='ocr_carea' id='block_1_9' title="bbox 0 0 2274 6100">
    <p class='ocr_par' dir='ltr' id='par_1_10' title="bbox 0 0 2274 6100">
     <span class='ocr_line' id='line_1_36' title="bbox 0 0 2274 6100; baseline 0 0"><span class='ocrx_word' id='word_1_337' title='bbox 0 0 2274 6100; x_wconf 95' lang='lat' dir='ltr'> </span> 
     </span>
    </p>
   </div>
  </div>
 </body>
</html>
