4510 6108
415 547 488 620 480
1013 549 1142 620 PETRl
1167 549 1402 622 ABAELARDl

415 689 477 786 qui
494 688 598 760 datus
614 705 667 761 est
689 689 808 762 nobis.
824 718 842 758 n
860 689 1013 780 Diffusa,
1041 691 1175 787 inquit,
1203 692 1322 789 potius
1347 715 1456 788 quam
1476 689 1612 778 infusa3
1635 689 1707 761 boc
1727 705 1781 762 est
1801 689 1946 762 dilatata
1961 691 1997 762 in
2033 731 2038 742 ·

416 807 639 905 plenitudine
656 809 852 899 donorum,
866 834 941 882 non
952 809 1093 882 stillata.
1112 811 1277 906 Legimus
1293 825 1329 882 et
1343 812 1541 882 Dominum
1558 809 1617 882 die
1633 811 1903 882 resurrectionis
1919 813 1999 908 Spi-

415 929 524 1001 ritum
536 931 706 1031 apostolis
723 932 941 1004 insufflando
959 930 1098 1003 dedisse
1115 947 1221 1030 atque
1239 932 1381 1004 dixisse¹
1398 961 1405 1005 :
1424 963 1441 1000 n
1456 933 1612 1032 Accipite
1627 933 1798 1031 Spiritum
1814 947 1995 1021 sanctum3

414 1074 571 1147 quorum
587 1051 792 1124 remiseritis
807 1068 969 1154 peccata,
981 1067 1050 1124 etc.
1062 1079 1080 1120 n
1101 1058 1145 1124 Et
1161 1067 1247 1124 tunc
1262 1052 1410 1150 quidem
1428 1053 1579 1151 Spiritus
1592 1052 1763 1150 apostolis
1780 1067 1832 1125 est
1847 1052 1995 1150 infusus,

414 1195 490 1242 non
518 1172 569 1244 eis
597 1171 746 1244 diffusus
767 1201 775 1243 ε
795 1173 865 1244 hoc
890 1188 960 1261 est,
988 1172 1036 1245 ad
1059 1197 1174 1245 unum
1199 1173 1384 1272 potestatis
1406 1173 1545 1244 donum
1575 1173 1625 1245 eis
1651 1173 1820 1262 collatus,
1851 1197 1926 1244 non
1953 1172 1998 1243 ad

413 1291 538 1362 omnia
563 1291 778 1365 charismata
799 1291 978 1364 dilatatus.
1009 1294 1117 1381 Quod
1144 1294 1268 1390 utique
1296 1293 1434 1365 donum
1456 1294 1494 1364 in
1522 1292 1700 1390 subjectos
1726 1295 1846 1392 potius
1872 1294 1999 1364 redun-

415 1408 533 1500 daret,
549 1435 659 1508 quam
674 1413 711 1481 in
726 1412 811 1510 ipsis
828 1411 1067 1484 smctificaret.
1086 1417 1161 1484 Hac
1173 1437 1260 1484 vero
1274 1412 1350 1502 die,
1364 1437 1435 1511 qua
1450 1411 1682 1510 intelligentia
1696 1428 1781 1484 sunt
1791 1412 1994 1498 illuminati,

415 1543 450 1600 et
471 1529 552 1625 igne
577 1530 733 1602 caritatis
753 1532 910 1620 accensi,
938 1534 975 1602 in
997 1531 1097 1603 omni
1118 1532 1300 1604 bonorum
1320 1531 1539 1629 perfectione
1565 1545 1649 1603 sunt
1670 1531 1921 1603 consummati.
1946 1531 1996 1601 Ad

416 1648 509 1719 banc
526 1673 588 1722 eos
604 1651 953 1722 consummationem
971 1665 1044 1722 tam
1060 1653 1272 1723 resurrectio
1287 1651 1433 1723 Domini
1449 1675 1559 1748 quam
1577 1653 1738 1722 ascensio
1755 1649 1965 1748 praeparavit
1986 1677 1994 1718 :

414 1769 505 1838 sicut
517 1768 672 1867 populus
686 1771 752 1840 Dei
761 1769 876 1867 legem
884 1785 1125 1868 suscepturus,
1139 1770 1252 1844 biduo
1262 1771 1308 1842 ad
1318 1771 1413 1843 hanc
1422 1771 1686 1868 susceptionem
1698 1784 1751 1840 est
1764 1781 1994 1867 praeparatuS,

415 1886 574 1957 Domino
594 1911 659 1984 per
678 1891 831 1985 Moysen
846 1887 1002 1960 dicente*
1021 1917 1029 1959 :
1051 1894 1206 1962 «Estote
1222 1891 1337 1988 parati
1355 1891 1392 1960 in
1415 1890 1512 1962 diem
1533 1891 1697 1977 tertium,
1719 1902 1788 1960 etc.
1806 1915 1823 1953 u
1844 1887 1935 1957 Hinc
1952 1885 1997 1956 de

401 2008 676 2078 .resurrectione
691 2010 826 2106 pariter
841 2023 876 2080 et
897 2011 1105 2081 ascensione
1116 2011 1289 2108 scriptum
1308 2011 1375 2081 est⁸
1395 2037 1404 2080 t
1425 2008 1622 2080 «Nondum
1642 2008 1739 2079 enim
1756 2021 1833 2078 erat
1849 2005 1997 2104 Spiritus

416 2127 538 2216 datus,
553 2128 638 2224 quia
654 2131 755 2199 Jesus
771 2127 937 2199 nondum
953 2128 1067 2201 luerat
1088 2128 1317 2227 glorificatus.
1334 2156 1352 2196 n
1371 2135 1416 2200 Et
1435 2132 1593 2200 rursum*
1614 2155 1623 2197 ι
1644 2126 1825 2225 «Expedit
1840 2124 1944 2197 vobis
1960 2139 1997 2194 ut

417 2270 483 2341 ego
501 2245 644 2318 vadam.
665 2247 738 2318 Nisi
755 2247 853 2318 enim
869 2247 1011 2338 abiero,
1030 2249 1222 2322 Paraclitus
1238 2275 1313 2322 non
1336 2250 1467 2320 veniet.
1480 2277 1497 2316 n
1518 2254 1563 2320 Ut
1579 2272 1665 2344 ergo
1686 2247 1836 2344 Spiritus
1857 2258 1997 2316 sanctus

415 2365 570 2456 veniret,
590 2381 663 2438 tam
684 2369 953 2440 resurrectionis
969 2393 1080 2466 quam
1100 2372 1318 2442 ascensionis
1337 2369 1449 2466 gloria
1465 2369 1626 2441 Christus
1643 2367 1756 2439 firerat
1771 2365 1995 2450 exaltandus,

416 2503 456 2560 ut
464 2491 515 2560 sio
525 2475 689 2589 discipuli
699 2505 774 2563 tarn
784 2490 855 2563 fide
865 2516 976 2590 quam
988 2517 1051 2591 spe
1064 2492 1189 2564 futurae
1202 2492 1406 2565 beatudinis
1416 2490 1590 2578 roborati,
1601 2489 1819 2589 promissum
1829 2488 1997 2586 Spiritum

416 2609 575 2706 accipere
599 2626 839 2700 mererentur,
864 2627 904 2683 ut
926 2636 991 2710 per
1011 2635 1116 2701 eum,
1151 2613 1213 2710 qui
1234 2635 1336 2684 amor
1357 2609 1505 2698 dicitur,
1529 2608 1924 2682 consummarenturin
1945 2630 1999 2678 ca·

415 2727 531 2800 ritate.
560 2729 752 2801 Caritatem
780 2731 931 2830 quippe,
961 2755 1040 2829 quae
1064 2746 1146 2830 post
1171 2729 1281 2803 fidem
1306 2745 1341 2802 et
1362 2755 1463 2828 spem
1490 2729 1688 2828 perlectum
1715 2725 1845 2814 efficit,
1868 2741 1904 2796 et
1923 2723 1996 2796 sola

415 2844 507 2919 filios
524 2849 589 2919 Dei
603 2874 625 2920 a
642 2848 721 2922 filiis
737 2850 872 2923 diaboli
888 2850 1076 2940 discernit,
1091 2850 1168 2922 boec
1180 2850 1256 2923 dies
1269 2849 1440 2950 apostolis
1454 2847 1619 2938 contulit,
1632 2848 1724 2920 sicut
1735 2846 1908 2945 scriptum
1925 2860 1993 2916 est:

418 2969 583 3041 «Caritas
599 2971 664 3041 Dei
681 2970 812 3046 dillusa
828 2988 898 3063 est,
926 2989 994 3046 etc.
1010 3003 1028 3042 n

463 3093 545 3160 Haec
561 3113 647 3187 ergo
663 3089 831 3166 festivitas
847 3095 1002 3167 caritatis
1015 3109 1117 3167 tanto
1134 3096 1268 3168 caeteris
1289 3092 1516 3166 excellentior
1531 3091 1691 3177 videtur,
1716 3102 1854 3187 quantp
1870 3086 1998 3157 caritas

415 3211 548 3284 oaeteris
563 3212 756 3288 virtutibus
776 3216 851 3285 sive
867 3215 973 3288 donis
988 3217 1054 3288 Dei
1074 3217 1285 3314 praeminere
1301 3216 1474 3286 noscitur.
1497 3220 1541 3285 Et
1557 3213 1642 3311 quia
1662 3213 1790 3282 minus
1802 3223 1854 3280 est
1871 3206 1917 3278 ad
1932 3205 1998 3276 ho·

414 3330 521 3402 minis
536 3331 793 3429 perfectionem
809 3337 925 3405 Deum
941 3359 1078 3425 amare,
1092 3335 1158 3407 nisi
1176 3351 1211 3407 et
1226 3334 1315 3407 alios
1331 3335 1367 3406 in
1385 3356 1546 3405 amorem
1563 3333 1638 3427 ejus
1654 3344 1777 3402 nostra
1792 3325 1997 3426 predicatio

415 3453 503 3523 sciat
518 3453 731 3542 accendere,
756 3467 797 3524 ut
810 3454 912 3551 quod
928 3455 1075 3528 iacimus
1100 3456 1189 3528 alios
1213 3455 1426 3544 doceamus,
1450 3455 1550 3550 juna
1572 3451 1660 3525 illud
1685 3451 1850 3522 Veritatis
1865 3471 1997 3546 praeoo·

416 3573 532 3643 niune
552 3599 559 3642 :
581 3573 683 3660 «Qui
704 3587 823 3645 autem
849 3572 970 3647 fecerit
990 3590 1025 3648 et
1045 3576 1208 3648 docuerit
1227 3577 1278 3648 sic
1298 3575 1483 3664 homines,
1505 3574 1565 3645 hic
1586 3596 1736 3668 magnus
1755 3568 1944 3641 vocabitur
1959 3569 1995 3638 in

415 3715 527 3788 regno
544 3691 734 3782 coelorum,
751 3720 768 3760 n
791 3694 929 3767 caritati
944 3696 1203 3796 discipulorum
1218 3696 1384 3768 doctrina
1399 3712 1453 3768 est
1468 3695 1607 3783 addita,
1622 3707 1663 3765 ut
1678 3693 1723 3762 in
1734 3704 1885 3786 utroque
1901 3690 1996 3786 ipsos

414 3836 568 3911 praesens
589 3830 854 3886 consummaret
874 3816 961 3890 dies.
986 3818 1089 3890 Unde
1110 3834 1146 3891 et
1160 3817 1254 3889 bene
1274 3819 1311 3888 in
1332 3817 1444 3914 igneis
1466 3815 1595 3912 linguis
1616 3837 1722 3912 super
1743 3835 1805 3882 eos
1820 3833 1995 3908 apparen-

414 3930 510 4003 tibus
533 3933 645 4004 sancti
671 3933 821 4031 Spiritus
845 3935 1020 4010 revelatus
1049 3953 1102 4011 est
1129 3938 1322 4026 adventus,
1353 3953 1393 4008 ut
1419 3935 1586 4008 videlicet
1614 3933 1705 4030 ignis
1732 3945 1768 4002 et
1794 3929 1996 4025 linguarum

414 4055 531 4154 specie
546 4054 773 4127 manifestum
789 4057 930 4153 signum
946 4061 1078 4131 amoris
1094 4075 1130 4132 et
1149 4061 1340 4148 doctrinae,
1364 4073 1404 4130 ut
1419 4082 1485 4156 per
1500 4079 1661 4129 amorem
1676 4053 1762 4140 sibi,
1785 4074 1851 4149 per
1865 4048 1997 4119 doctri·

415 4199 499 4246 narn
519 4173 735 4274 proficerent
750 4175 838 4248 aliis.
863 4181 933 4250 Lex
953 4179 1036 4251 data
1057 4181 1094 4251 in
1116 4195 1240 4251 monte
1256 4179 1371 4268 Sinai,
1394 4179 1562 4249 timorem
1582 4173 1758 4246 incutiens
1774 4171 1812 4240 in
1828 4167 1996 4239 servitute

414 4295 547 4393 genuit.
576 4295 726 4393 Spiritus
749 4320 837 4368 vero
859 4298 896 4368 in
921 4300 1163 4398 superioribus
1179 4299 1355 4371 coenaculi
1377 4297 1499 4386 datus,
1518 4296 1653 4392 dequo
1670 4287 1881 4390 Apostolus,
1903 4285 1992 4357 ait‘:

417 4414 522 4486 «Ubi
548 4414 698 4512 Spiritus
723 4416 886 4506 Domini,
914 4417 965 4491 ibi
993 4417 1155 4510 libertas,
1170 4447 1188 4487 n
1223 4443 1345 4490 servos
1372 4418 1409 4488 in
1438 4415 1530 4487 filios
1558 4411 1752 4498 convertit,
1781 4409 1873 4479 sicut
1899 4404 1995 4475 idem

415 4535 597 4634 apostolus
619 4535 666 4606 ad
682 4539 864 4609 Romanos
879 4539 1037 4616 scribit⁷t
1055 4542 1162 4610 «Non
1179 4540 1275 4611 enirn
1292 4537 1476 4635 accepistis
1492 4536 1657 4633 spiritum
1672 4528 1850 4603 servitutis
1865 4525 1995 4599 iterum

414 4657 450 4727 in
463 4656 606 4744 timore,
619 4654 682 4726 sed
698 4657 881 4755 accepistis
897 4659 1062 4756 spiritum
1078 4659 1298 4756 adoptionis,
1309 4658 1346 4728 in
1363 4680 1438 4754 quo
1454 4654 1671 4726 clamamus:
1687 4679 1705 4718 n
1718 4645 1832 4732 Abba,
1850 4658 1994 4742 pater.»

415 4781 457 4848 Et
474 4778 520 4850 ad
535 4775 693 4848 Galatas⁸
712 4805 719 4846 :
742 4777 968 4867 «Quoniam,
984 4807 1001 4846 n
1021 4779 1153 4876 inquit,
1175 4807 1193 4846 ι
1205 4778 1296 4855 estis¹
1304 4774 1387 4866 filii,
1406 4775 1502 4847 misit
1517 4777 1612 4844 Deus
1628 4770 1793 4870 spiritum
1809 4764 1871 4835 filii
1886 4765 1941 4834 sui
1958 4765 1994 4834 in

448 5079 455 5105 ¹
474 5079 555 5139 loen..
572 5094 629 5146 cap.
640 5097 687 5142 ιι,
701 5095 723 5131 ι.
740 5081 780 5130 2³.
790 5103 822 5117 ·-
834 5077 845 5106 '
859 5081 955 5140 Esca,
968 5032 1024 5146 cabi
1036 5096 1094 5140 ιιι,
1106 5097 1129 5131 ι.
1146 5083 1184 5131 15.
1227 5079 1345 5140 ‘llatth.,
1356 5093 1412 5144 cap.
1425 5094 1450 5138 r,
1462 5092 1485 5128 v.
1500 5076 1539 5126 19.
1551 5099 1585 5111 -
1595 5072 1606 5100 ⁸
1617 5070 1723 5124 Corinth.
1739 5069 1777 5130 ll,
1791 5083 1847 5135 cap.
1861 5082 1901 5127 nr,
1913 5081 1936 5114 r.
1956 5065 1996 5113 1⁷.

412 5189 445 5209 .-
458 5163 466 5189 '
477 5162 560 5230 lnam,
571 5179 627 5231 cap.
637 5180 694 5228 un,
704 5181 726 5215 r.
740 5165 781 5216 39.
792 5163 939 5228 -⁴loan.,
950 5179 1007 5232 cap.
1021 5181 1077 5225 ιιι,
1092 5181 1115 5213 ι.
1126 5169 1185 5216 7.-
1225 5163 1273 5200 -ἵ
1284 5165 1366 5224 Ram„
1376 5177 1432 5229 cap.
1444 5177 1499 5221 nn,
1509 5176 1532 5211 r.
1548 5161 1584 5210 n.
1599 5155 1648 5196 -⁸
1662 5157 1755 5214 Galat..
1768 5169 1824 5219 cap.
1839 5167 1872 5214 ιι,
1882 5167 1906 5201 ι.
1919 5151 1945 5200 tt.
