4606 6106
477 533 547 604 250
989 526 1213 596 flututssffi
1237 525 1531 598 ruotbertum

477 669 690 758 intenderet,
707 669 805 766 quod
823 668 894 740 hoc
911 692 1036 740 eorum
1056 669 1244 764 arguendae
1258 672 1420 742 vetustati
1439 668 1582 741 videbat
1598 670 1823 768 potissimum
1841 670 2047 740 convenire.

478 795 530 860 De
541 813 612 886 qua
627 804 664 860 ut
677 787 722 858 ad
737 789 928 860 novitatem
940 812 1002 860 eos
1012 787 1275 860 transferendos
1288 812 1364 860 esse
1377 791 1558 878 institeret,
1583 788 1639 860 vel
1657 787 1887 878 admoneret,
1914 811 2049 860 novum

477 910 586 982 veteri
601 911 866 982 testamentum¹
879 907 997 980 statim
1013 907 1207 1002 subjunxit,
1224 923 1263 980 ut
1275 909 1325 979 sic
1342 908 1613 1005 quodammodo
1626 907 1715 980 illud
1730 932 1874 1006 quoque
1894 923 1996 980 vetus
2013 909 2050 979 in

479 1051 613 1100 novum
630 1030 820 1102 transiret:
845 1026 932 1096 dum
951 1026 999 1098 illi
1012 1025 1144 1098 scilicet
1164 1041 1370 1100 vetustatem
1389 1027 1629 1126 deponentes,
1650 1027 1697 1098 de
1720 1050 1830 1122 reguo
1857 1029 1990 1126 peccati
2014 1028 2050 1097 in

479 1173 626 1244 reguum
641 1149 828 1218 transirent
839 1147 924 1236 Dei,
940 1160 977 1218 et
991 1149 1029 1217 iu
1043 1149 1151 1230 veteri
1166 1145 1296 1244 pascha
1308 1172 1382 1219 non
1391 1147 1467 1243 jam
1478 1147 1649 1236 litteram,
1666 1147 1729 1220 sed
1741 1147 1933 1246 spiritalem
1945 1145 2051 1218 intel-

478 1265 656 1364 ligentiam
675 1281 917 1364 sequerentur,
929 1281 974 1338 et
991 1267 1041 1337 sic
1059 1265 1105 1338 de
1124 1281 1295 1339 vetustate
1311 1266 1431 1338 litterae
1444 1266 1491 1337 ad
1503 1268 1697 1338 novitatem
1714 1267 1857 1364 spiritus
1869 1265 2049 1339 deferren-

479 1403 557 1460 tur:
575 1389 673 1485 quod
692 1403 745 1460 est
758 1386 935 1458 Christum
949 1411 1045 1458 nune
1062 1388 1169 1458 etiam
1186 1411 1269 1458 cum
1287 1388 1337 1458 eis
1355 1401 1455 1458 vetus
1471 1387 1602 1485 pascha
1625 1385 1858 1473 manducare,
1879 1399 1916 1456 et
1934 1387 2051 1484 ipsum

477 1509 513 1578 in
529 1532 662 1578 novum
677 1511 925 1595 commutare¹,
942 1529 1054 1602 quum
1071 1504 1121 1576 ibi
1138 1503 1226 1576 illud
1245 1503 1386 1602 figurari
1402 1505 1677 1605 perpendimus,
1693 1503 1792 1603 quod
1806 1507 1842 1577 in
1855 1529 1952 1577 novo
1967 1508 2068 1576 eon-⁴

477 1627 647 1697 summari
664 1624 852 1710 credimus.
870 1624 973 1696 Unde
991 1638 1026 1696 et
1041 1625 1115 1722 ipse
1128 1639 1209 1721 post
1223 1625 1518 1697 resurrectionem
1532 1627 1649 1696 statim
1667 1625 1838 1724 incipiens
1850 1647 1872 1694 a
1884 1627 2005 1719 Moyse
2016 1637 2052 1694 et

478 1747 711 1843 interpretans
722 1745 758 1815 in
771 1742 1155 1841 omnibusvscripturis,
1170 1757 1269 1814 vetus
1282 1758 1542 1816 sacramentum
1555 1745 1592 1814 in
1604 1767 1740 1816 novum
1758 1743 1945 1831 convertit,
1965 1740 2052 1812 dum

478 1864 563 1935 illud
582 1889 645 1962 per
663 1863 927 1960 intelligentiam
939 1845 1226 1960 huic'applicuit,
1242 1877 1278 1934 et
1290 1865 1391 1959 quasi
1405 1877 1519 1933 rotam
1531 1863 1566 1932 in
1583 1877 1659 1934 rota
1672 1861 1862 1946 conclusit,
1877 1875 1913 1932 et
1924 1883 2052 1958 aquam

384 1996 390 2005 '
463 1985 562 2080 'legis
580 1986 616 2054 in
634 1986 755 2056 vinum
773 1982 950 2079 Evangelii
967 1983 1153 2054 convertit.
1173 1987 1216 2053 Et
1223 1983 1297 2078 jam
1313 1985 1419 2054 etiam
1432 1997 1536 2054 vetus
1550 1982 1679 2080 pascha
1692 1997 1862 2078 tanquam
1879 1975 2053 2054 mutatum

479 2110 514 2178 iu
534 2131 668 2180 novum
687 2105 873 2178 nobiscum
891 2104 1104 2176 manducat:
1128 2107 1212 2201 quia
1233 2120 1319 2176 tunc
1341 2131 1425 2177 eum
1449 2105 1626 2178 reficimus
1646 2131 1687 2178 ac
1709 2106 1947 2193 delectamus,
1967 2106 2052 2178 dum

478 2229 528 2300 sic
544 2226 637 2298 istud
654 2227 845 2314 sumimus,
867 2225 956 2296 sicut
972 2226 1008 2295 in
1027 2223 1089 2296 illo
1107 2223 1322 2296 sumendum
1341 2225 1458 2297 edocti
1482 2227 1626 2322 mystice
1650 2249 1793 2312 sumus,
1815 2227 1850 2296 in
1873 2249 1935 2297 esu
1960 2226 2054 2298 vide·

420 2421 427 2429 ,
479 2345 559 2418 licet
572 2347 654 2442 agni
671 2345 828 2434 ethardi,
847 2359 883 2415 et
895 2342 1088 2439 agrestibus
1103 2341 1263 2433 lactucis,
1282 2343 1336 2415 vel
1350 2346 1483 2418 caeteris
1494 2343 1562 2415 ibi·
1575 2345 1786 2416 constitutis.
1804 2349 1912 2416 Vetus
1925 2345 2054 2442 pascha

480 2490 552 2538 uon
576 2490 711 2536 novum
735 2488 818 2537 cum
842 2462 1023 2561 discipulis
1046 2462 1206 2534 Christus
1229 2463 1420 2536 manducat
1444 2491 1452 2535 ε
1472 2465 1547 2563 ipse
1570 2467 1704 2562 quippe
1721 2466 1836 2564 ipsum
1856 2480 1909 2536 est
1924 2463 2054 2564 pascha

479 2609 613 2657 novum
623 2585 721 2680 juxta
739 2583 826 2657 illud
841 2580 1018 2681 Apostoli*
1033 2608 1041 2650 z
1061 2609 1079 2649 n
1094 2582 1229 2652 Etenim
1244 2583 1375 2681 pascha
1389 2599 1552 2656 nostrum
1566 2585 1769 2655 immolatus
1783 2599 1836 2655 est
1852 2583 2023 2673 Christus,
2034 2615 2052 2653 u

478 2704 623 2800 quando
640 2717 761 2776 nostra
778 2703 893 2793 hostia
911 2702 986 2800 ipse
1004 2715 1056 2772 est
1074 2701 1202 2792 factus,
1221 2717 1256 2773 et
1268 2703 1384 2800 ipsum
1399 2704 1436 2773 in
1455 2718 1678 2776 sacramento
1694 2705 1854 2801 quotidie
1869 2705 2051 2776 sumimus.

481 2829 584 2896 Recte
601 2848 745 2921 quoque
762 2821 848 2894 hinc
865 2836 965 2892 vetus
980 2819 1112 2919 pascha
1128 2845 1211 2893 cum
1230 2821 1412 2921 discipulis
1430 2822 1640 2912 celebravit,
1661 2848 1773 2922 quum
1791 2825 1867 2921 ipse
1884 2823 2002 2896 adhuc
2019 2827 2055 2896 in

480 2946 587 3016 veteri
601 2944 747 3016 homine
765 2957 854 3014 esset
873 2966 915 3012 ex
933 2941 1094 3039 corporis
1113 2941 1344 3031 mortalitate,
1361 2944 1452 3015 sicut
1464 2943 1513 3014 illi
1527 2967 1570 3015 ex
1582 2967 1724 3014 morum
1745 2942 1987 3015 similitudine.
2001 2945 2057 3015 Sic

479 3063 692 3134 econtrario
713 3061 813 3157 quasi
831 3083 945 3131 novus
963 3083 1046 3130 cum
1065 3061 1167 3148 novis
1185 3084 1320 3131 novum
1339 3064 1502 3158 genimen
1521 3064 1600 3134 vitis
1614 3087 1711 3136 nunc
1734 3061 1846 3146 bibit,
1872 3063 1960 3135 dum
1984 3065 2056 3162 ipse

478 3207 541 3279 per
559 3181 875 3268 immortalitatem,
895 3194 932 3250 et
951 3180 1007 3250 isti
1025 3203 1090 3276 per
1108 3203 1251 3251 morum
1275 3181 1535 3273 diversitatem,
1561 3183 1725 3281 deposito
1750 3185 1861 3256 veteri
1884 3184 2053 3272 homine,

479 3303 552 3372 veri
569 3299 730 3371 sacrificii
745 3299 969 3373 delectantur
988 3299 1144 3369 novitate
1161 3326 1169 3368 ι
1187 3314 1223 3402 et
1236 3314 1406 3396 tanquam
1420 3302 1495 3400 ipse
1509 3327 1590 3375 cum
1606 3305 1655 3374 eis
1668 3303 1774 3390 bibit,
1789 3303 1877 3375 dum
1888 3303 1924 3374 id
1936 3307 2057 3401 caput·

478 3421 515 3491 in
531 3419 702 3491 membris
716 3420 796 3515 agit.
814 3421 923 3489 Vetus
943 3415 1074 3488 Pascha
1092 3418 1238 3490 calicem
1261 3445 1335 3490 non
1357 3421 1499 3512 babuit,
1515 3423 1599 3520 quia
1617 3423 1672 3494 lex
1691 3423 1738 3496 ad
1754 3423 1950 3520 perfectum
1972 3421 2056 3496 nihil

479 3538 641 3628 adduxit,
663 3539 816 3635 ideoque
833 3539 870 3608 in
887 3535 963 3632 ejus
978 3535 1150 3608 sacrificio
1163 3538 1317 3636 perlecta
1334 3564 1408 3612 nou
1425 3541 1550 3614 debuit
1567 3565 1642 3613 esse
1660 3542 1815 3614 refectio.

1038 3725 1218 3773 PROBLEMA
1244 3729 1409 3776 tssttotsffl
1434 3731 1509 3777 Vlll.

530 3844 636 3934 Quod
654 3845 828 3916 Dominus
844 3868 911 3942 pro
928 3842 1086 3948 adultera
1098 3843 1282 3917 liberanda
1300 3845 1428 3919 ludaeis
1449 3850 1653 3946 respondit⁸
1669 3877 1677 3920 ε
1695 3850 1797 3938 «Qui
1816 3851 1892 3922 sine
1915 3863 2056 3948 peccato

483 3981 534 4036 est
547 3981 701 4036 vestrum
715 4019 724 4056 ,
740 3965 876 4064 primus
893 3965 928 4034 in
949 3988 1027 4035 eam
1044 3963 1200 4064 lapidem
1219 3967 1354 4057 mittat,
1373 3994 1390 4032 u
1413 3981 1449 4039 et
1467 3969 1518 4039 sic
1544 3993 1623 4040 eam
1639 3970 1748 4059 eruit,
1773 3967 1938 4040 nonnihil
1954 3967 2058 4040 habet

482 4085 696 4182 quaestionis.
709 4088 829 4172 Quum
843 4085 939 4156 enim
952 4107 1029 4154 eam
1045 4081 1192 4181 lapidari
1204 4108 1278 4156 non
1292 4086 1483 4183 permittit,
1499 4087 1566 4158 nisi
1578 4085 1623 4158 ab
1636 4111 1680 4158 eo
1695 4089 1756 4184 qui
1767 4101 1914 4186 peccato
1928 4099 2055 4173 careat,

482 4205 582 4281 omni
595 4204 733 4276 homini
748 4204 938 4277 vindictam
959 4209 1121 4276 exercere
1142 4202 1283 4275 videtur
1302 4204 1515 4278 interdicere
1532 4231 1667 4303 :quum
1689 4231 1796 4279 nemo
1811 4204 1967 4278 mundus
1985 4207 2058 4278 sita

483 4325 610 4416 sorde,
629 4351 696 4399 nec
716 4327 832 4398 iulans
851 4327 955 4397 unius
974 4324 1061 4414 diei,
1078 4324 1107 4394 si
1124 4324 1194 4395 vita
1213 4325 1257 4396 sit
1274 4325 1349 4421 ejus
1363 4350 1470 4424 super
1482 4341 1612 4399 terram
1623 4331 1645 4397 ⁷.

1098 4483 1232 4555 Solutio
1249 4481 1443 4558 Ahaelardt.

532 4632 706 4702 Dominus
725 4635 825 4702 lesus
840 4653 883 4700 ex
900 4625 1028 4698 ludaeis
1045 4625 1142 4696 solus
1160 4626 1330 4698 intereos
1348 4627 1413 4699 fuit
1431 4630 1508 4700 sine
1525 4643 1691 4726 peccato;
1712 4627 1771 4730 hic
1794 4626 1991 4700 adulteram
2012 4627 2064 4697 la·-

484 4751 599 4850 pidat,
621 4764 658 4820 et
678 4749 845 4820 seminam
868 4759 1000 4832 serrat,
1022 4739 1110 4816 dum
1130 4744 1403 4819 misericorditer
1418 4749 1452 4818 ei
1466 4746 1598 4845 parcit,
1613 4747 1710 4818 etsie
1723 4771 1743 4818 a
1757 4747 1895 4843 flagitiis
1908 4747 1979 4818 suis
1993 4767 2059 4843 poe·

520 4961 526 4984 ⁸
542 4960 724 5008 Sacramentum
737 4953 798 5004 Cod.
811 4981 840 4990 -
854 4952 864 4978 '
881 4953 912 5001 Et
927 4956 1002 5014 iprum
1016 4956 1041 5001 in
1055 4967 1139 5002 nouum
1153 4966 1258 5002 ccmnta-
1293 4953 1355 5006 lidd.
1367 4983 1390 4992 -
1405 4953 1505 5015 ssusa,
1516 4970 1571 5022 cap.
1586 4971 1641 5018 vm,
1655 4971 1678 5005 t.
1691 4959 1715 5006 7.
1726 4982 1756 4992 -
1769 4955 1777 4981 ²
1791 4953 1854 5006 Cod.
1867 4953 1929 5004 vict.
1938 4979 1957 4992 -
1967 4955 2015 5004 Nec
2024 4959 2059 5004 in·

486 5057 538 5094 tare
549 5045 637 5092 dosunt
648 5043 672 5092 in
688 5040 748 5091 Cod.
762 5039 825 5088 Vict.
833 5037 883 5076 ·-⁸
894 5037 956 5090 Cod.
968 5037 1030 5086 Vict.
1041 5038 1117 5088 -sur
1127 5041 1260 5088 constitutis
1287 5043 1347 5104 saar
1361 5042 1430 5102 cujus
1442 5045 1510 5090 umus
1522 5043 1569 5090 diei
1581 5043 1631 5090 uita
1642 5044 1673 5090 n't
1685 5055 1755 5103 uper
1768 5050 1866 5089 terram.
1882 5037 1948 5089 Edit.
1959 5037 2029 5088 Amb-

487 5128 591 5178 tad-
601 5127 611 5153 ⁸
622 5125 727 5178 θσήηιὴ.
741 5127 766 5184 l,
777 5139 832 5190 cap.
846 5138 873 5186 v,
883 5139 908 5172 v.
920 5124 945 5172 l,
956 5121 1006 5158 -¹
1019 5121 1171 5172 (lod-Dum
1187 5135 1261 5185 eaput
