4522 6102
483 647 553 721 438
921 647 1049 719 PETRI
1076 647 1311 719 ABAELAnot
1337 647 1393 717 ΕΤ
1417 645 1644 720 HELOlSSAE

480 789 607 886 vilegio
626 788 767 887 gaudet.
784 789 969 885 Virginum
987 789 1121 886 quippe
1138 789 1460 878 consecrationem,
1484 788 1552 860 nisi
1572 783 1731 884 periculo
1751 783 1873 856 mortis
1889 798 2040 880 urgente,

479 909 650 984 celebrari
670 911 739 982 alio
759 925 921 1008 tempore
939 935 1014 982 non
1033 910 1116 982 licet
1134 935 1243 1008 quam
1257 911 1294 982 in
1312 910 1511 1012 Epiphania
1529 923 1565 982 et
1585 907 1680 979 Albis
1701 904 1942 994 Paschalibus,
1961 919 1994 975 et
2012 906 2043 976 in

479 1031 723 1128 apostolorum
740 1029 923 1119 natalitiis3
950 1054 1018 1102 nec
1043 1030 1110 1102 nisi
1130 1053 1151 1102 a
1169 1053 1311 1103 summo
1328 1030 1529 1120 sacerdote,
1549 1027 1659 1101 idest
1680 1027 1850 1126 episcopo
1875 1041 1944 1096 tam
1966 1024 2046 1123 ipsas

479 1175 587 1247 quam
616 1152 773 1250 ipsarum
804 1151 911 1222 sacris
934 1150 1109 1250 capitibus
1139 1151 1358 1250 imponenda
1389 1151 1565 1224 velamina
1594 1147 1817 1220 sanctificari.
1836 1143 1862 1214 ›r'
1879 1143 2048 1216 Monachis

478 1285 615 1362 autem,
632 1270 795 1368 quamvis
810 1269 971 1366 ejusdem
982 1272 1052 1342 sint
1069 1269 1316 1370 professionis,
1337 1269 1394 1344 vel
1412 1270 1567 1360 ordinis,
1585 1284 1620 1341 et
1631 1259 1802 1365 dignioris
1814 1290 1934 1355 sexus,
1953 1265 2048 1336 etiam

476 1390 504 1459 si
523 1391 594 1460 sint
616 1389 790 1486 virgines,
821 1389 980 1488 qualibet
1009 1390 1068 1463 die
1091 1388 1379 1463 benedictionem
1404 1405 1440 1463 et
1463 1389 1509 1461 ab
1535 1388 1663 1462 abbate
1687 1387 1866 1486 suscipere
1889 1399 1959 1456 tam
1976 1383 2050 1480 ipsis
2075 1459 2081 1470 ¹

477 1532 585 1607 quam
605 1510 760 1609 propriis
782 1534 909 1582 eorum
933 1510 1173 1601 indumentis,
1195 1511 1233 1582 id
1257 1525 1310 1582 est
1331 1509 1497 1596 cucullis,
1516 1509 1731 1610 permissum
1753 1521 1818 1580 est.
1837 1503 2051 1600 Presbyteros

477 1653 621 1726 quoque
643 1644 679 1700 et
697 1645 842 1702 caeteros
864 1629 1041 1702 inferioris
1060 1630 1191 1728 gradus
1214 1629 1362 1702 clericos
1379 1655 1520 1730 semper
1538 1631 1575 1700 in
1591 1629 1735 1726 jejuniis
1753 1641 1910 1724 quatuor
1925 1640 2052 1720 tempo-

404 1809 409 1827 .
476 1775 574 1841 rum,
600 1767 635 1823 et
657 1753 845 1852 episcopos
863 1752 964 1825 omni
982 1753 1040 1825 die
1058 1752 1242 1824 dominico
1261 1731 1400 1824 constat
1417 1750 1576 1824 ordinari
1593 1773 1709 1848 posse.
1730 1747 1918 1844 Virginum
1945 1757 2052 1814 autem

456 1873 696 1974 ¹consecratio
711 1889 848 1972 quanto
866 1875 1069 1971 pretiosior,
1087 1888 1185 1944 tanto
1199 1873 1326 1962 rarior,
1346 1871 1607 1971 praecipuarum
1624 1867 1881 1942 exultationem
1901 1860 2055 1934 solemni·

475 2005 588 2063 tatum
605 1992 672 2065 sibi
689 1992 894 2066 vindicavit.
917 1998 970 2065 De
988 1997 1161 2092 quarum¹
1183 1993 1312 2065 virtute
1330 1990 1481 2063 mirabili
1500 1992 1662 2062 universa
1685 1985 1838 2086 amplius
1857 1980 2051 2080 congaudet

476 2111 645 2204 Ecclesia,
667 2115 758 2206 sicut
775 2128 812 2185 et
834 2113 1016 2186 Psalmista
1036 2111 1245 2211 praedixerat
1263 2111 1319 2182 bis
1341 2111 1496 2183 verbis’:
1521 2139 1538 2178 a
1556 2108 1787 2182 Adducentur
1811 2106 1887 2203 regi
1913 2102 2057 2200 virgines

474 2247 556 2328 post
568 2257 659 2304 eam.
678 2263 696 2302 a
710 2213 759 2306 Εἴ
769 2259 931 2306 rursum:
952 2262 970 2301 a
982 2233 1179 2305 Afferentur
1192 2233 1229 2302 in
1248 2231 1365 2304 laetitia
1383 2247 1419 2303 et
1430 2230 1665 2317 exultatione,
1681 2227 1909 2299 adducentur
1922 2226 1959 2296 in
1973 2239 2056 2294 tem·

473 2351 575 2447 plum
595 2354 733 2450 regis.»
753 2355 888 2440 Quam⁸
905 2353 1012 2425 etiam
1037 2351 1344 2424 consecrationem
1366 2349 1552 2422 Matthaeus
1578 2347 1761 2446 apostolus
1779 2347 1889 2418 simul
1912 2359 1947 2417 et
1965 2365 2059 2415 evan·

472 2471 595 2568 gelista
614 2474 859 2572 composuisse
879 2470 936 2545 vel
959 2471 1110 2544 dictasse
1138 2471 1305 2561 refertur,
1333 2470 1423 2542 sicut
1440 2471 1477 2542 in
1498 2469 1573 2566 ejus
1598 2469 1764 2568 passione
1781 2468 1927 2564 legitur,
1953 2464 2062 2560 ubiet

471 2591 547 2689 ipse
556 2617 624 2689 pro
637 2616 761 2663 earum
769 2591 1040 2663 consecratione
1052 2590 1109 2662 vel
1118 2589 1300 2686 virginalis
1308 2590 1485 2688 propositi
1492 2587 1701 2660 defensione
1710 2601 1846 2682 martyr
1855 2583 2061 2658 occubuisse

474 2725 707 2782 memoratur.
726 2710 867 2781 Nullam
875 2734 962 2782 vero
976 2709 1266 2782 benedictionem
1275 2708 1332 2781 vel
1341 2708 1552 2780 clericorum
1567 2707 1623 2779 vel
1636 2705 1903 2778 monachorum
1916 2700 2063 2803 apostoli

472 2827 578 2901 nobis
590 2832 758 2928 scriptam
772 2829 1004 2928 reliquerunt.
1027 2833 1187 2917 Quarum
1200 2853 1345 2927 quoque
1358 2829 1481 2925 religio
1497 2827 1572 2899 sola
1586 2851 1629 2900 ex
1640 2828 1787 2899 nomine
1806 2825 2006 2898 sanctitatis
2017 2835 2066 2893 est

472 2948 654 3047 insignita,
691 2975 805 3048 quum
833 2951 916 3050 ipsae
940 2950 1246 3042 asanctimonia,
1274 2950 1311 3021 id
1343 2964 1396 3021 est
1420 2949 1624 3039 sanctitate,
1654 2947 1946 3020 sanctimoniales
1970 2943 2065 3017 sunt*

472 3066 585 3140 dictae.
603 3071 746 3167 Quippe
766 3095 839 3167 quo
860 3069 1036 3141 infirmior
1056 3085 1109 3141 est
1127 3070 1340 3142 feminarum
1361 3094 1481 3158 sexus,
1501 3070 1634 3165 gratior
1653 3082 1705 3140 est
1722 3071 1799 3138 Deo
1819 3081 1933 3165 atque
1957 3063 2068 3165 perfe-

472 3189 563 3258 ctior
577 3213 702 3259 earum
721 3191 832 3260 virtus
851 3216 859 3258 ε
872 3189 973 3285 juxta
991 3189 1101 3287 ipsius
1119 3213 1265 3287 quoque
1278 3189 1424 3261 Domini
1441 3189 1703 3277 testimonium,
1725 3211 1798 3285 quo
1820 3187 2068 3259 infirmitatem

474 3307 632 3405 Apostoli
650 3307 697 3379 ad
715 3309 917 3380 certaminis
937 3332 1112 3380 coronam
1130 3309 1341 3400 exhortans,
1362 3311 1444 3382 aitl:
1463 3308 1631 3382 «Sufficit
1650 3308 1712 3380 tibi
1730 3309 1842 3406 gratia
1865 3333 1964 3380 mea.
1983 3312 2070 3378 Nam

473 3427 584 3497 virtus
606 3427 642 3497 in
665 3427 870 3499 infirmitate
883 3426 1077 3525 perficitur.
1089 3457 1106 3494 u
1128 3430 1199 3515 Qui
1219 3429 1326 3500 etiam
1350 3429 1396 3502 de
1416 3430 1578 3528 corporis
1596 3430 1668 3519 sui,
1689 3429 1789 3526 quod
1809 3444 1864 3500 est
1892 3427 2069 3514 Ecclesia,

474 3544 643 3616 membris
656 3571 720 3646 per
733 3545 901 3618 eumdem
918 3545 1070 3643 loquens
1083 3546 1303 3645 apostolum,
1323 3573 1366 3620 ac
1382 3549 1411 3618 si
1425 3550 1602 3647 precipue
1615 3562 1689 3620 tam
1707 3546 1943 3618 infirmorum
1959 3569 2072 3618 mem·

343 3678 354 3694 ·
474 3663 623 3736 brorum
635 3665 813 3737 honorem
827 3665 1115 3758 commendaret,
1137 3667 1173 3737 in
1191 3667 1318 3739 eadem
1333 3667 1513 3764 subjunxit
1526 3665 1691 3766 epistola,
1711 3666 1783 3737 hoc
1800 3680 1854 3738 est
1873 3667 1930 3737 ad
1948 3669 2074 3738 Corin-

476 3785 564 3855 attor
582 3785 732 3883 prima⁶z
752 3785 856 3858 «Sed
873 3785 987 3857 multo
1005 3789 1115 3884 magis
1128 3812 1207 3885 quae
1224 3788 1391 3860 videntur
1405 3787 1566 3861 membra
1579 3787 1740 3886 corporis
1752 3785 1961 3859 infirmiora
1976 3811 2073 3874 esse,

475 3909 714 3980 necessariora
730 3924 831 4000 sunt;
854 3923 889 3981 et
902 3934 980 4007 quae
1000 3923 1167 4007 putamus
1185 3910 1396 4008 ignobiliora
1416 3908 1578 3982 membra
1591 3927 1667 3981 esse
1681 3909 1858 4008 corporis,
1883 3909 1945 3980 his
1963 3909 2077 3981 abun·

474 4025 674 4100 dantiorcm
687 4029 865 4101 honorem
875 4030 1154 4103 circumdamus:
1173 4047 1208 4103 et
1219 4057 1297 4130 quae
1311 4031 1499 4104 inhonesta
1513 4046 1634 4103 nostra
1646 4045 1746 4119 sunt,
1760 4028 2077 4107 abundantiorem

473 4147 696 4221 honestatem
714 4149 862 4222 habent.
883 4155 1040 4223 Honesta
1061 4167 1181 4223 autem
1199 4167 1320 4224 nostra
1343 4151 1474 4224 nullius
1493 4167 1609 4249 egent.
1638 4149 1707 4222 Sed
1731 4155 1827 4221 Deus
1851 4151 2081 4250 temperavit

473 4291 604 4366 corpus
626 4269 659 4341 ei
679 4271 737 4340 cui
763 4269 910 4342 dederat
927 4270 1227 4343 abundantiorem
1251 4271 1442 4344 tribuendo
1466 4273 1661 4363 honorem,
1685 4286 1724 4343 ut
1747 4272 1887 4342 nonsit
1912 4273 2096 4344 schisma·

473 4387 509 4458 in
525 4413 696 4486 corpore,
713 4390 821 4462 sedin
834 4390 998 4489 idipsum
1010 4416 1077 4490 pro
1090 4392 1242 4462 invicem
1254 4391 1404 4463 sollicita
1420 4393 1490 4463 sint
1506 4391 1678 4463 membra.
1696 4420 1713 4457 u
1730 4391 1818 4477 Quis
1836 4405 1970 4464 autem
1983 4392 2082 4466 adeo

473 4507 608 4605 integre
628 4534 693 4606 per
712 4508 839 4581 divinae
857 4511 974 4608 gratiae
995 4511 1298 4609 dispensationem
1315 4511 1390 4583 haec
1409 4512 1445 4582 in
1463 4511 1583 4609 aliquo
1601 4511 1728 4583 dixerit
1745 4510 1960 4608 adimpleri,
1985 4514 2084 4585 sicut

474 4626 511 4696 in
530 4627 606 4724 ipsa
625 4627 806 4699 muliebris
827 4652 930 4701 sexus
949 4627 1173 4721 infirmitate,
1195 4655 1305 4727 quem
1323 4645 1396 4703 tam
1413 4630 1518 4728 culpa
1536 4656 1645 4727 quam
1663 4645 1789 4702 natura
1809 4634 2084 4732 contemptibi-

473 4743 563 4815 lem⁷
579 4744 729 4819 fecerat?
751 4748 990 4848 Circumspice
1010 4749 1167 4847 singulos
1184 4751 1222 4821 in
1240 4751 1312 4823 hoc
1330 4775 1414 4822 sexu
1434 4750 1581 4849 gradun,
1604 4775 1679 4822 non
1694 4749 1810 4822 solum
1828 4750 2019 4846 virginee,
2041 4781 2087 4826 ac

473 4865 615 4955 viduas,
637 4868 942 4966 seuconjugatas,
962 4872 1214 4948 verumetiam
1239 4873 1332 4970 ipsas
1356 4885 1555 4942 scortorum
1574 4869 1879 4960 abominationes,
1901 4888 1946 4944 et
1966 4876 2010 4945 in
2030 4876 2087 4946 eis

509 5173 517 5200 ⁸
535 5176 641 5235 Quarum
654 5178 746 5228 seilicet
757 5176 852 5227 u.-¹
866 5177 955 5230 Psalm.
967 5193 1037 5242 zur,
1051 5195 1075 5231 v.
1091 5180 1122 5230 tt
1136 5189 1161 5229 et
1176 5179 1249 5231 tll.·-
1281 5195 1337 5246 cap.
1348 5197 1398 5242 xu,
1409 5198 1433 5231 v.
1444 5179 1534 5231 9.-‘
1545 5181 1653 5233 Guttam.
1666 5181 1693 5242 l,
1707 5195 1764 5247 cap.
1778 5197 1827 5242 ιιι,
1846 5197 1870 5232 r.
1889 5183 1926 5232 22
1944 5195 1977 5234 et
1994 5202 2040 5252 eq.
2057 5215 2090 5226 —

476 5257 485 5284 ⁸
501 5259 676 5321 Quarumllet
687 5260 739 5313 llS.
752 5261 825 5314 emb.
838 5289 869 5302 ·-
884 5263 962 5314 ‘Sint
972 5263 1185 5314 1).-·cortnu.
1205 5265 1247 5325 Π,
1282 5264 1436 5316 ‘nmmum
1446 5263 1519 5317 RHS.
