4486 6100
241 715 287 770 Tu
299 723 394 769 eutem
404 711 497 767 exules
509 710 595 766 factos
609 708 732 781 ingluvie

239 803 294 858 Per
305 801 502 858 abstinentiam
516 799 603 855 reduc
619 817 684 866 nos,
698 799 833 864 Domine,

240 891 413 966 Nullamque
424 890 532 946 deseres
546 901 660 946 tuorum
673 891 801 962 inopem,

241 983 298 1053 Qui
312 982 394 1038 vestis
412 980 516 1050 lilium,
530 990 560 1036 et
573 981 661 1054 pascis
675 995 823 1052 passerem.

241 1109 357 1166 Nullum
369 1109 516 1166 necessitas
528 1103 635 1182 premit
649 1107 762 1180 inopie,

241 1200 296 1258 Sed
309 1199 345 1257 sit
357 1199 502 1274 frugalitas
512 1189 694 1254 sufficientis.

240 1292 283 1347 Sit
293 1290 372 1366 quod
382 1289 507 1346 sufficere
520 1299 625 1346 naturae
636 1287 737 1355 valeat,

241 1381 303 1437 Non
316 1380 393 1456 quod
405 1381 519 1437 lascivis
531 1371 826 1452 lomentum'praebest.

240 1512 361 1567 Perenni
375 1511 510 1581 Domino,
524 1523 578 1566 etc.

589 1672 653 1728 XV.

240 1837 353 1909 Septem
367 1852 435 1910 quas
448 1833 580 1889 solvimus
591 1832 701 1888 diurnis
712 1829 841 1886 laudibus

239 1925 392 1982 Nocturnis
403 1923 507 1979 additis
519 1933 582 1979 octo
594 1921 762 1996 perficimus,

239 2017 281 2072 Ex
294 2013 399 2090 quibus
411 2023 545 2090 quattuor
558 2011 665 2068 ascribe
679 2027 795 2086 vesperae

239 2107 275 2162 Et
289 2123 371 2162 mane
382 2114 524 2179 quattuor,
538 2102 669 2176 diemque
688 2099 798 2174 perfice.

239 2244 264 2294 Α
276 2256 349 2294 nona
362 2253 504 2309 vesperam
518 2235 621 2289 scimus
633 2233 773 2305 incipere,

240 2330 337 2401 Quum
348 2328 389 2384 sol
400 2346 430 2384 se
444 2327 561 2400 eoeperit
573 2325 655 2380 terris
668 2325 851 2396 immergere;

240 2421 370 2476 Eeontm
382 2427 457 2473 recte
468 2415 532 2491 quis
547 2432 627 2470 mene
642 2414 774 2469 tribuerit

239 2509 307 2564 Post
319 2507 409 2564 noctis
422 2503 547 2562 medium
560 2521 649 2578 quum
666 2502 706 2559 sol
720 2503 875 2560 emerserit.

241 2639 315 2695 Octo
327 2636 476 2693 conficitur
488 2645 581 2691 nostre
594 2634 748 2690 substantia

240 2730 333 2801 Quam
347 2726 460 2782 demum
472 2725 582 2800 perlicit
593 2735 692 2780 oomvae
705 2721 810 2796 gloria;

238 2821 349 2892 Corpus
363 2835 396 2873 ex
409 2825 543 2891 quattuor
557 2823 684 2870 constare
702 2813 838 2879 novimus,

239 2909 345 2966 Ornari
357 2907 477 2964 totidem
494 2915 602 2960 mentes
613 2901 775 2961 virtutibus.

238 3031 314 3087 ilinc
325 3039 403 3086 recte
415 3028 517 3103 gratias
528 3026 558 3083 in
570 3035 634 3082 octo
646 3024 776 3080 laudibus

238 3121 295 3176 Pro
306 3120 388 3176 nobis
400 3119 522 3175 Domino
535 3115 602 3175 solvi
614 3117 772 3172 statuimus.

239 3212 388 3268 Deiectum
400 3211 525 3284 eorporis
537 3207 690 3282 prebentes
702 3222 831 3279 vespere,

238 3300 321 3358 bisne
331 3299 485 3355 tribuimus
497 3299 621 3372 vigorem
634 3299 742 3353 anime.

237 3423 360 3480 Perenni
373 3421 505 3490 Domino,
519 3431 572 3476 etc.

584 3591 665 3649 XVl.

241 3736 352 3793 Dctsrae
365 3731 450 3789 titulo
462 3731 492 3786 in
504 3729 622 3788 Psalmis
634 3730 754 3804 legimus

240 3828 351 3883 Futurae
367 3822 485 3897 gloriam
496 3822 557 3877 vite
569 3820 745 3888 canentibus,

239 3917 337 3988 Quum
348 3915 397 3970 lux
410 3911 528 3968 subierit
538 3928 638 3986 perpes
649 3907 774 3965 fidelium

238 4007 323 4064 Istius
336 4004 471 4079 temporis
482 4012 546 4077 post
556 4001 753 4076 septenarium.

237 4131 320 4187 Hanc
329 4128 389 4200 jsm
399 4126 430 4180 iu
442 4124 532 4198 capite
545 4121 710 4195 completam
724 4119 863 4185 novimus,

237 4223 336 4292 Quum
351 4215 535 4272 resurrexerit
549 4213 603 4269 bac
613 4212 676 4267 luce
687 4210 842 4278 Dominus,

236 4311 282 4367 Ut
293 4311 333 4365 sie
349 4305 532 4364 certissimam
544 4322 621 4378 spem
633 4299 766 4357 membris
778 4297 900 4374 propriis

236 4399 372 4473 Ejusdem
384 4397 493 4452 tribunt
504 4392 699 4450 beatitudinis.

235 4531 316 4588 mm
327 4547 343 4584 a
355 4523 533 4584 christicolis
544 4501 603 4577 ube
613 4520 673 4575 nes
687 4518 790 4575 memo

234 4622 301 4677 Prae
313 4618 421 4675 eunctis
433 4615 537 4672 colitur
548 4612 603 4667 hoc
614 4611 644 4666 in
657 4608 800 4682 mysterio.

233 4709 366 4767 AEternis
377 4703 498 4774 etenim,
513 4721 569 4758 non
583 4697 783 4774 temporalibus

233 4801 282 4857 Hi
292 4799 373 4856 bonis
383 4797 494 4853 inhiant
504 4810 627 4867 quorum
640 4790 703 4846 fons
715 4787 863 4844 Dominus.

232 4929 388 4988 Neretum
401 4923 517 4982 arduam
531 4921 603 4976 viam
619 4917 781 4976 tenentibus

232 5021 285 5077 Ex
297 5015 450 5074 diffidentia
464 5021 588 5088 tepescat
599 5009 709 5065 enimus
722 5031 728 5061 :

922 561 1133 640 eltutus.

1051 702 1110 756 Hac
1121 701 1181 774 ipsa
1194 701 1331 755 Dominus
1348 698 1394 754 die
1408 695 1572 770 paraclitum

1053 790 1130 846 Misit
1140 790 1284 864 discipulis
1295 791 1324 844 in
1338 807 1419 844 seram
1431 787 1580 862 Spiritum.

1052 919 1098 976 Ad
1108 921 1194 992 hujus
1206 919 1307 974 addite
1316 917 1371 972 diei
1387 916 1504 990 gloriam

1053 1010 1118 1081 Quo
1130 1019 1204 1066 recte
1219 1008 1310 1065 videas
1322 1008 1378 1064 diei
1391 1005 1590 1070 dominicam¹,

1053 1099 1138 1170 Quod
1151 1098 1333 1174 corporaliter
1345 1097 1399 1152 hac
1410 1096 1472 1151 luce
1483 1095 1621 1150 Dominus

1053 1190 1154 1246 Utres
1167 1199 1310 1263 susceptus
1324 1198 1367 1244 est
1379 1197 1408 1242 et
1424 1187 1511 1241 heres
1523 1185 1629 1258 regius.

1053 1321 1199 1394 Ingressus
1213 1319 1360 1393 proprium
1373 1316 1467 1372 statim
1481 1313 1630 1388 palatium,

1052 1410 1178 1466 Potentis
1192 1408 1306 1464 exhibet
1318 1406 1391 1480 regis
1403 1405 1571 1478 imperium,

1051 1501 1155 1555 Praros
1168 1498 1298 1570 ejiciens,
1311 1512 1394 1552 cecos
1405 1493 1561 1561 illuminat,

1052 1591 1087 1645 Et
1100 1587 1215 1644 domum
1230 1587 1343 1644 Domini
1359 1587 1398 1640 sic
1417 1582 1586 1640 reconciliat.

1054 1715 1165 1772 octavu
1180 1713 1289 1788 peregit
1300 1713 1316 1768 J
1318 1729 1380 1768 esus
1392 1711 1557 1784 mysterium

1053 1805 1087 1860 ln
1097 1823 1152 1878 qus
1166 1803 1302 1859 resederit
1312 1812 1345 1858 ut
1352 1799 1439 1873 judex
1451 1801 1595 1867 omnium,

1054 1894 1124 1951 Suos
1136 1892 1297 1948 illuminans
1310 1892 1354 1948 sui
1365 1889 1524 1964 presentia,

1053 1985 1155 2038 Pravos
1171 1982 1287 2056 ejiciens
1299 2000 1314 2035 a
1327 1981 1408 2054 regni
1424 1979 1522 2054 gloria.

1054 2113 1139 2168 Nece
1153 2111 1286 2184 mysterio
1303 2125 1399 2164 vacare
1412 2105 1568 2172 oredimus,

1053 2201 1139 2273 Quod
1151 2201 1201 2258 soli
1214 2200 1274 2256 dios
1285 2199 1344 2255 heo
1355 2198 1439 2256 datur
1451 2216 1468 2252 e
1482 2195 1613 2270 gentibus
1623 2215 1630 2260 ;

1052 2293 1110 2366 Ipsi
1122 2291 1255 2366 qnoque¹
1270 2297 1434 2344 consecrent
1450 2305 1511 2342 eam
1524 2304 1558 2341 ex
1572 2282 1704 2354 nomine,

1054 2382 1150 2453 Quum
1166 2380 1220 2437 sibi
1231 2378 1354 2435 vindicet
1365 2379 1437 2434 benc
1450 2375 1492 2433 sol
1508 2375 1634 2448 justitie.

1053 2513 1174 2568 Perenni
1186 2510 1322 2577 Domino,
1337 2519 1391 2564 eto.

1389 2675 1485 2733 xv11.

1053 2820 1166 2895 Ubique
1178 2819 1234 2874 tuis
1246 2835 1298 2874 nos
1312 2826 1341 2872 et
1353 2833 1463 2888 semper
1475 2812 1607 2870 laudibus

1053 2911 1174 2977 Vacare,
1189 2908 1327 2975 Domine,
1342 2904 1444 2962 debere
1458 2903 1603 2969 novimus,

1052 3001 1110 3073 Qui
1123 3001 1184 3056 locs
1199 2998 1317 3055 fabricas
1329 2995 1409 3051 nobis
1421 3005 1450 3051 et
1460 3004 1602 3068 tempora,

1051 3091 1170 3146 Noctem
1183 3087 1219 3142 sd
1234 3086 1375 3162 requiem,
1394 3083 1471 3139 diem
1488 3082 1524 3136 ed
1537 3099 1632 3156 opera.

1051 3221 1087 3275 Et
1099 3236 1185 3294 quum
1198 3235 1256 3272 non
1269 3215 1340 3271 ferat
1349 3215 1404 3270 hoo
1418 3223 1513 3268 nostra
1526 3209 1675 3286 fragilitas,

1051 3311 1142 3366 Horas
1154 3307 1291 3374 instituit,
1307 3305 1364 3360 fixit
1374 3302 1516 3370 ecclesias,

1052 3401 1094 3456 Ut
1104 3402 1164 3474 ipsa
1177 3398 1236 3454 loca
1249 3413 1300 3452 nos
1312 3396 1350 3450 ad
1366 3396 1424 3450 bec
1436 3393 1619 3458 admoneant,

1055 3492 1178 3547 Invitent
1188 3499 1315 3561 tempora
1327 3485 1370 3541 vel
1384 3501 1481 3558 segnes
1496 3491 1626 3557 arguant.

1055 3614 1131 3669 llom
1144 3612 1204 3685 jam
1216 3609 1342 3685 requiem
1356 3607 1413 3664 diei
1427 3606 1545 3690 septima

933 3755 954 3785 ,ι
1054 3701 1200 3776 Complets
1210 3700 1350 3774 poscimus
1362 3697 1478 3754 laudum
1491 3692 1677 3752 bebdomada.

936 3799 942 3868 J
1053 3793 1100 3847 Tu
1116 3801 1229 3858 nostro,
1243 3790 1377 3858 Domine,
1392 3785 1512 3843 benedic
1525 3784 1653 3851 sabbato,

1054 3882 1133 3953 Quos
1145 3889 1196 3935 tuo
1209 3890 1321 3953 reparet
1332 3877 1412 3954 quies
1425 3875 1572 3950 obsequio.

1053 4011 1133 4066 Hanc
1146 4019 1194 4063 tua
1206 4006 1320 4062 dextere
1331 4005 1448 4061 domum
1465 3985 1620 4059 sanctificet

1053 4102 1089 4156 Et
1100 4097 1334 4155 immanissimum
1344 4095 1455 4152 leonem
1469 4094 1569 4166 religet
1580 4114 1588 4161 ;

1053 4194 1158 4249 Somno
1169 4188 1287 4265 paellico
1298 4188 1338 4243 sic
1349 4203 1451 4260 eorpus
1468 4201 1581 4251 recrea,

1055 4285 1097 4342 Ut
1109 4284 1138 4339 in
1152 4294 1181 4339 te
1191 4280 1288 4356 vigilet
1300 4296 1379 4335 mens
1391 4294 1500 4350 semper
1512 4273 1616 4330 sobria.

1055 4409 1177 4465 Perenni
1191 4405 1325 4474 Domino,
1340 4413 1394 4459 ete.

1384 4563 1497 4624 xvnl.

1057 4731 1163 4788 AEtster
1171 4735 1331 4800 temporum
1345 4719 1491 4794 nostrique
1501 4713 1629 4787 eorporis

1059 4819 1154 4877 Disini
1171 4833 1305 4874 numerus
1317 4814 1466 4888 presignat
1479 4807 1590 4882 operis;

1057 4911 1176 4967 Diernm
1188 4907 1316 4963 unumne
1327 4905 1357 4959 in
1368 4902 1423 4957 hoc
1435 4898 1591 4962 senarium,

1060 4999 1097 5055 lit
1108 5016 1155 5056 sex
1167 5005 1258 5053 etates
1270 5003 1335 5051 sunt
1348 4988 1448 5048 mundi
1459 4985 1503 5044 rel
1514 4983 1673 5042 hominum.

278 5189 340 5240 sse
353 5185 415 5240 eos.
429 5181 611 5238 sm1.-m·
624 5139 830 5232 romeam-'-
847 5173 911 5226 ἐκ
923 5171 987 5226 cm.
999 5169 1074 5223 nm.
