4510 6108
662 582 711 656 lN
736 583 1032 656 DEDlCATlONE
1057 581 1279 654 ECCLESlAE
1303 584 1464 655 SERMO.
1787 583 1856 654 535

272 749 311 796 se
331 724 446 798 fidelis
468 725 589 799 anima
603 726 706 823 quasi
721 748 893 822 sponsam
908 725 1071 823 copulat,
1090 739 1126 798 et
1142 725 1302 816 dedicat,
1321 741 1358 797 et
1374 726 1471 798 velut
1491 727 1528 796 in
1545 722 1767 824 amplexibus
1783 724 1859 820 ejus

271 843 403 918 lectulo
419 845 732 944 contemplationis
748 844 883 917 dormit
899 869 1069 942 corpore,
1082 845 1145 918 sed
1159 845 1281 942 vigilat
1294 860 1433 934 mente,
1447 844 1549 941 juxta
1563 843 1652 916 illud
1668 845 1855 942 Sponsae¹:

275 992 293 1032 u
312 971 388 1061 Ego
405 965 549 1040 dormio
565 980 601 1038 et
616 989 679 1038 cor
695 988 818 1036 meum
832 963 971 1060 vigilat,
993 993 1011 1032 u
1030 990 1123 1037 unus
1140 990 1183 1038 ex
1199 967 1374 1038 universis
1390 964 1530 1062 eligitur
1545 964 1737 1064 lapidibus.
1756 968 1857 1036 Juxta

271 1086 372 1180 quod
392 1101 428 1157 et
453 1087 603 1184 ipsemet
618 1085 664 1158 de
684 1085 816 1158 dilecto
837 1086 932 1158 ait':
954 1114 972 1153 «
994 1084 1133 1158 Electus
1153 1112 1196 1158 ex
1217 1087 1387 1159 millibus.
1410 1117 1427 1154 0
1446 1091 1550 1159 111100
1566 1087 1674 1184 capiti
1689 1110 1756 1156 suo
1772 1111 1857 1183 sup·

271 1206 375 1302 ponit
391 1219 432 1276 ut
447 1205 622 1292 dormiat,
640 1230 754 1302 quum
770 1219 883 1277 totam
900 1228 972 1277 suae
988 1207 1118 1278 mentis
1137 1206 1376 1278 intentionem
1392 1209 1430 1276 in
1446 1231 1491 1278 eo
1512 1204 1652 1302 defigit,
1671 1220 1712 1276 ut
1727 1229 1748 1278 a
1764 1207 1858 1276 curis

270 1322 388 1396 saeouli
400 1326 543 1422 penims
555 1325 727 1422 quiescat,
744 1340 780 1398 et
797 1340 871 1398 tota
885 1325 920 1396 ei
936 1349 1000 1423 per
1016 1324 1234 1397 desiderium
1249 1326 1432 1398 inhaereat.
1447 1329 1563 1424 Caput
1579 1327 1713 1424 qnippe
1728 1325 1859 1423 priuci-

271 1442 361 1540 palis
376 1466 458 1541 pars
474 1443 636 1540 corporis
652 1459 811 1516 mentem
823 1442 987 1538 designat
1002 1444 1039 1513 10
1057 1442 1176 1514 uobis.
1194 1443 1857 1542 Ηο001110100101011100100οο10οη-

270 1565 360 1636 tium
385 1564 536 1636 dilectus
560 1563 618 1636 ille
642 1565 790 1636 Domini
819 1579 855 1636 et
883 1565 984 1660 virgo
1014 1568 1170 1636 loannes
1193 1565 1393 1662 specialiter
1417 1566 1609 1662 expressit,
1638 1567 1700 1662 qui
1730 1567 1767 1635 in
1792 1566 1857 1636 Dei

270 1683 406 1777 gremio
423 1683 655 1772 recumbens,
673 1684 776 1781 quasi
791 1682 864 1755 hoc
880 1683 999 1782 lapide
1016 1685 1204 1782 supposito
1222 1684 1330 1782 capiti
1352 1683 1585 1755 obdormivit.
1608 1682 1747 1754 Sealarn
1771 1683 1857 1756 dor-

269 1804 383 1875 miens
399 1803 510 1875 Jacob
527 1803 699 1893 intuetur,
723 1804 809 1901 quia
824 1819 927 1876 10010
950 1803 1104 1902 amplius
1123 1805 1338 1901 scripturam
1354 1827 1493 1876 sacram
1508 1803 1660 1900 quisque
1675 1803 1856 1900 iutelligit,

269 1935 405 2015 quanto
423 1920 469 1992 ab
486 1923 723 2019 occupatione
740 1922 962 1994 secularium
978 1946 1145 1994 curarum
1161 1923 1273 2019 magis
1285 1923 1446 2020 quiescit.
1459 1921 1561 1993 Scala
1572 1920 1649 1991 haec
1665 1921 1859 1994 dormienti

268 2040 432 2136 apposita
440 2039 608 2136 usquead
618 2039 749 2112 coelum
758 2040 1058 2137 porrigitur,quia
1067 2065 1131 2139 per
1141 2040 1346 2113 doctrinam
1356 2041 1466 2139 ipsius
1481 2039 1528 2112 de
1545 2040 1693 2111 terrenis
1710 2039 1756 2111 ad
1768 2039 1859 2110 desi-

268 2156 429 2230 deranda
444 2158 601 2232 coelestia
616 2157 858 2248 sublevamur,
877 2175 913 2230 et
929 2159 1013 2232 illuc
1029 2175 1150 2231 mente
1165 2161 1460 2250 conscendimus,
1479 2159 1543 2230 ubi
1559 2158 1718 2236 Christus
1746 2173 1799 2230 011
1816 2159 1856 2230 10

267 2273 413 2348 dextera
421 2277 487 2348 Dei
494 2276 636 2350 sedens.
649 2278 740 2348 Huic
748 2278 851 2349 scalae
860 2278 1038 2350 Dominus
1049 2279 1227 2366 innititur,
1244 2291 1280 2349 et
1289 2278 1374 2352 inde
1391 2277 1498 2350 uobis
1513 2279 1685 2374 loquitur,
1699 2278 1784 2374 quia
1793 2301 1857 2376 per

267 2393 343 2489 ejus
358 2393 564 2468 doctrinam
579 2397 711 2468 nostris
726 2396 945 2495 imprimitur
954 2397 1148 2487 mentibus,
1159 2412 1195 2469 et
1207 2396 1253 2469 de
1263 2397 1339 2495 ejus
1348 2397 1466 2469 verbis
1476 2412 1617 2470 nostras
1626 2397 1663 2469 in
1674 2412 1857 2468 sementes

268 2511 434 2586 erudiens
450 2513 626 2587 accendit.
650 2514 763 2610 Hujus
779 2513 898 2604 scalae,
921 2514 994 2588 hoc
1014 2530 1068 2586 est
1087 2539 1195 2588 sacrae
1215 2517 1419 2615 scripturae,
1443 2517 1546 2613 quasi
1567 2516 1641 2587 dno
1657 2515 1767 2588 latera
1783 2515 1858 2588 duo

266 2644 351 2700 sunt
365 2634 602 2721 Testamenta,
614 2657 694 2728 quae
704 2633 853 2728 quidem
865 2632 911 2705 ad
925 2633 1080 2706 invicem
1089 2635 1192 2731 quasi
1203 2633 1421 2730 quibusdam
1432 2631 1601 2730 gradibus
1617 2634 1758 2706 insertis
1774 2657 1859 2706 con·

267 2764 473 2839 nectuntur,
492 2751 581 2824 dum
596 2775 662 2848 per
677 2752 919 2849 expositiones
932 2751 1125 2825 doctorum
1138 2767 1219 2825 1010
1234 2767 1322 2825 rotae
1338 2753 1549 2852 applicatur,
1569 2767 1605 2824 et
1620 2753 1720 2850 qnod
1736 2754 1774 2824 111
1791 2758 1858 2825 Ve-

266 2867 334 2938 teri
350 2865 465 2940 luerat
480 2869 712 2966 praedictum,
729 2871 766 2941 in
785 2875 886 2941 Novo
903 2885 1125 2944 monstratur
1145 2870 1356 2942 exhibitum.
1385 2871 1509 2968 Angeli
1526 2897 1590 2970 per
1610 2871 1705 2942 hanc
1725 2872 1857 2945 scalam

266 2986 499 3058 0100011οη101
515 3000 550 3058 01
565 2986 837 3074 descendentes,
850 2988 964 3058 sancti
977 3003 1062 3062 sunt
1070 2989 1334 3087 predicatores,
1346 3014 1503 3085 quorum
1513 3013 1606 3060 unus
1617 2990 1664 3061 de
1680 3014 1718 3062 se
1734 3005 1770 3062 et
1781 2991 1857 3062 aliis

266 3105 333 3176 1111υ
353 3132 361 3175 :
384 3134 402 3172 11
420 3104 615 3191 Quomodo
632 3104 895 3202 praedicabunt,
914 3107 982 3178 nisi
995 3108 1203 3180 mittantur?
1221 3137 1240 3178 u
1256 3112 1309 3180 De
1325 3109 1490 3205 qualibus
1506 3125 1542 3182 et
1566 3133 1632 3207 per
1647 3108 1857 3182 Malachiam

266 3223 422 3294 dicitur*
445 3250 454 3294 ε
483 3252 501 3292 11
520 3223 629 3296 Labie
650 3224 845 3296 sacerdotis
871 3225 1081 3297 custodiunt
1100 3228 1306 3313 scientiam,
1330 3243 1365 3296 et
1390 3228 1506 3322 legem
1526 3231 1709 3324 inquirent
1729 3255 1772 3300 ex
1793 3254 1856 3301 ore

266 3339 360 3412 illius
370 3344 455 3438 quia
465 3342 611 3438 angelus
627 3344 773 3414 Domini
783 3345 1001 3416 exercituum
1011 3357 1076 3414 est.
1095 3343 1332 3416 adscendunt
1347 3369 1433 3416 vero
1451 3371 1515 3444 per
1531 3347 1664 3420 scalam
1679 3349 1783 3420 istam
1798 3350 1856 3421 vel

265 3457 491 3531 descendunt
507 3461 708 3532 dummodo
725 3463 762 3532 in
784 3485 849 3534 sua
864 3460 1118 3559 praedicatione
1136 3460 1183 3532 dc
1198 3475 1328 3534 natura
1343 3461 1539 3536 divinitatis
1555 3466 1611 3536 vel
1628 3469 1772 3540 secretis
1789 3491 1856 3540 000-

265 3575 412 3648 lestibus
429 3603 496 3650 nos
517 3579 717 3668 instruunt,
736 3579 849 3651 modo
873 3578 920 3652 de
943 3595 1125 3679 assumpta
1145 3579 1388 3672 humanitate,
1413 3583 1470 3654 vel
1491 3585 1753 3683 componendis
1774 3610 1854 3658 mo·

265 3694 364 3768 ribus
380 3697 512 3768 nostris
528 3697 715 3788 erudiunt3
735 3698 792 3770 vel
808 3723 922 3795 quum
937 3697 1050 3770 modo
1067 3696 1114 3769 ad
1128 3699 1237 3770 altam
1253 3701 1484 3774 continentie
1499 3703 1666 3774 virtutem
1684 3727 1751 3775 nos
1767 3703 1853 3775 hor·

265 3830 399 3905 tantur,
411 3817 524 3890 modo
539 3815 739 3890 infirmitati
754 3832 885 3890 nostrae
901 3843 966 3915 per
982 3815 1243 3914 indulgentiam
1259 3821 1468 3918 nuptiarum
1484 3823 1691 3896 consulunt.
1710 3827 1854 3898 Terram

264 3938 302 4008 in
328 3962 400 4034 qua
422 3939 557 4010 dormit
577 3938 688 4010 Jacob
710 3939 743 4010 ei
764 3954 799 4009 et
819 3939 948 4010 semini
970 3939 1047 4034 ejus
1067 3939 1243 4011 Dominus
1265 3943 1460 4038 promittit,
1479 3948 1564 4039 quia
1584 3959 1717 4016 terram
1733 3947 1854 4018 viven-

265 4059 369 4147 tium,
387 4059 487 4154 cujus
503 4058 682 4131 desiderio
699 4059 819 4131 anima
834 4058 1114 4157 contemplativa
1128 4084 1149 4131 a
1165 4061 1315 4132 terrenis
1331 4063 1425 4133 curis
1453 4064 1616 4159 quiescit,
1635 4066 1671 4135 10
1688 4089 1854 4138 remune-

264 4178 404 4250 ratione
425 4177 613 4276 pollicetur
629 4193 704 4250 tam
720 4179 753 4251 ei
769 4202 879 4277 quam
895 4178 1106 4276 sequacibus
1123 4180 1215 4275 ejus,
1235 4181 1322 4253 etin
1340 4180 1411 4252 hoc
1432 4184 1619 4280 proposito
1639 4184 1755 4281 ipsam
1770 4185 1851 4256 imi·

265 4295 436 4368 tantibus.
471 4298 649 4394 Evigilaus
673 4299 870 4372 1101010110
896 4297 1210 4397 contemplationis
1234 4300 1354 4372 anima
1385 4300 1461 4390 illa,
1489 4316 1526 4372 01
1555 4301 1600 4372 de
1632 4301 1691 4372 illa
1718 4301 1852 4374 coelesti

134 4469 142 4477 -
264 4415 487 4488 habitatione
502 4417 548 4490 ad
564 4432 689 4490 sancta
698 4417 814 4492 studia
826 4417 935 4490 totius
952 4418 1264 4516 contemplationis
1278 4419 1403 4491 oculos
1414 4419 1613 4510 reflectens,
1626 4435 1661 4492 et
1673 4421 1849 4518 quasiho-

265 4535 380 4606 1111001
404 4535 537 4632 pariter
560 4535 774 4625 admonens,
787 4551 828 4608 nt
842 4561 906 4634 spe
922 4537 1105 4635 promissae
1120 4536 1189 4607 sibi
1205 4551 1306 4610 terrae
1322 4539 1359 4610 in
1376 4540 1563 4637 proposito
1580 4556 1808 4637 perseverent
1820 4546 1846 4613 ¹⁵:

268 4681 286 4720 0
306 4657 396 4724 Vere
413 4654 590 4732 Dominus
606 4669 675 4744 est,
692 4685 710 4722 u
729 4657 863 4753 inquit,
885 4656 1157 4746 «1010001110,
1176 4671 1211 4728 et
1227 4681 1294 4754 ego
1311 4658 1526 4731 nesciebam.
1548 4687 1565 4726 u
1581 4667 1630 4730 Ac
1645 4660 1675 4730 si
1691 4660 1846 4734 diceret:

265 4776 336 4859 Qui
352 4774 486 4872 ubique
501 4788 555 4848 est
569 4799 635 4874 per
650 4774 844 4850 divinitatis
855 4779 1079 4874 praesentiam
1090 4833 1099 4868 ,
1112 4776 1173 4850 hic
1187 4779 1385 4876 specialiter
1400 4779 1577 4854 inhabitat
1599 4806 1664 4879 per
1684 4784 1845 4878 gratiarn.

301 5067 309 5094 ‘
329 5069 478 5134 0101..ορ.
491 5085 515 5131 v,
528 5086 552 5121 1.
564 5073 590 5122 2.
603 5097 631 5108 -
641 5069 651 5097 ⁸
662 5069 736 5135 lbid.,
750 5086 775 5124 1.
789 5073 860 5124 tt.-
874 5071 977 5134 'Rom
988 5087 1045 5140 etp.
1059 5089 1090 5139 x,
1101 5089 1127 5125 1.
1138 5074 1178 5126 15.
1189 5099 1222 5115 -
1231 5073 1412 5141 ‘ttmmup
1423 5093 1456 5136 n,
1468 5092 1490 5124 v.
1505 5077 1684 5138 adeona„
1695 5092 1846 5144 0111111111,

268 5169 290 5204 v.
313 5157 350 5208 16.
