4522 6104
728 595 960 716 expostulo
986 595 1031 667 lN
1055 591 1348 666 HEXAMERON.
1754 587 1818 658 661

298 763 317 808 u
337 733 447 811 Vobis
465 753 500 809 et
518 739 655 810 cunctis
673 737 915 811 animantibus
934 753 1046 808 terrae.
1070 764 1088 804 a
1107 733 1182 807 Alia
1200 732 1346 832 quidem
1364 731 1483 820 vobis,
1504 730 1571 802 alia
1589 729 1671 818 illis,
1691 727 1747 800 vel
1769 728 1830 800 ali·
1895 761 1899 770 ·

246 883 320 957 qua
336 861 467 957 pariter
483 857 586 931 vobis
605 873 640 930 et
657 858 737 930 illis.
755 862 833 929 Non
853 858 949 929 enim
967 857 1089 928 omnia
1105 855 1236 954 pabula
1253 853 1307 924 vel
1326 853 1465 924 bomini
1482 850 1538 920 vel
1553 849 1620 920 illis
1637 849 1829 920 convenire

249 979 431 1070 videntur,
450 979 613 1076 quamvis
631 993 714 1050 ante
731 994 918 1076 peccatum
939 975 1078 1048 nullum
1095 1000 1183 1047 escae
1200 1001 1310 1071 genus
1326 973 1465 1044 bomini
1482 972 1650 1042 nocivum
1668 984 1759 1040 esset
1773 970 1830 1042 vel

249 1097 406 1170 fortassis
424 1100 683 1194 incongruum
701 1096 765 1168 sed
782 1099 811 1168 si
827 1096 1035 1167 bominibus
1052 1096 1174 1168 omnia
1190 1093 1382 1167 convenire
1397 1117 1586 1190 ponamus,
1603 1113 1831 1187 nequaquam

249 1217 418 1290 credibile
434 1232 503 1308 est,
524 1231 564 1288 ut
580 1217 650 1289 boc
667 1217 713 1289 de
730 1217 970 1290 animantibus
987 1239 1206 1306 annuamus,
1225 1230 1265 1285 ut
1280 1215 1330 1285 eis
1347 1237 1491 1310 quoque
1508 1226 1582 1283 tam
1600 1210 1736 1305 lignum
1753 1211 1831 1282 vitae

249 1361 358 1434 quam
375 1350 500 1408 caetera
517 1337 639 1408 omnia
655 1337 726 1407 sint
742 1360 929 1426 concessa,
949 1336 1017 1406 nisi
1034 1335 1125 1406 sorte
1143 1335 1222 1431 quis
1238 1333 1322 1404 velit
1339 1357 1382 1405 ea
1398 1357 1542 1430 quoque
1560 1331 1650 1402 sicut
1666 1329 1832 1402 homines

249 1455 334 1526 inde
352 1470 479 1527 contra
496 1470 650 1527 mortem
667 1471 704 1528 et
720 1457 860 1527 senium
880 1455 1013 1527 babere
1037 1454 1235 1526 remedium
1257 1481 1265 1523 ε
1285 1452 1414 1551 quibus
1436 1453 1543 1523 etiam
1564 1450 1700 1546 lignum
1717 1451 1830 1521 scien·

249 1573 306 1647 tiae
321 1574 409 1648 boni
427 1590 462 1647 et
479 1575 562 1648 mali
580 1597 766 1672 nunquam
783 1576 931 1672 legimus
957 1600 1032 1648 esse
1049 1573 1291 1673 prohibitum,
1316 1575 1406 1646 sieut
1426 1570 1658 1670 postmodum
1675 1570 1831 1641 bomini·

248 1691 316 1764 bus
332 1692 463 1764 dicitur
486 1692 727 1765 interdictum.
749 1698 828 1765 Non
855 1695 952 1766 enim
976 1709 1125 1792 apparet
1149 1690 1335 1790 quomodo
1362 1690 1407 1762 de
1433 1689 1601 1762 omnibus
1628 1689 1731 1784 lignis
1757 1687 1832 1758 baec

248 1811 433 1881 concessio
458 1809 550 1882 facta
571 1812 616 1883 sit
640 1811 848 1884 bominibus
865 1827 900 1884 et
917 1814 1051 1884 caeteris
1077 1809 1335 1898 animantibus,
1359 1811 1388 1880 si
1406 1808 1514 1879 arbor
1531 1806 1589 1878 illa
1606 1807 1715 1878 vetita
1737 1830 1830 1877 uun·

249 1954 359 2028 quarn
387 1929 493 2001 suerit
517 1931 725 2003 bominibus
748 1930 807 2003 vel
832 1931 900 2003 illis
926 1955 1107 2004 concessa.
1129 1937 1174 2002 Et
1194 1946 1281 2002 nota
1302 1929 1401 2028 quod
1424 1928 1489 2000 illae
1506 1951 1650 2025 quoque
1672 1926 1830 2016 arbores,

249 2071 328 2144 quae
349 2047 577 2119 infructuosa
599 2049 780 2140 dicuntur,
800 2049 946 2146 aliquod
971 2049 1181 2121 alimentum
1205 2050 1242 2120 in
1268 2047 1359 2119 soliis
1383 2047 1507 2148 saltem
1525 2045 1582 2116 vel
1603 2043 1750 2117 floribus
1770 2069 1832 2116 seu

249 2166 381 2239 cortice
391 2168 573 2240 nonnullis
589 2169 831 2241 animantibus
845 2171 1044 2242 ministrare
1061 2185 1223 2268 possunt.
1239 2174 1283 2239 Et
1295 2167 1439 2240 attende
1453 2165 1552 2265 quod
1561 2191 1674 2264 quum
1687 2166 1733 2236 de
1749 2165 1832 2238 cibo

252 2288 362 2359 etiam
386 2288 544 2360 hominis
566 2289 657 2361 sieut
681 2289 728 2360 de
747 2289 834 2372 ¹cibo
856 2290 1064 2361 animalium
1087 2289 1270 2387 providet,
1290 2304 1326 2359 et
1351 2288 1518 2360 omnibus
1539 2288 1669 2385 pariter
1693 2302 1834 2358 terrena

250 2407 415 2478 concedit
430 2407 617 2498 alimenta,
637 2423 800 2506 patenter
817 2409 974 2480 insinuat
990 2408 1158 2481 mortales
1175 2433 1320 2506 quoque
1337 2407 1502 2478 homines
1516 2421 1653 2477 creatos
1667 2405 1785 2496 fuisse,
1799 2422 1835 2477 et

250 2527 366 2597 cosin
382 2525 594 2625 corporibus
612 2526 826 2599 animalibus
844 2552 918 2599 non
936 2527 1153 2626 spiritalibus
1170 2528 1282 2598 factos
1301 2552 1394 2616 esse,
1415 2540 1450 2597 et
1466 2549 1512 2595 ne
1529 2540 1645 2595 morte
1662 2523 1832 2595 dissolve·

250 2659 387 2736 rentur,
407 2661 495 2717 tunc
511 2671 657 2744 quoque
672 2646 814 2718 bomini
830 2649 922 2718 sicut
938 2672 1036 2720 nunc
1052 2647 1173 2718 cibum
1190 2647 1429 2718 necessarium
1451 2669 1538 2715 esse.
1559 2641 1662 2714 Unde
1686 2669 1752 2716 nec
1769 2645 1834 2716 iste

250 2765 377 2836 animae
393 2766 449 2837 vel
465 2767 546 2837 vitae
570 2781 700 2857 status,
720 2769 757 2837 in
782 2792 856 2864 quo
873 2767 1038 2839 videlicet
1059 2769 1172 2840 bomo
1194 2767 1360 2839 conditus
1384 2766 1513 2854 suerat,
1532 2764 1676 2836 laudem
1700 2765 1833 2838 babere

251 2887 399 2974 meruit,
419 2888 689 2984 comparatione
711 2887 844 2959 scilicet
859 2889 1024 2987 spiritalis
1041 2888 1133 2960 illius
1156 2889 1236 2960 vitre
1256 2887 1302 2960 ad
1323 2911 1432 2984 quam
1453 2884 1720 2957 transferendus
1742 2901 1830 2958 erat.

252 3005 330 3074 Non
348 3005 444 3075 enim
462 3004 509 3076 de
524 3004 673 3077 bomine
694 3031 839 3104 quoque
862 3021 982 3080 creato
1007 3009 1098 3080 sicut
1121 3007 1166 3078 de
1188 3007 1323 3078 caeteris
1346 3005 1587 3078 animantibus
1608 3004 1744 3074 dictmn
1761 3019 1830 3095 est,

251 3125 336 3222 quia
351 3124 442 3196 vidit
458 3131 553 3197 Deus
565 3126 664 3222 quod
678 3143 770 3200 esset
785 3127 941 3218 bonum,
962 3130 1047 3226 quia
1057 3127 1304 3200 commendari
1319 3151 1392 3198 non
1408 3125 1532 3196 debuit
1547 3127 1582 3196 in
1597 3125 1745 3196 homine
1761 3126 1832 3198 vita

251 3241 373 3316 illaad
393 3269 503 3342 quam
526 3223 764 3318 obtinendam
789 3272 1018 3345 nequaquam
1043 3263 1182 3320 creatus
1207 3263 1299 3336 erat,
1328 3246 1391 3318 sed
1412 3245 1457 3317 de
1475 3245 1535 3317 illa
1553 3246 1764 3317 transiturus
1787 3244 1831 3315 ad

251 3361 358 3457 longe
374 3361 572 3435 meliorem.
593 3365 840 3436 Communiter
861 3391 947 3438 vero
970 3390 1053 3436 cum
1076 3367 1209 3436 caeteris
1232 3363 1369 3436 laudari
1388 3363 1522 3460 potuit,
1542 3363 1627 3459 quia
1641 3386 1834 3458 compara-

252 3479 350 3551 tione
374 3478 527 3551 aliorum
548 3479 607 3552 hic
624 3484 733 3554 etiam
755 3483 914 3556 mortalis
936 3498 1048 3556 status
1063 3483 1221 3554 bortrinis
1238 3471 1410 3578 tanquam
1431 3480 1604 3552 excellens
1621 3496 1656 3550 et
1677 3481 1834 3577 optimus

252 3601 564 3673 commendandus
577 3602 658 3696 suit,
680 3631 792 3702 quum
810 3621 928 3678 tamen
947 3605 993 3675 ad
1009 3604 1081 3676 hoc
1098 3603 1198 3702 quod
1217 3604 1354 3676 iuturus
1371 3617 1447 3675 erat
1461 3626 1687 3699 nequaquam
1704 3603 1739 3672 in
1758 3617 1834 3674 tan·

252 3733 329 3793 tum
346 3720 475 3817 dignus
491 3722 597 3795 laude
614 3725 839 3815 censebatur,
859 3741 898 3796 ut
913 3750 1029 3823 perse
1046 3726 1221 3822 optimus,
1241 3724 1278 3794 id
1295 3740 1348 3796 est
1364 3723 1468 3794 valde
1486 3723 1622 3811 bonus,
1642 3723 1831 3796 diceretur.

305 3865 323 3904 v
342 3843 387 3908 Et
404 3839 536 3910 factum
555 3855 609 3910 est
624 3841 685 3911 ita.
708 3869 725 3907 n
745 3846 823 3912 Hoc
839 3867 913 3912 non
933 3841 979 3912 ad
994 3843 1214 3914 creationem
1231 3839 1389 3912 hominis
1407 3856 1564 3929 tanturn,
1585 3841 1641 3911 vel
1659 3844 1835 3938 operatio·

252 3981 336 4028 nem
353 3972 458 4030 sextae
474 3956 563 4047 diei,
582 3958 646 4029 sed
663 3959 710 4030 ad
727 3975 841 4031 totam
856 3959 1134 4057 praecedentium
1151 3984 1303 4056 operum
1327 3983 1504 4030 summam
1529 3959 1758 4030 referendum
1780 3963 1833 4030 vi·

252 4077 369 4150 detur.
383 4081 469 4164 Quae
489 4079 654 4151 universa
669 4081 789 4151 statim
805 4079 1096 4178 comprehendit,
1115 4105 1228 4176 quum
1245 4080 1281 4150 in
1299 4103 1425 4150 eormn
1437 4076 1580 4149 laudem
1596 4102 1834 4175 prorumpens

253 4197 318 4285 ait,
342 4225 360 4265 u
380 4210 510 4268 cuncta
531 4222 610 4294 quae
631 4198 779 4286 lecerat,
800 4227 818 4265 n
837 4214 912 4270 tam
934 4198 979 4270 de
999 4199 1179 4270 creatione
1204 4197 1336 4269 scilicet
1357 4195 1437 4267 coeli
1462 4209 1498 4267 et
1522 4211 1639 4281 terrae,
1663 4196 1834 4292 quamde

252 4315 332 4386 luce
349 4339 500 4412 operum
517 4317 749 4415 superaddita
764 4333 800 4390 et
817 4319 854 4390 in
879 4319 1059 4389 creatione
1085 4318 1242 4388 hominis
1265 4329 1525 4386 consummata.
1545 4313 1598 4384 Ad
1621 4338 1729 4410 quem
1754 4316 1833 4412 qui·

254 4435 337 4508 dem
360 4450 532 4533 tanquam
556 4435 683 4525 finem,
701 4437 772 4510 boe
795 4453 848 4510 est
873 4437 1016 4510 finalem
1042 4453 1253 4510 caeterorum
1269 4459 1431 4526 causam,
1460 4435 1583 4506 omnia
1606 4434 1830 4533 spectabant,

254 4579 365 4651 quum
379 4569 526 4653 propter
542 4555 728 4628 hominem
744 4571 862 4628 creata
878 4559 949 4629 sint
969 4559 1042 4629 sive
1058 4555 1242 4654 disposita.
1262 4559 1379 4626 Homo
1398 4579 1484 4625 vero
1499 4579 1573 4624 non
1590 4569 1738 4652 propter
1755 4553 1831 4644 illa,
1851 4601 1855 4609 ·

254 4670 315 4745 sed
336 4683 483 4770 propter
494 4678 610 4747 Deum
625 4674 743 4747 solum
760 4673 1044 4770 glorificandum.
1065 4679 1184 4762 Quum
1201 4698 1285 4770 ergo
1303 4671 1363 4744 illa
1379 4696 1491 4769 usque
1508 4671 1554 4744 ad
1569 4671 1754 4753 hominem
1770 4688 1835 4769 per

255 4815 337 4865 suas
353 4793 522 4866 utilitates
547 4797 795 4892 pervenerint,
813 4820 958 4867 cursum
979 4817 1083 4868 suum
1106 4795 1207 4892 quasi
1228 4795 1265 4864 in
1283 4809 1378 4865 meta
1399 4793 1556 4890 quadam
1579 4807 1614 4863 et
1638 4785 1742 4864 stadii
1763 4809 1833 4865 ter·

256 4910 356 4981 mino
373 4910 440 4983 sibi
456 4910 601 5008 praefixo
618 4913 933 4990 consummabunt.
948 4919 1065 4986 Homo
1077 4937 1164 4985 vero
1182 4937 1294 5010 usque
1311 4911 1358 4984 ad
1375 4917 1490 4984 Deum
1507 4910 1693 5008 prvenire
1709 4909 1831 5002 habet,
1932 4989 1934 4992 ,

255 5042 292 5099 et
308 5030 344 5099 in
362 5031 437 5125 ejus
454 5032 591 5104 visione
607 5047 780 5131 tanquam
797 5034 833 5104 in
851 5033 1001 5106 sabbato
1017 5059 1103 5106 vero
1120 5035 1314 5130 quiescere.
1372 5127 1378 5137 Ι

185 5249 194 5260 .
304 5153 349 5221 Et
365 5165 453 5226 nota
468 5151 568 5250 quod
585 5178 659 5227 non
679 5155 745 5244 ait,
763 5154 890 5227 videns
906 5154 1006 5252 quod
1027 5169 1145 5228 essent
1160 5169 1290 5228 cuncta
1313 5152 1417 5226 valde
1433 5152 1549 5245 bona,
1568 5153 1659 5227 sicut
1674 5148 1836 5253 superius
1889 5163 1892 5168 '
