4522 6102
876 627 1113 700 EPlS'l'DLAE.
1722 629 1791 702 tst

205 791 280 840 non
299 766 480 840 refrenans
502 765 660 863 linguam
679 790 802 858 suam,
824 768 887 842 sed
904 767 1080 840 seducens
1099 791 1164 840 cor
1181 793 1287 840 suurn
1302 821 1312 859 ,
1329 767 1435 865 hujus
1448 792 1540 841 vana
1556 784 1607 842 est
1621 769 1757 868 religio.
1774 801 1790 839 s

210 888 299 959 Hinc
326 901 362 957 et
380 887 416 956 in
433 885 631 956 Proverbiis
648 888 819 985 scripturn
840 893 913 960 est¹
932 915 940 958 ι
964 915 982 956 ιι
1000 879 1099 959 Sicut
1117 886 1201 960 urbs
1220 903 1371 987 patens,
1397 902 1433 960 et
1449 885 1583 985 absque
1608 913 1794 962 murorum

205 1008 343 1082 ambitu
361 1037 369 1079 :
392 1008 441 1079 ita
457 1009 511 1079 vir
529 1009 591 1106 qui
608 1033 682 1080 non
702 1024 821 1108 potest
839 1009 875 1081 in
897 1009 1081 1107 loquendo
1101 1010 1270 1083 cohibere
1292 1011 1456 1108 spiritum
1473 1013 1589 1084 suum.
1611 1040 1629 1080 n
1645 1019 1723 1085 Hoc
1736 1014 1795 1085 ille

206 1154 314 1204 senex
334 1128 521 1226 diligenter
539 1127 807 1222 considerabat,
830 1131 893 1229 qui
914 1130 960 1202 de
979 1130 1188 1227 loquacibus
1206 1131 1370 1204 iratribus
1388 1133 1421 1206 ei
1434 1133 1472 1204 in
1491 1134 1547 1206 via
1565 1136 1704 1208 societis
1723 1141 1796 1206 An-

207 1250 309 1321 tonio
325 1249 508 1320 dicente’:
533 1278 551 1317 ιι
569 1253 687 1322 Bonos
706 1250 828 1324 fratres
842 1251 1007 1324 invenisti
1020 1267 1156 1342 tecum,
1174 1249 1285 1343 abba3
1305 1280 1322 1319 ιι
1344 1251 1553 1351 respondit:
1578 1283 1596 1322 ιι
1612 1256 1701 1326 Boni
1714 1270 1796 1326 sunt

207 1367 411 1466 siquidem,
431 1368 494 1442 sed
514 1368 685 1443 habitatio
705 1395 832 1443 eorum
853 1395 929 1444 non
949 1369 1057 1444 habet
1078 1369 1238 1467 januam.
1269 1371 1483 1469 Quicunque
1503 1372 1601 1464 vult,
1630 1375 1736 1446 intrat
1758 1376 1795 1446 in

210 1487 410 1580 stabulum,
445 1503 481 1561 et
507 1489 787 1562 solvit'asinum.
803 1517 822 1560 ιι
851 1491 961 1580 Quasi
980 1492 1077 1564 enirn
1104 1491 1150 1564 ad
1176 1515 1333 1591 praesepe
1357 1493 1503 1564 Domini
1529 1493 1648 1566 anima
1674 1509 1796 1566 nostra

211 1607 360 1706 ligatur,
395 1633 502 1680 sacrae
532 1634 570 1682 se
600 1609 839 1683 meditationis
875 1612 911 1682 in
938 1635 983 1684 eo
1008 1611 1165 1709 quadam
1196 1611 1434 1684 mminatione
1464 1610 1650 1703 reficiens,
1678 1639 1795 1710 aquo

212 1727 360 1825 quidem
382 1731 530 1830 praesepi
551 1729 720 1822 solvitur,
743 1746 849 1831 atque
871 1731 943 1804 huc
965 1747 1001 1804 et
1026 1732 1110 1804 illuc
1136 1745 1212 1804 toto
1231 1731 1370 1804 mundo
1388 1757 1453 1833 per
1472 1734 1704 1831 cogitationes
1728 1735 1797 1806 dis·

211 1852 341 1942 currit,
359 1853 426 1924 nisi
443 1875 523 1924 eam
541 1853 704 1926 clausura
719 1854 962 1926 taciturnitatis
977 1854 1137 1928 retineat.
1159 1853 1277 1926 Verba
1288 1855 1422 1954 quippe
1436 1855 1656 1927 intellectum
1672 1857 1798 1928 animae

212 1973 433 2066 immittunt,
457 1989 497 2045 ut
515 1975 548 2046 ei
565 1974 664 2071 quod
683 1974 847 2072 intelligit
865 1974 1047 2068 intendat,
1071 1990 1107 2048 et
1129 2000 1194 2073 per
1212 1976 1465 2073 cogitationem
1487 1975 1631 2048 haereat.
1659 1979 1798 2073 Cogita·

211 2093 310 2164 tione
329 2117 415 2164 vero
433 2098 510 2166 Deo
535 2093 737 2193 loquimur,
759 2096 849 2167 sicut
875 2095 994 2168 verbis
1020 2094 1240 2168 bominibus.
1265 2100 1432 2194 Dumque
1452 2095 1524 2168 huo
1543 2095 1661 2168 verbis
1683 2094 1799 2169 homi-

211 2235 301 2282 num
320 2212 561 2305 intendimus,
589 2238 732 2287 necesse
759 2230 811 2286 est
829 2229 869 2287 ut
895 2214 980 2288 inde
998 2215 1191 2307 ducamur3
1216 2241 1283 2289 nec
1305 2217 1382 2290 Deo
1403 2216 1509 2288 simul
1533 2231 1570 2289 et
1593 2215 1799 2290 hominibus

211 2332 398 2406 intendere
416 2336 586 2408 valemus.
610 2339 682 2408 Nec
700 2335 819 2410 solum
832 2337 968 2428 otiosa,
992 2338 1240 2410 verumetiam
1258 2361 1337 2436 quae
1351 2337 1508 2410 utilitatis
1520 2337 1653 2435 aliquid
1667 2336 1799 2410 babere

213 2453 380 2526 videntur.
399 2456 545 2529 vitanda
567 2473 651 2529 sunt
668 2457 801 2547 verba,
823 2458 986 2554 eoquod
1007 2458 1107 2530 facile
1127 2484 1149 2530 a
1167 2459 1374 2532 necessariis
1393 2459 1440 2530 ad
1457 2462 1593 2549 otiosa,
1618 2459 1664 2531 ab
1677 2461 1799 2531 otiosis

210 2572 257 2644 ad
278 2577 386 2646 noxia
402 2577 574 2650 veniatur.
599 2607 616 2644 a
631 2578 764 2673 Lingua
781 2605 799 2644 n
817 2577 974 2676 quippe,
995 2591 1036 2649 ut
1052 2576 1227 2648 lacobus⁸
1254 2578 1321 2666 ait,
1353 2581 1588 2674 «inquietum
1607 2579 1760 2670 malum,
1779 2607 1796 2646 s

210 2717 286 2790 quo
313 2696 446 2766 caeteris
474 2697 593 2766 minor
619 2708 671 2766 est
696 2709 758 2765 aut
778 2695 942 2766 subtilior
962 2692 1152 2784 membris,
1176 2707 1276 2767 tanto
1299 2694 1467 2768 mobilior
1487 2711 1522 2768 et
1542 2700 1677 2770 caeteris
1698 2711 1799 2770 motu

210 2815 486 2906 lacessentibus,
510 2817 585 2916 ipsa
606 2839 719 2914 quum
739 2839 815 2886 non
839 2827 1006 2887 movetur
1030 2815 1213 2912 fatigatur,
1237 2831 1272 2888 et
1291 2817 1392 2913 quies
1413 2817 1488 2915 ipsa
1517 2819 1551 2890 ei
1572 2816 1613 2888 fit
1631 2843 1796 2893 onerosa.

210 2939 299 3022 Quae
320 2951 455 3034 quanto
476 2937 514 3008 in
531 2935 637 3009 nobis
658 2933 843 3027 subtilior,
865 2949 962 3008 etex
982 2934 1131 3007 mollitie
1148 2936 1312 3034 corporis
1329 2937 1442 3006 nostri
1468 2935 1674 3028 flexibilior,
1699 2955 1798 3012 tanto

211 3055 382 3130 mobilior
399 3058 489 3130 etin
507 3057 616 3130 verba
636 3059 786 3157 pronior
807 3057 942 3148 existit,
964 3069 1000 3128 et
1019 3055 1136 3128 omnis
1156 3055 1296 3128 malitiae
1314 3056 1543 3128 seminarium
1563 3072 1671 3155 patet.
1691 3062 1799 3145 Quod

210 3177 248 3248 in
271 3176 375 3250 vobis
396 3177 572 3277 praecipue
593 3179 717 3250 vitium
738 3176 931 3276 Apostolus
952 3190 1102 3266 notans,
1131 3176 1281 3248 omnino
1303 3175 1443 3248 leminis
1461 3177 1498 3248 in
1527 3178 1674 3251 ecclesia
1700 3179 1801 3278 loqui

210 3295 412 3388 interdicit,
430 3323 497 3370 nec
509 3297 556 3370 de
576 3299 618 3370 iis
635 3299 741 3371 etiam
762 3321 841 3394 quae
858 3295 906 3369 ad
919 3300 1037 3368 Deum
1053 3296 1259 3404 pertinent,
1280 3297 1347 3368 nisi
1360 3295 1461 3368 domi
1474 3298 1570 3369 viros
1583 3299 1801 3397 interrogare

209 3419 405 3516 permittit,
428 3435 464 3492 et
492 3420 529 3491 in
553 3420 595 3492 iis
618 3419 726 3494 etiam
747 3416 947 3508 discendis,
965 3418 1034 3490 vel
1058 3416 1333 3514 quibuscunque
1353 3417 1545 3508 faciendis,
1577 3418 1717 3493 silentio
1743 3447 1802 3493 eas

210 3540 390 3637 praecipue
410 3539 570 3636 subjicit,
593 3537 781 3612 Timotheo
802 3563 908 3638 super
928 3537 985 3610 his
1002 3538 1050 3610 ita
1067 3537 1226 3612 scribens
1237 3541 1273 3630 ξι
1295 3567 1313 3605 ιι
1330 3536 1456 3610 Mulier
1474 3539 1510 3610 in
1531 3527 1671 3612 silentio
1690 3540 1803 3614 discat

210 3683 297 3731 curn
325 3661 425 3732 omni
448 3659 680 3756 subjectione.
703 3663 841 3732 Docere
861 3673 982 3730 autem
1003 3657 1143 3730 mulieri
1161 3681 1235 3730 non
1263 3659 1454 3757 permitto,
1484 3683 1602 3756 neque
1623 3658 1802 3732 dominari

209 3782 247 3852 in
266 3781 406 3870 virum,
427 3779 490 3852 sed
504 3805 579 3853 esse
595 3782 631 3851 in
649 3779 802 3852 silentio.
821 3807 839 3846 v
858 3777 965 3866 Quod
982 3777 1012 3848 si
1027 3777 1125 3850 laicis
1136 3793 1172 3850 et
1182 3778 1379 3876 conjugatis
1393 3778 1532 3851 feminis
1544 3780 1592 3852 ita
1604 3779 1651 3852 de
1662 3779 1802 3852 silentio

208 3901 431 3997 providerit,
449 3900 538 3999 quid
555 3900 657 3973 vobis
674 3915 727 3972 est
746 3896 975 3972 laciendum?
995 3897 1065 3983 Qui
1082 3921 1204 3968 rursus
1220 3897 1337 3969 eidem
1353 3922 1419 3972 cur
1434 3897 1505 3970 hoc
1520 3901 1727 3998 praeceperit
1749 3902 1802 3972 in·

207 4046 349 4113 nuens,
373 4020 541 4094 verbosus
557 4046 616 4094 eas
638 4037 674 4093 et
696 4019 885 4118 loquentes
909 4042 1023 4115 quum
1047 4041 1121 4088 non
1139 4030 1302 4115 oportet,
1321 4019 1447 4115 arguit.
1468 4020 1559 4091 Huic
1574 4020 1680 4116 igitur
1700 4036 1805 4092 tantae

207 4143 303 4240 pesti
328 4143 528 4216 remedium
555 4140 702 4240 aliquod
718 4138 968 4239 providentes,
995 4137 1051 4209 his
1078 4137 1202 4210 saltem
1227 4139 1369 4237 penitus
1391 4137 1479 4211 locis
1502 4138 1559 4211 vel
1583 4140 1804 4236 temporibus

205 4263 373 4361 linguam
389 4264 560 4335 continua
577 4262 815 4334 taciturnitate
827 4260 1058 4332 domemus⁸z
1077 4259 1115 4330 in
1132 4259 1294 4330 oratione
1309 4259 1463 4351 seilicet,
1482 4260 1519 4331 in
1535 4259 1703 4350 claustro,
1721 4263 1805 4334 dor·

204 4384 381 4474 mitorio,
407 4383 617 4473 refectorio,
644 4397 679 4454 et
703 4383 739 4454 in
764 4381 866 4453 omni
881 4380 1104 4452 comestione
1121 4395 1157 4451 et
1172 4379 1326 4476 coquina
1344 4409 1351 4450 :
1381 4395 1416 4452 et
1432 4394 1515 4479 post
1530 4379 1803 4479 completorium

201 4503 383 4602 deinceps
398 4501 470 4574 hoc
487 4503 642 4574 maxime
659 4501 706 4572 ab
723 4499 892 4572 omnibus
909 4498 1131 4572 observetur.
1154 4499 1269 4596 Signis
1285 4523 1370 4572 vero
1386 4494 1443 4572 his
1459 4498 1547 4571 locis
1560 4499 1617 4570 vel
1633 4503 1806 4599 tempori-

199 4624 301 4714 bus,
321 4624 350 4694 si
367 4623 605 4696 necessarium
622 4635 696 4712 est,
717 4645 785 4720 pro
802 4619 921 4692 verbis
936 4633 1092 4691 utamur.
1108 4622 1161 4691 De
1177 4617 1423 4715 quibusetiam
1435 4619 1543 4716 signis
1554 4619 1727 4693 docendis
1743 4645 1804 4692 seu

195 4742 441 4818 addiscendis
464 4743 614 4841 diligens
636 4741 809 4816 habeatur
831 4765 938 4831 cura,
966 4764 1127 4839 perque
1145 4740 1252 4812 etiam
1270 4739 1298 4811 si
1318 4738 1438 4812 verbis
1453 4765 1600 4838 quoque
1616 4766 1707 4840 opus
1729 4757 1802 4832 est,

198 4863 262 4936 ad
285 4862 507 4961 colloquium
527 4863 696 4935 invitetur
711 4861 793 4934 loco
814 4883 997 4958 congruo,
1024 4873 1060 4932 et
1075 4858 1122 4931 ad
1138 4858 1210 4932 hoe
1225 4860 1398 4934 instituto.
1420 4864 1463 4933 Et
1483 4859 1630 4958 expletis
1651 4860 1805 4934 breviter

241 5181 253 5206 ¹
276 5179 362 5242 Pron,
371 5194 429 5247 cap.
442 5196 501 5241 xxv,
511 5196 534 5232 v.
547 5181 589 5233 tt.
605 5208 628 5220 -
639 5179 649 5207 ¹
660 5180 688 5232 ln
702 5181 761 5232 Vitta
770 5179 889 5238 Ριιιιιιιιι,
906 5195 931 5244 p.
943 5180 1000 5230 tet.
1012 5205 1044 5216 -
1056 5178 1065 5206 ¹
1078 5177 1175 5239 Jacob..
1191 5191 1247 5244 sep.
1266 5192 1308 5237 ιιι,
1323 5194 1345 5228 ι.
1358 5179 1383 5226 t.
1394 5175 1447 5212 -⁴
1466 5175 1568 5226 ἲιίιιοιΙι.
1583 5175 1610 5234 l,
1621 5188 1675 5239 cap.
1692 5191 1725 5235 ιι,
1740 5191 1761 5222 v.
1778 5177 1803 5220 tt

191 5281 228 5322 et
250 5270 297 5320 12.
311 5297 336 5308 -
350 5269 361 5296 ⁸
374 5269 531 5321 tontum
542 5267 569 5320 ll.
