4590 6106
481 619 527 688 544
1020 617 1214 692 ANDREAE
1236 619 1513 707 cumessam

479 758 637 825 basilicam,
652 757 695 816 sel
706 759 736 816 id
749 759 888 832 4444444444
899 757 1004 818 iudicat
1015 758 1093 832 quod
1105 759 1231 818 Andreas
1243 762 1441 820 marcianensis
1450 760 1605 824 monastaus
1616 757 1713 816 44441444
1726 781 1732 812 :
1749 777 1761 808 a
1776 757 1947 817 Lndoricum
1968 758 2058 830 impe-

478 860 600 908 ratorem
613 868 685 906 anno
699 870 725 905 ar
738 851 848 923 imperii
862 851 924 921 sui,
937 851 1099 924 impetrasse
1111 851 1145 906 ab
1158 851 1285 926 Eugenio
1299 872 1369 930 papa
1382 871 1485 928 corpus
1497 853 1583 908 sancti
1602 850 1755 908 Sebastiani
1771 850 1915 924 martyris,
1932 858 1962 904 et
1973 849 2057 904 Sues-

478 943 564 1000 sionis
581 944 609 997 ia
627 942 735 997 basilica
752 942 845 1000 Sancti
859 941 985 998 4444144414
1003 942 1163 1012 collocasse,
1179 945 1208 998 44
1222 945 1302 1016 cujus
1323 945 1443 1002 adventu
1465 943 1552 1000 multa
1569 941 1770 1017 perpetrauerit
1788 941 1864 996 Deus
1886 938 2056 996 miracula.»

479 1033 591 1108 [44144444
603 1034 695 1088 Sancti
710 1033 1268 1104 1414414444ευί444444444444414444444,
1285 1055 1340 1092 uon
1353 1037 1501 1094 Anselmus
1523 1035 1714 1092 laudunensis
1730 1033 1801 1101 fuit,
1820 1043 1853 1088 ut
1874 1031 1946 1088 male
1965 1033 2057 1105 44444-

476 1136 555 1181 catur
568 1126 773 1201 Quercetanus,
787 1145 884 1182 verum
897 1126 1064 1197 Gaufridus,
1081 1130 1295 1202 cognominatus
1308 1131 1416 1185 Collum
1434 1131 1522 1198 Cervi,
1534 1129 1584 1203 qui
1596 1146 1669 1183 anno
1682 1130 1745 1184 ttst
1762 1125 1984 1181 catalaunensem
1996 1127 2056 1198 444-

475 1228 617 1292 scopatum
631 1219 748 1294 adeptus
762 1230 813 1275 est.
829 1219 987 1274 Primatum
1004 1219 1178 1277 claustralem
1192 1221 1348 1278 Gaufridus
1365 1223 1491 1280 Gosvino
1505 1221 1551 1276 isti
1564 1219 1741 1276 commiserat
1753 1237 1838 1294 quem
1858 1218 1972 1274 Parisiis
1991 1235 2056 1272 cum

474 1308 618 1366 Abaelardo
631 1309 823 1365 scholasticam
836 1310 915 1366 litem
928 1311 1058 1367 babuisse
1072 1330 1153 1388 supra
1169 1313 1297 1370 vidimus.
1312 1315 1463 1386 Quomodo
1476 1324 1568 1370 autem
1582 1313 1677 1380 abeo,
1692 1312 1779 1385 ipsius
1798 1308 1866 1366 olim
1882 1311 2052 1378 adversario,

475 1413 569 1460 noster
580 1403 681 1457 Petrus
693 1414 837 1476 susceptus
851 1403 936 1458 fuerit
949 1414 977 1458 et
991 1402 1117 1471 habitus,
1134 1423 1264 1462 enarrare
1281 1425 1337 1462 non
1351 1408 1445 1463 omisit
1458 1417 1557 1464 auctor
1575 1406 1648 1463 Vitas
1666 1403 1799 1473 Goarini,
1814 1423 1859 1478 ap.
1872 1403 1948 1460 dom.
1963 1404 2053 1472 Brial,

476 1494 576 1565 Scra'pt.
584 1511 639 1549 rer.
648 1495 753 1566 gallic,
761 1505 781 1548 4.
790 1493 870 1563 XIV,
879 1513 904 1571 4.
916 1496 967 1550 443
976 1519 982 1549 :
992 1517 1004 1544 a
1015 1495 1200 1551 Mittebantur
1209 1497 1276 1552 illuc
1291 1496 1396 1556 indocti
1410 1508 1441 1554 ut
1453 1500 1644 1567 erudirentur,
1657 1497 1785 1553 dissoluti
1795 1507 1827 1552 ut
1835 1497 2054 1570 corrigerentur,

473 1585 604 1641 cervicosi
622 1596 655 1639 ut
667 1583 866 1655 domarentur5
880 1597 909 1640 44
920 1586 1021 1641 exinde
1041 1588 1113 1659 44444
1134 1606 1269 1662 pauperes
1286 1589 1456 1658 subsidium,
1472 1591 1512 1645 sic
1524 1589 1670 1645 consilium
1690 1588 1870 1663 reportabant
1890 1585 2053 1659 locupletes.

475 1675 556 1732 Unde
570 1678 690 1752 contigit
701 1689 746 1746 ut,
759 1677 823 1751 quia
835 1679 892 1734 hec
904 1681 1023 1734 mutatio
1035 1679 1136 1736 dextra
1149 1681 1254 1738 Excelsi
1269 1683 1486 1758 circumquaque
1504 1683 1678 1758 vulgabatur,
1696 1699 1838 1738 summum
1858 1697 1970 1756 quoque
1989 1697 2056 1753 pras·

472 1768 559 1822 sulem
574 1769 770 1826 Innocentium
786 1789 840 1826 non
856 1771 970 1840 lateret,
985 1783 1014 1828 et
1026 1775 1191 1846 magistrum
1207 1776 1340 1843 Petrum,
1360 1777 1440 1847 cujus
1458 1787 1538 1831 antea
1556 1775 1749 1844 meminimus,
1765 1775 1801 1829 de
1814 1773 1946 1829 doctrine
1960 1773 2055 1829 44444-Ι

472 1871 549 1914 44444
563 1860 693 1930 falsitate,
708 1873 736 1917 et
749 1881 866 1918 censura
880 1863 983 1918 silentii
998 1866 1193 1932 cauteriatum,
1208 1865 1274 1919 41144
1285 1867 1487 1921 transmitteret
1499 1865 1716 1934 recludendum,
1731 1875 1760 1921 et
1772 1865 1859 1920 instar
1869 1865 2054 1920 rhinocerotis

471 1953 602 2009 indomiti
618 1953 769 2030 disciplinae
782 1955 968 2010 coercendum
982 1956 1145 2030 ligamento.
1160 1957 1310 2031 Susceptus
1325 1969 1367 2014 est
1386 1959 1451 2013 isin
1468 1956 1589 2014 claustro
1609 1977 1624 2012 a
1642 1956 1782 2012 claustrali
1801 1957 1895 2030 priore
1909 1956 2052 2026 Gossino,

472 2047 544 2100 sicut
556 2045 694 2118 ejusmodi
708 2046 837 2114 decebat,
854 2048 882 2102 in
896 2048 998 2121 spiritu
1012 2048 1141 2103 videlicet
1152 2047 1283 2105 lenitatis.
1296 2049 1430 2124 Sperabat
1443 2067 1563 2124 namque
1574 2047 1651 2124 quod
1661 2049 1769 2104 facilius
1782 2060 1985 2106 mansuesceret
1996 2052 2053 2124 pie·

471 2140 535 2194 tatis
554 2139 618 2194 siuu
635 2157 720 2213 quarn
738 2139 800 2195 loro
817 2139 985 2214 discipline,
998 2151 1025 2195 et
1039 2141 1177 2197 didicerat
1195 2143 1314 2218 amplius
1328 2143 1356 2198 in
1372 2145 1471 2216 pagina
1489 2143 1591 2198 mentis
1609 2153 1757 2198 mansuete
1767 2160 1853 2217 quam
1868 2141 1968 2197 scholae
1988 2161 2055 2199 con·

470 2241 564 2299 44444,
582 2251 633 2287 444
647 2234 721 2287 virus
735 2233 764 2287 in
778 2251 898 2305 anguem
912 2233 1100 2302 mittendum,
1116 2253 1166 2289 nec
1179 2253 1274 2290 canem
1290 2235 1419 2290 rabidum
1433 2235 1640 2309 instigandum,
1658 2253 1709 2290 nec
1721 2234 1840 2290 flammis
1852 2235 2053 2308 crepitantibus

469 2325 637 2398 copiosiores
655 2326 784 2380 materias
804 2325 1004 2380 immittendas.
1026 2325 1204 2400 Proponebat
1221 2329 1247 2382 ei
1266 2345 1317 2400 pro
1333 2328 1487 2383 mulcendis
1508 2329 1568 2401 ejus
1588 2327 1704 2383 auribus
1722 2338 1751 2383 et
1766 2328 1860 2382 animo
1874 2325 2052 2402 ‚deflectendo

470 2417 689 2488 profunditatem
704 2418 838 2485 scientias,
855 2418 941 2472 immo
955 2417 1106 2473 multarum
1120 2417 1292 2475 diversarum
1307 2421 1501 2489 scientiarum,
1516 2430 1670 2476 torrentem
1680 2420 1845 2494 eloquentie
1862 2419 1898 2476 ad
1913 2421 2051 2496 quidquid

470 2510 549 2566 vellet
561 2509 764 2580 abundantem,
777 2512 1006 2566 numerositatem
1019 2511 1199 2568 victoriarum
1211 2530 1279 2588 quas
1293 2513 1424 2568 conflictu
1437 2514 1573 2568 litterario
1588 2513 1780 2588 conquisisset,
1795 2523 1832 2582 et,
1849 2513 1926 2587 quod
1939 2515 2052 2588 dignius

468 2615 539 2658 esset
555 2615 584 2660 et
595 2602 756 2674 sublimius,
771 2604 971 2677 professionem
984 2605 1141 2660 monastica
1154 2607 1322 2676 sanctitatis,
1338 2617 1529 2682 contemptura
1542 2605 1658 2674 mundi,
1681 2605 1795 2661 Domini
1807 2609 1970 2663 servitutem
1983 2631 1989 2662 ε
2002 2625 2052 2663 cu-

469 2706 547 2768 peret
560 2695 748 2771 quodcunque
767 2714 878 2752 necesse
897 2707 983 2766 esset,
1005 2698 1194 2753 necessitatem
1215 2709 1328 2772 cogeret
1347 2701 1450 2755 virtute
1468 2699 1581 2754 militari
1592 2722 1599 2766 ;
1610 2697 1645 2753 ad
1658 2698 1688 2753 id
1700 2698 1777 2772 quod
1792 2699 1941 2757 honestum
1954 2703 2050 2770 sciret,

468 2789 619 2862 applicaret
634 2807 692 2858 cor,
713 2789 895 2844 assuefaceret
908 2807 953 2856 os,
970 2799 1048 2845 actus
1060 2789 1223 2863 adaptaret,
1236 2810 1292 2847 non
1306 2791 1455 2865 deputaret
1468 2791 1623 2847 infortunio
1643 2809 1695 2846 nec
1713 2791 1864 2848 ascriberet
1884 2792 2052 2866 dispendio,

469 2882 544 2954 quod
564 2900 597 2936 eo
618 2883 796 2938 transmissus
813 2893 898 2951 esset,
915 2883 962 2938 ubi
976 2902 1033 2938 non
1048 2883 1187 2939 reclusum
1200 2885 1342 2958 ergastulo
1361 2902 1389 2941 se
1401 2885 1589 2958 experiretur,
1606 2884 1653 2940 aed
1669 2895 1780 2940 tautum
1799 2886 1939 2942 exclusum
1956 2905 1970 2940 a
1988 2898 2052 2942 tur-

467 2975 532 3030 bine
545 2974 682 3043 seculari,
698 2994 754 3030 non
767 2975 975 3048 compeditum,
997 2975 1045 3030 sed
1060 2975 1237 3050 expeditum,
1251 2979 1370 3034 honeste
1388 2989 1497 3034 tantum
1520 2996 1548 3033 se
1569 2980 1701 3048 haberet,
1716 2991 1745 3035 et
1760 2980 1889 3035 omnibus
1908 2991 1981 3036 esset
1994 2999 2051 3037 ma·

468 3067 553 3140 gister
564 3079 592 3123 et
606 3067 747 3142 exemplar
758 3069 923 3123 honestatis.
937 3069 1003 3123 44444
1015 3070 1131 3124 honeste
1144 3071 1293 3142 peroratae
1312 3073 1352 3125 vir
1364 3072 1517 3128 honestatis
1531 3081 1638 3126 amator
1650 3083 1679 3128 et
1690 3071 1902 3128 honestissimus
1919 3073 2051 3129 honesto·

469 3177 549 3226 rum;
562 3159 610 3214 sed
623 3160 670 3214 illc
683 3178 712 3215 se
724 3161 873 3216 consilium
885 3161 1036 3215 honestum
1049 3171 1077 3215 et
1090 3161 1159 3215 utile
1172 3180 1229 3216 non
1241 3172 1384 3236 acceptare
1396 3181 1529 3236 responso
1538 3165 1723 3220 manifestavit
1734 3163 1883 3221 inhonesto
1895 3189 1900 3220 :
1913 3189 1926 3216 a
1939 3165 2028 3238 Quid,
2037 3191 2050 3218 4

469 3251 612 3326 inquiens,
628 3262 709 3306 «tam
723 3250 917 3324 multipliciter
927 3253 1103 3307 honestatem
1112 3252 1252 3326 praedicas,
1263 3254 1438 3310 honestatem
1451 3255 1562 3326 suades,
1577 3255 1672 3312 laudas
1682 3257 1878 3313 honestatem?
1891 3258 1972 3315 lllulti
1988 3273 2051 3317 sunt

471 3344 544 3416 aqui
557 3343 701 3417 disputant
714 3341 749 3398 de
763 3341 907 3416 speciebus
919 3343 1088 3414 honestatis,
1102 3344 1151 3418 qui
1166 3347 1295 3402 nesciunt
1306 3346 1377 3422 quid
1390 3349 1427 3403 sit
1443 3348 1583 3404 honestas.
1599 3372 1611 3400 a
1630 3349 1693 3420 Qua
1708 3351 1855 3405 temeraria
1871 3353 2049 3425 responsione

470 3435 610 3490 Gosvinus
629 3436 829 3490 inhonoratum
844 3455 872 3491 se
886 3455 942 3491 non
957 3435 1061 3506 doluit,
1076 3436 1124 3492 sed
1139 3437 1217 3493 illum
1231 3437 1446 3497 dehonestatum
1457 3463 1465 3508 ;
1478 3453 1507 3498 et
1519 3452 1587 3497 tunc
1599 3441 1713 3498 demum
1726 3443 1864 3516 persensit
1876 3443 1953 3519 qnod
1970 3444 2052 3502 dissi·

470 3526 585 3582 milibus
598 3528 623 3582 44
639 3527 729 3583 verbis
743 3540 814 3584 esset
827 3529 979 3596 utendum,
995 3547 1056 3604 que
1070 3530 1208 3586 mordacia
1222 3529 1287 3587 licet
1302 3544 1407 3602 essent,
1424 3545 1517 3590 tamen
1536 3545 1623 3591 metas
1641 3553 1696 3591 non
1715 3537 1869 3592 transirent
1886 3538 2051 3598 honestatis.

470 3621 503 3674 Et
518 3637 666 3676 conversus
679 3620 713 3674 ad
725 3639 789 3676 eum
802 3646 807 3676 ι
821 3623 952 3680 «Verum
965 3633 1020 3688 est,
1033 3646 1046 3672 a
1060 3623 1166 3696 inquit,
1183 3647 1196 3674 a
1211 3624 1289 3699 quod
1304 3624 1399 3682 dixisti
1411 3651 1416 3681 :
1428 3627 1511 3684 multi
1530 3639 1597 3684 sunt
1617 3629 1667 3703 qui
1688 3629 1833 3703 disputant
1852 3631 1887 3686 de
1907 3633 2051 3705 speciebus

471 3715 646 3771 «honestatis
657 3715 706 3788 qui
718 3716 846 3770 nesciunt
858 3715 926 3789 quid
939 3717 974 3770 sit
988 3716 1127 3772 honestas.
1138 3717 1191 3772 Sed
1201 3718 1223 3773 si
1232 3717 1302 3792 quid
1311 3719 1443 3795 deinceps
1453 3721 1495 3776 441
1503 3721 1615 3790 dixeris,
1626 3721 1669 3776 vel
1680 3725 1859 3780 attentaveris
1871 3725 2050 3782 inhonestum

470 3825 544 3862 anos
557 3806 686 3862 incedere
700 3808 801 3862 senties
813 3826 845 3862 ea
856 3807 979 3875 adverso,
991 3818 1018 3864 et
1032 3827 1082 3883 per
1092 3811 1302 3866 insectationem
1316 3815 1449 3870 contrarii
1465 3815 1523 3882 sui,
1538 3832 1589 3870 uos
1602 3817 1767 3888 experieris,
1780 3817 1848 3892 qnid
1861 3819 1897 3874 sit
1909 3819 2047 3886 honestas,

470 3919 549 3958 anon
567 3903 683 3958 nescire.
696 3924 710 3952 a
725 3902 787 3972 Qua
797 3902 983 3976 respondendi
995 3905 1149 3960 constantia
1161 3905 1317 3979 pavefactus
1329 3907 1492 3964 rhinoceros
1503 3907 1563 3978 ille,
1579 3909 1701 3983 quietius
1714 3909 1774 3966 dies
1788 3911 1850 3967 illos
1861 3913 2048 3988 transigebat,

468 3996 619 4070 patientior
636 3992 802 4070 discipline,
819 3996 945 4052 timidior
958 3997 1149 4072 flagellorum
1163 4009 1192 4056 et
1207 3998 1320 4055 tandem
1334 4001 1440 4058 cerebri
1454 4003 1542 4057 factus
1555 4003 1671 4059 sanioris
1684 4015 1712 4060 44
1727 4006 1813 4060 animi
1828 4024 1884 4062 non
1896 4007 1966 4064 adeo
1978 4009 2050 4066 deli-

469 4092 571 4160 rantis,
588 4089 747 4164 compulsus
759 4101 802 4146 est
815 4091 1034 4149 animadvertere
1048 4091 1124 4168 quod
1137 4093 1187 4167 qni
1199 4093 1325 4149 calcitrat
1337 4105 1433 4150 contra
1446 4095 1606 4162 stimulum,
1618 4098 1692 4152 sevit
1704 4096 1733 4152 44
1747 4099 1884 4172 ipsum...
1899 4101 1930 4173 a]

1059 4253 1131 4310 Nota
1150 4253 1310 4326 XXXVII,
1330 4273 1391 4328 pag·
1410 4258 1455 4314 43.

501 4381 670 4459 Dionysium
681 4383 885 4456 Areopagitsuu
902 4383 1108 4439 Corinthiorum
1120 4384 1312 4456 potiusquam
1325 4383 1539 4440 Atheniensium
1549 4384 1647 4458 fuisse
1660 4389 1827 4458 episcopum.
1840 4415 1876 4430 -
1889 4386 1952 4442 4444
1970 4385 2048 4442 Dede

466 4476 602 4532 sententia
615 4474 651 4530 de
665 4475 799 4549 Dionysio
813 4475 983 4550 Areopagita
995 4473 1091 4530 multis
1104 4476 1189 4530 etiam
1202 4475 1287 4530 hodie
1302 4493 1358 4532 non
1376 4475 1481 4550 placet,
1494 4479 1543 4552 qui
1557 4478 1722 4552 Dionysium
1738 4479 1900 4552 episcopum
1913 4481 2048 4552 parisien-

466 4585 523 4622 sem
536 4585 594 4624 esse
606 4567 686 4622 illum
704 4569 901 4642 Areopagitam
915 4567 1098 4624 contendunt.
1112 4567 1166 4624 Sed
1181 4568 1255 4642 quod
1269 4568 1390 4643 allegant
1403 4569 1439 4626 de
1451 4570 1616 4627 Innocentio
1631 4571 1683 4640 lIl,
1700 4574 1749 4646 qui
1762 4590 1865 4646 corpus
1877 4575 1964 4628 sancti
1980 4571 2049 4628 Dio·

468 4659 548 4730 444444,
560 4660 775 4715 Corinthiorum
787 4660 920 4734 episcopi,
937 4657 1015 4715 dedit
1028 4660 1171 4716 monachis
1183 4661 1277 4718 Sancti
1287 4663 1413 4736 Dionysii
1424 4664 1600 4733 Parisiensis,
1615 4683 1666 4720 nec
1678 4665 1806 4739 ipsorum
1818 4667 1946 4740 opinioni
1959 4665 2049 4741 pluri-

467 4769 543 4806 mum
557 4753 660 4820 favere,
676 4770 727 4810 nec
739 4753 876 4811 Abaelardi
895 4773 1008 4830 quoque
1029 4771 1139 4810 sensum
1158 4757 1324 4814 auctoritate
1343 4757 1422 4814 Bedae
1443 4757 1588 4814 suffultum
1607 4761 1723 4816 omnino
1743 4761 1907 4816 convincere
1927 4759 2049 4817 ridetur.

467 4842 537 4900 44444
554 4845 595 4900 444
608 4856 719 4902 enarrat
735 4864 906 4921 anonymus,
925 4847 974 4922 qni
989 4846 1024 4903 de
1039 4845 1164 4922 reliquiis
1178 4849 1297 4908 caenobii
1312 4849 1403 4906 Sancti
1417 4851 1543 4926 Dionysii
1556 4851 1667 4925 scripsit
1680 4875 1686 4905 :
1699 4875 1711 4902 a
1725 4854 1821 4919 Anno,
1833 4873 1847 4904 4
1861 4852 1967 4926 inquit,
1990 4875 2003 4902 a
2014 4851 2050 4908 ab

466 4936 656 4994 incarnatione
668 4938 782 4997 Domini
795 4957 891 5009 444444,
903 4941 1101 5007 Innocentius,
1112 4952 1211 4997 sancus
1225 4960 1344 4998 romanu
1357 4943 1485 5000 Ecclesia
1498 4965 1568 5020 papa
1581 4945 1638 5015 Ill,
1654 4943 1687 5001 ad
1701 4945 1798 5002 urbem
1814 4947 1941 5020 generale
1954 4949 2049 5003 conci-

464 5031 534 5085 lium
547 5031 720 5092 convocavit.
734 5035 856 5087 exomni
875 5035 986 5090 natione
999 5051 1060 5109 que
1072 5035 1124 5090 sub
1138 5035 1209 5091 coelo
1222 5047 1276 5092 est.
1294 5036 1421 5094 Pastores
1439 5050 1468 5095 et
1487 5038 1590 5114 prelati
1608 5051 1707 5096 sanctae
1723 5040 1819 5096 matris
1838 5040 1984 5109 Ecclesie;
1999 5059 2049 5116 pa·
2120 5043 2124 5048 “

465 5124 592 5180 triarchas
606 5123 745 5192 videlicet,
758 5125 971 5202 archiepiscopi,
985 5127 1143 5201 pontifices,
1162 5140 1192 5185 et
1204 5128 1330 5198 abbates,
1344 5141 1373 5186 et
1386 5131 1526 5187 inferioris
1546 5131 1648 5206 gradus
1663 5143 1693 5188 et
1705 5133 1812 5188 ordinis
1828 5131 1887 5188 alie
1905 5151 2046 5208 persone,

463 5235 582 5292 quarum
595 5235 650 5275 non
661 5229 721 5275 erat
734 5237 886 5276 numerus:
898 5239 978 5294 reges
988 5223 1073 5278 etiam
1086 5232 1114 5278 et
1126 5223 1267 5298 principes
1279 5223 1453 5281 diversorum
1467 5225 1637 5300 populorum
1651 5227 1693 5283 sel
1703 5245 1754 5300 per
1762 5244 1801 5298 ac,
1814 5225 1857 5282 sel
1870 5245 1921 5301 per
1933 5227 2048 5282 44444444
