4536 6102
801 509 1035 582 exrosl'rto
1060 508 1263 582 stneott.
1754 514 1825 586 613

239 652 380 723 dicatur
403 651 616 724 ascendisse.
643 655 689 722 Ut
705 651 802 724 eninr
826 652 977 747 ipsemet
993 651 1079 721 ait¹:
1103 677 1120 717 u
1139 653 1252 722 Nemo
1271 643 1430 718 ascendit
1447 646 1484 717 in
1509 645 1656 738 crelam,
1673 651 1742 723 nisi
1763 657 1825 750 qui

240 769 427 844 descendit
441 771 487 844 de
498 771 602 844 coelo.
620 801 638 840 a
657 772 723 842 Alii
740 755 872 869 quippe
887 771 999 866 magis
1013 769 1107 842 trahi
1124 793 1234 867 quam
1246 766 1439 840 ascendere
1452 784 1536 840 sunt
1552 767 1708 842 dicendi.
1725 773 1825 846 Absit

239 905 377 982 autem,
397 907 436 964 ut
452 892 594 964 Christo
613 895 687 989 jam
710 917 776 991 per
797 893 1096 963 resurrectionem
1113 889 1310 987 glorificato
1332 890 1529 987 corporalis
1551 891 1627 987 ejus
1651 892 1697 963 ad
1715 895 1823 968 coelos
1878 919 1881 928 ’

239 1032 405 1082 ascensus
422 1010 556 1107 aliquid
577 1009 807 1082 beatitudinis
827 1009 1031 1082 conttderit.
1055 1012 1141 1096 Quae
1159 1023 1213 1080 est
1240 1009 1391 1079 enimin
1413 1007 1532 1079 futura
1546 1009 1620 1079 vite
1636 1009 1822 1086 beatitudo

238 1144 374 1218 nostra,
393 1131 462 1201 nisi
482 1130 542 1202 illa
558 1131 751 1202 divinitatis
768 1131 870 1219 visio,
888 1129 933 1201 de
945 1155 1017 1228 qua
1035 1128 1218 1200 Psalmista
1233 1128 1362 1199 dicit²2
1381 1155 1398 1195 u
1410 1127 1575 1200 satiabor
1586 1153 1698 1226 quum
1711 1157 1822 1233 appa·

239 1250 350 1320 ruerit
375 1249 487 1346 gloria
511 1253 592 1323 tua?
612 1280 630 1320 n
658 1252 765 1348 Cujus
789 1250 937 1348 quidem
961 1251 1108 1322 visionis
1130 1248 1248 1322 lucem
1264 1249 1397 1322 civitati
1414 1273 1479 1346 per
1497 1251 1632 1356 Isaiam¹
1645 1255 1822 1329 Dominus

237 1371 469 1468 promittens,
487 1372 574 1444 air:
596 1401 614 1440 e
631 1376 710 1443 Non
724 1372 790 1442 erit
806 1371 872 1442 tibi
889 1371 1041 1468 amplius
1058 1369 1112 1441 sol
1130 1369 1176 1442 ad
1194 1368 1389 1463 lucendum
1404 1394 1468 1466 per
1482 1368 1596 1460 diem,
1617 1395 1684 1443 nec
1694 1375 1820 1473 ,splen-

236 1487 305 1557 dor
321 1488 413 1560 lunae
430 1489 645 1561 illuminabit
661 1507 715 1579 te,
735 1490 882 1562 sederit
905 1490 970 1561 tibi
992 1491 1170 1561 Dominus
1191 1490 1228 1560 in
1247 1488 1365 1560 lucem
1384 1489 1655 1586 sempiternam,
1675 1508 1710 1564 et
1725 1499 1822 1567 Deus

236 1622 317 1678 tuus
337 1610 374 1680 in
392 1610 543 1706 gloriam
558 1626 671 1684 tuam.
692 1616 771 1683 Non
789 1611 931 1683 occidet
947 1610 1041 1684 ultra
1057 1611 1111 1682 sol
1131 1625 1233 1700 tuus,
1258 1623 1294 1680 et
1313 1609 1399 1682 luna
1422 1633 1497 1680 non
1516 1611 1710 1703 minuetur,
1738 1619 1820 1712 quia

234 1729 411 1801 Dominus
428 1732 495 1802 erit
511 1732 548 1802 in
565 1730 682 1804 lucem
705 1733 979 1829 sempiternam,
999 1746 1036 1802 et
1056 1729 1335 1827 complebuntur
1352 1728 1428 1801 dies
1445 1729 1560 1802 luctus
1576 1733 1643 1804 tui.
1664 1737 1820 1833 Populus

233 1861 353 1919 autem
370 1864 452 1922 tuus
467 1875 593 1924 omnes
602 1851 689 1947 justi
703 1853 740 1922 in
756 1864 970 1948 perpetuum
985 1849 1249 1922 haereditabunt
1260 1864 1406 1939 terram,
1422 1865 1492 1922 etc.
1509 1880 1526 1918 n
1540 1854 1628 1939 Quis
1640 1856 1748 1928 etiarn
1763 1885 1821 1932 ne·

232 1970 320 2039 sciat
335 1973 426 2060 Deo,
446 1973 508 2068 qui
524 1971 658 2069 ubique
670 1986 741 2061 est,
759 1996 826 2042 nos
843 1995 1072 2069 nequaquam
1087 1969 1193 2059 locis,
1208 1970 1271 2041 sed
1288 1969 1458 2067 operibus
1470 1988 1661 2067 praesentes
1676 1974 1819 2053 fierivel

232 2083 417 2159 absentes?
435 2089 538 2161 Unde
554 2105 590 2161 ct
607 2089 722 2186 angeli
739 2090 865 2161 faciem
887 2091 953 2160 Dei
970 2112 1111 2187 semper
1127 2087 1310 2175 videntes,
1333 2112 1446 2184 quum
1464 2088 1510 2159 ad
1527 2113 1594 2162 nos
1611 2093 1815 2186 mittuntur,

232 2228 461 2303 nequaquam
480 2207 586 2304 hujus
609 2209 756 2280 visionis
773 2208 995 2280 beatitudine
1011 2208 1213 2305 privantur.
1234 2210 1380 2292 Quanto
1399 2208 1510 2304 magis
1528 2211 1648 2282 anima
1665 2213 1815 2306 Christi,

231 2347 310 2419 quae
320 2322 388 2394 hac
405 2326 542 2397 visione
559 2326 749 2423 perfectius
766 2350 908 2423 semper
926 2324 1067 2414 fruitur,
1081 2349 1124 2398 ea
1141 2347 1329 2421 nunquam
1346 2323 1480 2422 privari
1497 2329 1635 2422 potuit?
1655 2331 1752 2417 Quid
1766 2350 1819 2405 est

234 2441 353 2539 itaque
369 2443 632 2519 humanitatem
653 2448 729 2543 ejus
751 2446 861 2519 coelos
883 2445 1152 2536 conscendisse,
1176 2444 1233 2517 vel
1249 2459 1289 2516 ut
1305 2443 1508 2540 diligdrtius
1524 2449 1716 2544 Apostolus
1732 2454 1781 2524 ait
1792 2459 1814 2542 ⁸,

231 2586 314 2634 eum
341 2591 449 2663 super
471 2593 598 2639 omnes
619 2569 728 2642 coelos
754 2569 973 2658 ascendisse,
996 2583 1037 2639 ut
1062 2567 1273 2664 adimpleret
1294 2563 1433 2655 dmnia,
1454 2567 1522 2638 nisi
1539 2567 1621 2641 loco
1636 2575 1816 2670 corporali

230 2705 378 2762 ascensu
400 2701 599 2760 montrasse
630 2713 711 2760 eam
733 2688 896 2761 omniurn
913 2686 1103 2758 beatorum
1120 2684 1346 2756 altitudinem
1362 2684 1645 2758 transcendisse?
1667 2694 1720 2761 De
1743 2718 1813 2788 qua

229 2803 377 2900 quidem
393 2805 575 2902 dignitatis
592 2806 814 2896 excellentia,
833 2831 904 2904 qua
921 2805 1141 2878 transcendit
1158 2805 1341 2891 universa,
1361 2803 1497 2874 dictum
1509 2819 1564 2875 est
1574 2831 1639 2903 per
1654 2811 1812 2908 prophe-

228 2931 320 2997 tam*
340 2955 347 2996 :
370 2956 389 2995 «
409 2927 554 3000 Eleveta
579 2944 633 3000 est
656 2953 782 3001 manus
803 2944 865 3000 tua
881 2929 972 2998 sicut
997 2927 1139 2998 cedrus.
1160 2953 1178 2994 n
1202 2931 1246 2996 Et
1261 2949 1326 3022 per
1348 2923 1577 3021 Apostolum⁸
1597 2954 1605 2996 :
1628 2934 1814 3027 «Propter

227 3044 326 3140 quod
345 3059 381 3116 et
397 3050 492 3118 Deus
509 3046 609 3118 illurn
626 3047 808 3137 exaltavit,
822 3063 858 3118 et
869 3046 969 3118 dedit
986 3047 1018 3119 ei
1034 3070 1170 3118 nomen
1193 3044 1293 3143 quod
1309 3059 1363 3115 est
1378 3069 1485 3141 super
1498 3069 1608 3116 omne
1625 3073 1772 3121 nomen.
1792 3083 1809 3120 »

227 3165 271 3234 Et
296 3165 443 3237 iterum⁷
464 3194 471 3236 :
494 3167 638 3239 «Sedet
663 3168 710 3240 ad
733 3168 915 3240 dexteram
937 3167 1129 3264 majestatis
1149 3168 1186 3237 in
1214 3165 1381 3253 excelsis,
1404 3179 1506 3236 tanto
1528 3167 1662 3262 angelis
1686 3170 1813 3245 melior

227 3283 390 3373 effectus,
410 3302 546 3384 quanto
563 3288 785 3361 differentius
802 3314 874 3386 prae
891 3288 957 3359 illis
972 3313 1107 3360 nomen
1121 3287 1357 3358 haereditavit.
1375 3313 1392 3352 n
1412 3285 1620 3359 Ascendisse
1634 3289 1754 3387 itaque
1766 3293 1812 3364 ad

226 3399 335 3472 coelos
360 3403 502 3493 dieitur,
529 3431 604 3477 non
631 3422 671 3479 ut
691 3408 766 3504 ejus
786 3406 972 3478 beatitudo
997 3407 1054 3478 vel
1076 3406 1189 3502 gloria
1204 3430 1269 3504 per
1290 3404 1514 3502 corporalem
1533 3407 1608 3501 ejus
1625 3432 1812 3482 ascensum

226 3537 408 3616 augeatur,
434 3524 497 3596 sed
523 3541 562 3596 ut
587 3550 652 3624 per
677 3527 796 3624 ipsum
813 3527 1026 3600 declaretur.
1051 3526 1151 3598 Absit
1167 3527 1282 3614 enirn,
1303 3539 1343 3595 ut
1364 3523 1501 3596 dictum
1518 3540 1587 3614 est,
1607 3527 1706 3624 quod
1730 3547 1813 3627 post

225 3644 523 3717 resurrectionem
539 3647 606 3744 ipsi
628 3648 761 3744 aliquid
778 3648 1010 3721 beatitudinis
1020 3647 1078 3719 vel
1095 3647 1215 3744 gloriae
1231 3671 1303 3717 suae
1320 3647 1355 3718 in
1374 3647 1494 3718 anima
1511 3647 1585 3718 sive
1603 3648 1639 3720 iu
1657 3675 1810 3748 corpore

225 3763 411 3837 credamus
422 3767 592 3841 collatum
609 3793 685 3842 esse
700 3798 707 3840 :
722 3770 786 3844 sed
803 3771 902 3867 quod
912 3771 987 3866 jam
1008 3768 1213 3857 obtinebat,
1233 3793 1345 3864 quum
1354 3768 1430 3865 jam
1441 3793 1573 3865 eorpus
1589 3795 1694 3842 suum
1711 3787 1810 3846 tanta

223 3881 364 3956 levitate
390 3887 603 3960 ostendebat
626 3888 882 3986 glorificatum,
911 3905 951 3961 ut
976 3905 1011 3961 et
1033 3888 1122 3960 nubi
1148 3888 1321 3975 insidere,
1351 3902 1387 3958 et
1411 3887 1521 3958 coelos
1541 3905 1750 3985 penetrare,
1774 3910 1810 3965 et

223 4001 330 4098 longe
349 4004 424 4100 jam
450 4006 633 4080 diversum
657 4009 791 4081 sactum
812 4033 888 4081 esse
914 4008 960 4082 ab
986 4008 1058 4079 hoc
1074 4005 1299 4104 corruptibili
1319 4029 1493 4104 corpore,
1517 4006 1619 4103 quod
1640 4008 1808 4104 aggravat

224 4123 398 4215 animam,
419 4141 454 4197 et
470 4151 594 4200 sensus
610 4130 725 4201 nostri
742 4129 911 4227 deprimit
928 4128 1100 4226 vigorem.
1121 4133 1168 4199 Ut
1184 4151 1269 4224 ergo
1287 4125 1410 4198 fideles
1425 4126 1521 4198 banc
1537 4128 1574 4197 in
1592 4128 1664 4199 suis
1675 4154 1807 4230 corpo-

222 4241 321 4316 ribus
346 4245 643 4342 glorificationem
672 4265 920 4349 expectarent,
947 4265 987 4322 ut
1005 4249 1212 4347 ubicunque
1237 4246 1344 4321 vellet
1368 4248 1536 4346 Spiritus,
1565 4247 1615 4319 ibi
1632 4250 1709 4321 sine
1735 4252 1806 4326 ulla

222 4359 428 4438 difficultate
456 4370 575 4440 statim
598 4384 690 4442 esset
713 4396 864 4469 eorpus,
892 4371 964 4442 hoc
982 4371 1140 4469 primum
1167 4372 1204 4442 in
1230 4369 1348 4467 seipso
1369 4381 1478 4466 caput
1499 4367 1681 4456 exhibuit,
1705 4374 1804 4468 quod

222 4484 385 4584 exemplo
406 4491 480 4585 ejus
505 4492 725 4590 sperandum
746 4508 838 4565 esset
861 4492 1044 4565 membris.
1069 4493 1166 4564 Sicut
1184 4515 1269 4587 ergo
1287 4489 1379 4561 filius
1397 4490 1462 4561 Dei
1480 4489 1525 4561 de
1544 4491 1635 4562 coelo
1654 4489 1804 4564 descen·

221 4601 314 4679 disse
336 4609 466 4682 dicitur
485 4612 710 4702 humiliatus,
729 4628 765 4685 et
782 4613 981 4685 secundum
1004 4628 1223 4710 assumptam
1244 4609 1504 4683 humanitatem
1528 4609 1801 4707 quodammodo

220 4727 353 4822 angelis
371 4731 491 4804 minor
508 4733 632 4825 lactus,
649 4733 698 4807 ita
709 4747 744 4805 et
754 4733 846 4806 fitius
859 4733 1015 4806 hominis
1026 4731 1227 4806 ascendisse
1237 4731 1368 4802 dicitur
1377 4729 1565 4821 exaltatus,
1584 4733 1748 4828 quamvis
1765 4747 1800 4802 et

254 4955 262 4984 ⁴
278 4957 360 5018 ioan..
380 4973 435 5025 cap.
457 4977 498 5022 nt,
517 4960 764 5016 v.18.-'Psslm.
784 4979 842 5028 xn,
859 4979 885 5015 v.
907 4965 947 5015 rt.
960 4986 990 5000 -
1031 4959 1148 5030 (Erech,
1162 4975 1218 5028 cap.
1236 4977 1266 5022 x,
1279 4975 1303 5010 v·
1317 4961 1398 5020 l.)···
1410 4957 1532 5024 ‘Philll'o
1551 4973 1606 5026 ⁰³9·
1631 4976 1662 5021 ¹¹·
1683 4975 1706 5009 V·
1726 4960 1751 5008 9·
1763 4983 1797 4998 ··

145 5099 150 5112 Ι
221 5037 232 5064 ⁸
244 5039 312 5092 lraiae
323 5057 378 5109 cap.
395 5059 436 5107 tx,
446 5061 468 5097 v.
485 5047 514 5096 19
531 5055 557 5126 et
568 5062 622 5115 seq.
631 5046 795 5112 -‘Eplm·‚
805 5063 860 5114 erp.
871 5065 903 5112 tv,
914 5064 938 5100 v.
950 5049 989 5098 1⁰·
1032 5046 1138 5108 'Helm
1147 5062 1202 5114 ⁰⁸1¹·
1214 5064 1238 5110 ¹2
1251 5059 1276 5097 V·
1288 5045 1315 5095 ⁸·

230 5123 279 5159 -⁸
302 5145 313 5171 ι
333 5125 431 5180 lllevata
453 5139 491 5181 ert
512 5131 703 5197 gloriabamini
725 5133 832 5200 desup'er
852 5132 989 5186 Cherub.»
