4496 6102
694 603 738 675 lN
765 601 1000 676 EPlPHANlA
1028 602 1184 676 DOMINI
1209 605 1373 678 SERMO.
1760 605 1830 677 389

291 745 407 814 Restat
431 740 586 838 denique
606 743 748 814 tertiam
772 742 961 813 dominicae
984 743 1275 816 manifestationis
1299 746 1577 845 apparitionem,
1604 747 1640 816 in
1661 745 1830 818 miraculo

239 865 371 938 scilicet
395 867 618 965 nuptiarum,
643 864 799 936 breviter
821 863 1139 964 comprehendere.
1170 870 1223 937 De
1245 891 1318 964 quo
1342 868 1488 964 quidem
1515 873 1669 940 loannes
1691 868 1828 957 refert¹,

239 985 338 1082 quod
359 1000 440 1084 post
466 986 689 1057 vocationem
709 982 862 1082 Philippi
884 983 943 1055 die
965 985 1089 1074 tertio,
1111 985 1156 1056 ab
1179 985 1246 1056 hac
1268 986 1433 1059 videlicet
1454 988 1529 1083 ejus
1554 989 1743 1058 vocatione
1767 1013 1831 1057 nu·

240 1109 319 1204 ptiae
336 1109 434 1181 laetae
451 1123 553 1200 sunt,
570 1109 616 1181 ad
641 1133 730 1206 quas
755 1110 854 1178 Jesus
872 1122 907 1179 et
926 1107 1090 1206 discipuli
1108 1107 1182 1203 ejus
1204 1110 1391 1181 convocati
1412 1109 1565 1182 luerunt.
1587 1097 1694 1198 Quod
1712 1127 1829 1182 autem

239 1227 413 1298 Dominus
436 1227 482 1299 ad
502 1229 644 1326 nuptias
657 1227 779 1299 venire
796 1225 961 1324 dignatus
984 1241 1054 1318 est,
1074 1241 1110 1298 et
1127 1251 1187 1298 eas
1204 1243 1277 1299 tarn
1298 1230 1483 1328 praesentia
1502 1231 1573 1320 sui,
1597 1253 1706 1326 quam
1724 1228 1831 1301 bene-

240 1345 320 1419 ficio
341 1351 503 1422 miraculi
524 1350 711 1440 decorare,
736 1374 862 1421 eorum
882 1349 1044 1421 haeresim
1064 1363 1227 1448 patenter
1238 1350 1385 1422 damnat
1399 1353 1461 1450 qui
1481 1353 1623 1452 nuptias
1644 1351 1828 1423 damnant.

239 1473 328 1542 Sunt
344 1472 510 1545 nonnulli
527 1472 759 1562 clericorum,
779 1473 841 1568 qui
859 1471 930 1542 hoc
952 1471 1071 1570 ipsum
1092 1473 1237 1542 Domini
1257 1471 1388 1544 factum
1409 1472 1446 1543 in
1466 1472 1670 1572 exemplum
1693 1470 1832 1544 trahen-

240 1606 311 1680 tes,
332 1592 480 1664 moleste
502 1593 695 1682 sustinent,
723 1605 759 1664 et
783 1592 934 1688 graviter
955 1591 1090 1682 lerunt,
1114 1590 1214 1688 quod
1236 1593 1283 1664 ad
1300 1593 1506 1664 convivium
1529 1593 1735 1692 nuptiarum
1753 1616 1831 1663 san-

239 1729 379 1788 ctorum
397 1714 587 1786 auctoritas
605 1728 746 1813 patrum
766 1737 911 1810 parcere
932 1711 1090 1784 decrevit
1114 1727 1220 1810 atquc
1243 1713 1426 1806 inhibere,
1451 1739 1526 1786 non
1550 1714 1697 1812 quidem
1721 1727 1831 1784 atten-

239 1836 361 1910 dentes
395 1835 571 1908 Dominus
599 1859 670 1931 qua
695 1833 782 1905 illud
809 1834 946 1905 ratione
972 1835 1138 1931 gesserit,
1177 1849 1213 1906 et
1239 1835 1339 1932 quod
1363 1852 1567 1936 opportune
1598 1836 1669 1910 hoc
1702 1841 1834 1911 etiam’·

238 1955 470 2054 postmodum
484 1953 711 2028 interdictum
731 1955 785 2024 sit.
809 1957 888 2024 Non
907 1968 947 2025 ut
958 1953 1159 2027 carnalibus
1173 1956 1261 2026 escis
1281 1981 1318 2028 se
1337 1957 1533 2056 compleret
1541 1960 1564 2047 ³,
1588 1958 1685 2030 venit
1699 1961 1832 2057 quippe

238 2075 285 2146 ad
302 2076 444 2174 nuptias
461 2076 658 2165 Dominus,
676 2075 738 2172 qui
758 2072 856 2145 nulla
874 2075 1069 2146 tentatione
1083 2076 1303 2146 commoveri
1323 2089 1482 2174 poterat,
1505 2076 1568 2164 sed
1591 2092 1629 2149 ut
1648 2079 1840 2180 praesentia

237 2198 292 2269 sui
312 2199 421 2294 magis
439 2197 690 2287 sanctificaret,
712 2211 747 2268 et
766 2197 899 2293 ipsum,
925 2195 971 2268 de
989 2196 1139 2294 nuptiis,
1166 2209 1205 2267 ut
1229 2196 1370 2287 dicitur,
1396 2223 1570 2297 sponsum
1587 2198 1832 2296 magnitudine

238 2317 398 2389 miraculi
420 2317 466 2388 ad
488 2343 525 2388 se
545 2317 717 2406 traheret,
742 2331 777 2387 et
797 2317 1003 2415 nuptiarum
1024 2315 1193 2415 copulam
1217 2340 1292 2386 non
1313 2341 1388 2388 esse
1411 2318 1706 2417 improbandam,
1732 2320 1832 2415 virgo

235 2417 311 2533 ipse
329 2439 507 2537 probaret.
529 2440 582 2511 si*
595 2439 674 2536 quis
693 2439 798 2535 igitur
819 2436 1030 2509 clericorum
1049 2451 1152 2510 tantae
1173 2439 1449 2535 opportunitatis
1470 2439 1694 2512 occasionem
1715 2465 1752 2514 se
1769 2440 1833 2512 ha·

236 2557 321 2630 bere
334 2559 503 2651 contidit,
525 2560 669 2632 accedat
685 2558 905 2658 intrepidus:
922 2575 1020 2657 gerat
1041 2584 1120 2656 quae
1141 2557 1319 2650 Christus,
1343 2575 1378 2632 et
1396 2561 1427 2632 ei
1451 2560 1687 2657 indulgemus.
1711 2566 1832 2650 Quum

237 2695 356 2752 autem
377 2683 448 2754 vita
462 2681 620 2753 hominis
636 2683 784 2754 tentatio
804 2682 866 2771 sit,
889 2696 923 2751 et
941 2681 1034 2753 inter
1052 2678 1174 2777 epulas
1194 2681 1347 2751 maxime
1369 2679 1541 2754 sobrietas
1558 2699 1698 2778 pereat,
1720 2683 1833 2759 hone-

236 2816 308 2874 stas
325 2803 555 2901 periclitetur,
576 2802 715 2875 luxuria
733 2801 981 2874 convalescat:
999 2815 1098 2872 tarrto
1117 2780 1192 2872 haec
1212 2802 1375 2873 convivia
1399 2803 1551 2901 amplius
1569 2805 1714 2877 vitanda
1729 2825 1828 2897 sunt,

236 2937 371 3015 quanto
390 2948 517 2996 eorum
535 2923 664 2995 vitam⁸
681 2924 718 2994 in
736 2920 924 2994 virtutibus
939 2921 1149 3021 praeminere
1166 2919 1280 2992 decet.
1303 2921 1411 3008 Quod
1430 2947 1515 2994 vero
1534 2925 1636 3022 aquis
1653 2925 1690 2995 in
1706 2927 1832 2997 vinum

235 3045 417 3116 conversis
435 3045 602 3116 convivas
618 3045 796 3116 Dominus
814 3042 952 3132 refecit,
976 3057 1138 3140 patenter
1151 3040 1307 3112 ostendit
1324 3066 1552 3140 nequaquam
1573 3069 1616 3116 ex
1636 3044 1832 3144 indigentia

235 3162 307 3235 cibi
320 3189 357 3238 se
374 3165 420 3236 ad
438 3164 580 3263 nuptias
597 3165 753 3254 venisse,
779 3161 842 3234 sed
864 3164 965 3260 quasi
987 3187 1088 3234 more
1111 3161 1255 3234 illorum
1278 3162 1340 3259 qui
1358 3161 1521 3259 symbola
1542 3161 1730 3238 conterunt
1750 3165 1831 3264 plus

236 3278 307 3353 illio
335 3285 494 3383 posuisse
518 3309 626 3382 quam
652 3283 855 3382 sumpsisse.
889 3286 968 3381 lpse
993 3282 1127 3381 quippe
1150 3297 1220 3373 est,
1246 3284 1308 3379 qui
1331 3281 1549 3378 nihilgratis
1574 3284 1721 3383 accipit,
1744 3299 1831 3356 teste

235 3403 408 3500 Apostolo
422 3404 485 3501 qui
498 3403 562 3475 ait⁸
576 3431 583 3473 ε
603 3434 620 3472 a
638 3403 776 3474 Beatius
790 3416 842 3473 est
856 3399 943 3472 dare
956 3401 1066 3496 magis
1081 3425 1190 3498 quam
1203 3402 1376 3499 accipere.
1390 3432 1408 3469 a

285 3526 469 3611 Quantum
497 3525 602 3620 igitur
631 3521 795 3621 praesenti
819 3520 1035 3594 solemnitati
1060 3523 1225 3594 universa
1251 3521 1380 3595 debeat
1407 3521 1578 3613 Ecclesia,
1608 3547 1649 3596 ex
1675 3525 1831 3621 hisquae

235 3640 433 3715 dictasunt
458 3643 628 3716 attendat.
657 3645 778 3739 Magos
804 3643 974 3740 primitias
998 3643 1157 3740 gentium
1181 3667 1276 3715 nova
1297 3642 1406 3715 hodie
1427 3642 1526 3715 stella
1547 3645 1649 3741 quasi
1672 3644 1832 3742 quodam

235 3763 495 3857 predicationis
509 3764 621 3836 modo
643 3761 688 3835 ad
710 3762 819 3835 fidem
836 3763 1028 3852 convertit,
1051 3777 1085 3832 et
1105 3763 1150 3832 ad
1165 3762 1344 3834 Christum
1361 3762 1522 3834 adduxit.
1548 3763 1651 3836 Unde
1668 3790 1749 3858 nos,
1770 3770 1831 3864 qui

235 3879 283 3954 de
301 3883 463 3979 gentibus
477 3885 593 3956 vocati
607 3883 786 3966 venimus,
807 3881 901 3952 hanc
916 3881 1093 3978 praecipue
1108 3878 1329 3950 festivitatem
1348 3895 1518 3977 tanquam
1537 3896 1665 3953 nostrae
1682 3909 1831 3956 conver-

235 4005 346 4075 sionis
357 4004 545 4076 exordium
556 4002 788 4076 celebremus.
807 4006 846 4072 ln
860 4000 1038 4099 baptismo
1053 3999 1159 4070 etiam
1173 3996 1304 4068 Christi
1317 4001 1433 4096 ipsum
1448 4001 1555 4071 totius
1568 4000 1830 4076 christianitatis

234 4126 379 4198 initium
400 4128 503 4199 nobis
520 4125 812 4199 commendatum
832 4145 1056 4194 veneremur.
1087 4124 1212 4190 Honor
1233 4116 1388 4216 denique
1412 4121 1544 4218 nuptiis
1566 4121 1743 4194 exhibitus
1764 4151 1829 4224 per

235 4246 372 4344 ipsum,
392 4274 562 4348 magnum
576 4262 630 4320 est
646 4247 810 4319 solatium
831 4242 1025 4316 infirmitati
1038 4242 1323 4338 conjugatorum.
1345 4246 1438 4316 Rene
1458 4243 1579 4315 omnia
1593 4244 1691 4336 lecit,
1713 4260 1748 4318 et
1765 4246 1827 4319 be·

235 4369 399 4443 nedictus
416 4373 452 4442 in
471 4371 588 4444 secula
604 4371 659 4442 sit.
682 4374 806 4441 hmen.

271 4609 1007 4681 *toan.‚cap.1‚v.ta.-·tts.ttins.-aoceaad.
1050 4609 1250 4661 ernestus.
1272 4609 1602 4662 sinc-Vamacures
1623 4610 1825 4662 dnh-‘Aca

228 4695 310 4748 Amb.
323 4698 436 4750 -⁸llS.
450 4699 516 4749 Eine.
531 4725 548 4737 -
559 4700 613 4750 Non
625 4711 693 4750 ua...
709 4700 836 4760 compleret
856 4697 945 4748 desunt
963 4695 1008 4746 Ed.
1050 4697 1145 4759 apoc,
1157 4710 1212 4760 cap.
1227 4711 1274 4756 xx,
1289 4711 1313 4744 r.
1326 4697 1367 4746 35.

227 4781 310 4833 Amb.
320 4809 351 4820 ·-
362 4782 372 4809 ⁴
382 4783 409 4834 Si
423 4788 474 4846 qais
487 4789 600 4848 teitan...
616 4785 692 4866 Quam
709 4793 788 4834 atatem
801 4781 888 4833 desunt
906 4783 929 4832 in
948 4779 1010 4832 Cod.
