4486 6100
866 799 869 806 A
899 783 903 793 -
931 731 1161 808 stitutus:

303 869 338 924 Et
350 888 406 928 nou
418 873 454 928 sd
466 875 588 945 coitum,
602 877 674 932 sicut
685 875 811 933 adultera
823 877 869 934 sit.

265 956 306 1012 Ut
317 960 438 1031 pecudes
450 979 508 1036 qno
520 962 580 1018 vult
592 963 680 1018 trahit
694 965 849 1037 impetuosa
862 962 1004 1038 voluptas,

299 1043 345 1102 Sic
357 1047 486 1106 homines
500 1053 589 1126 agitat
599 1053 758 1110 luxuriosus
768 1073 857 1110 amor.

264 1135 293 1190 Si
307 1147 370 1209 post
381 1125 547 1214 conceptum
560 1145 699 1218 pecudum
712 1147 808 1203 satiata
822 1146 910 1203 libido

299 1223 385 1284 Ferre
398 1246 503 1287 marem
519 1233 602 1306 nolit,
617 1237 686 1310 quid
699 1236 809 1306 mulier,
824 1237 894 1314 quid
906 1249 969 1312 agat
978 1241 1008 1294 ¹?

263 1319 308 1370 An
322 1334 351 1374 se
362 1317 478 1378 luxuriae
490 1323 576 1379 solam
588 1337 668 1400 putet
680 1345 739 1386 esse
753 1341 889 1398 creatam,

297 1406 343 1463 Ad
357 1411 447 1468 coitus
461 1414 585 1472 fructum
594 1428 692 1474 caetera
702 1431 767 1476 nats
779 1419 869 1478 leret?

261 1495 379 1554 Gratior
390 1511 433 1558 est
445 1503 560 1561 humilis
571 1510 704 1565 meretrix
714 1529 798 1585 quam
812 1521 885 1568 casta
899 1513 1031 1589 superba,

297 1587 504 1669 Perturbatque
516 1597 632 1654 domum
643 1603 741 1674 sepius
753 1601 805 1658 ista
818 1621 906 1661 suam.

261 1676 366 1736 Polluit
378 1681 424 1738 illa
436 1683 553 1742 domum
563 1706 648 1762 quam
660 1690 786 1749 incendit
796 1695 894 1768 sepius
903 1694 970 1750 ista:

295 1769 405 1828 sorde·
420 1777 509 1850 magis
520 1777 617 1836 domui
629 1781 742 1838 flamma
751 1802 853 1840 nocere
864 1796 964 1859 potest.

261 1859 357 1918 Mitior
370 1875 413 1920 est
424 1868 523 1940 anguis
535 1869 667 1944 linguosae
679 1874 807 1949 conjugis
820 1875 862 1931 ira
874 1899 880 1928 :

295 1952 353 2022 Qui
365 1965 443 2012 terret
454 1956 542 2032 hanc,
555 1960 616 2032 ejus
629 1980 686 2019 uon
699 1975 775 2020 caret
787 1983 879 2040 angue
892 1967 976 2022 sinus.

259 2040 389 2101 Deterior
404 2045 488 2122 longe
504 2049 631 2125 linguosa
647 2062 690 2110 est
705 2053 808 2111 femina
819 2067 929 2114 scorta:

294 2133 355 2194 Hoc
368 2135 484 2211 aliquis,
498 2139 584 2196 nullis
594 2141 641 2197 illa
651 2143 762 2218 placere
773 2155 874 2220 potest.

258 2222 306 2278 Est
316 2223 445 2299 linguosa
457 2227 558 2286 domus
568 2232 698 2288 incendia
710 2237 831 2290 maxima
842 2236 958 2309 conjux,

293 2317 352 2373 Hac
364 2317 451 2376 levior
462 2320 573 2378 flamma
585 2323 705 2398 quilibet
719 2324 792 2398 ignis
805 2327 870 2381 erit.
921 2327 1007 2402 [ignis
1021 2353 1026 2382 z

257 2407 353 2478 Quum
361 2409 504 2466 modicum
514 2412 673 2468 membrum
682 2415 720 2469 sit
729 2413 835 2489 lingua,
843 2419 1029 2474 estmaaimus

289 2498 354 2554 Non
365 2509 409 2556 tot
418 2518 470 2574 per
481 2501 607 2576 gladium
619 2505 708 2578 quot⁸
720 2505 830 2579 periere
841 2525 892 2580 per
904 2506 986 2564 hanc.
1027 2525 1031 2533 ·

255 2588 386 2646 Praevalet
396 2591 426 2645 in
438 2589 533 2666 lingua
546 2595 595 2668 qui
609 2613 666 2650 non
679 2607 721 2651 est
734 2598 814 2653 sortis
826 2599 856 2653 in
870 2599 964 2654 armis.

290 2677 391 2735 Nullus
404 2682 433 2736 in
446 2683 500 2739 hac
512 2701 606 2757 pugna
619 2685 682 2760 plus
695 2688 842 2745 meretrice
853 2699 954 2764 potest.

256 2768 294 2823 Ex
306 2769 361 2825 boc
374 2772 511 2848 precipue
524 2774 630 2832 distant
641 2778 759 2850 ignarus
769 2789 798 2835 et
807 2779 913 2850 audax,

288 2860 374 2931 Quod
386 2861 466 2919 sactis
478 2863 540 2933 iste,
555 2867 683 2940 prevalet
694 2867 741 2924 ille
753 2869 838 2925 minis
850 2894 855 2924 :

253 2947 282 3004 Si
296 2948 398 3025 linguae
413 2953 519 3009 bellum
533 2974 616 3030 quam
634 2975 776 3014 armorum
793 2959 892 3015 lortius
908 2971 994 3032 esset,

289 3041 413 3098 Tersites
426 3045 517 3117 Trojae
531 3047 619 3120 major
630 3047 740 3104 Achille
751 3049 834 3106 loret.

251 3129 286 3184 In
298 3131 389 3188 verbis
403 3135 519 3208 pavidus
535 3154 645 3212 semper
656 3138 747 3195 lutare
759 3139 843 3199 luisse
856 3166 861 3194 :

287 3222 321 3277 In
335 3222 414 3282 lactis
425 3225 515 3282 audax
526 3229 562 3284 sis
574 3228 724 3305 aliquando
734 3229 809 3288 licet.

251 3310 299 3370 llil
312 3315 401 3388 magis
411 3314 528 3373 offendit
538 3335 622 3393 quam
632 3323 751 3394 pravus⁴
761 3338 853 3376 sermo
864 3333 1021 3397 potentem

286 3401 353 3459 Plus
364 3405 466 3478 probra
478 3407 550 3463 liber
562 3409 648 3465 homo
659 3429 743 3486 quam
756 3429 806 3466 sua
819 3411 920 3469 damna
932 3415 1021 3470 timet.

251 3495 387 3552 Accensae
397 3496 489 3553 mollis
501 3499 645 3573 responsio
659 3501 770 3575 mitigat
783 3501 855 3572 iras,

285 3586 380 3658 Auget
392 3604 438 3642 eas
451 3589 546 3670 potius
558 3590 628 3646 dura
644 3602 774 3666 creatque
788 3610 880 3649 novas.

249 3765 322 3821 Nolo
334 3768 425 3823 virum
439 3767 537 3825 doceas
549 3772 643 3826 uxoris
656 3773 763 3827 crimen
775 3783 885 3842 amatu,

283 3857 369 3928 Quod
382 3859 446 3914 sciri
461 3861 555 3932 potius
566 3880 650 3937 quam
661 3863 722 3918 lieri
733 3874 828 3938 gravat
839 3863 924 3918 lrunc.

247 3945 420 4021 Opprobriis
431 3969 527 4006 aurem
538 3952 662 4026 propriis
675 3953 724 4009 dat
736 3973 819 4009 nemo
829 3953 961 4021 libenter,

276 4040 343 4094 lllec
357 4050 399 4109 te,
413 4059 465 4096 nec
476 4058 660 4116 quemquam,
669 4041 740 4098 talia
752 4043 823 4099 scire
836 4042 938 4098 volctl.

241 4130 359 4205 Cuique
369 4131 430 4186 viro
440 4141 515 4187 casto
527 4133 629 4205 conjux
641 4151 690 4188 sus
703 4144 774 4189 casta
787 4133 907 4202 videtur,

281 4221 454 4296 Semperque
467 4223 588 4278 incestus
601 4224 768 4297 suspiciosus
779 4225 843 4280 erit.

236 4311 272 4365 N
274 4329 290 4365 c
303 4313 340 4366 sis
351 4320 481 4367 natarum
494 4311 533 4368 sic
543 4331 629 4368 cecus
640 4331 735 4370 amore
744 4324 858 4370 tuarum
869 4354 876 4382 ,

231 4447 235 4454 .
281 4401 322 4458 Ut
334 4420 392 4457 non
403 4402 547 4476 corrumpi
561 4419 642 4476 posse
655 4405 743 4460 rearis
755 4422 808 4460 eas.

233 4494 339 4564 Quam
352 4493 409 4548 cito
418 4493 459 4547 sas
469 4493 520 4562 sit,
531 4510 577 4550 eas
586 4494 686 4550 festina
695 4496 806 4552 tradere
816 4504 947 4568 nuptum.

277 4583 401 4641 Vilescit
411 4584 514 4641 mulier
526 4585 685 4659 suspicione
696 4586 763 4642 cito.

273 4822 283 4848 ¹
301 4821 370 4888 Legit
379 4819 427 4873 Tb.
441 4819 540 4887 Wrigbt
550 4823 608 4883 qnid
620 4826 707 4884 omme.
722 4849 748 4858 -
761 4821 772 4848 ¹
783 4823 860 4874 Corde
870 4817 932 4873 God.
944 4820 1018 4872 Bam.

225 4936 263 4946 -
282 4905 297 4932 ⁸
312 4907 390 4967 onan
408 4905 470 4958 θοὰ.
483 4907 550 4960 Coti.
560 4932 588 4946 -
598 4907 609 4934 ⁴
621 4909 716 4958 Parus
736 4907 798 4959 cod.
809 4905 876 4958 Gotr.
886 4905 938 4946 -t
951 4906 1021 4956 Vates

1780 743 1851 816 343

1079 873 1159 930 'Nec
1169 885 1247 932 catus
1256 877 1361 951 poterit
1371 877 1473 934 serrari
1487 878 1559 952 pelle
1571 881 1693 949 nitente,

1113 965 1171 1022 Nec
1186 967 1287 1024 mulier
1293 969 1314 1035 ⁷,
1328 970 1445 1039 cunctis,
1459 971 1481 1024 si
1496 972 1635 1045 pretiosus
1646 974 1710 1028 erit.

1077 1057 1169 1128 Quam
1182 1070 1302 1132 nuptum
1315 1059 1430 1116 tradunt
1443 1061 1573 1118 studeant
1585 1081 1685 1120 ornare
1698 1063 1818 1138 puellam
1829 1089 1835 1132 ;

1113 1146 1226 1204 Ornatu
1239 1151 1348 1224 sapiens
1361 1150 1404 1206 vir
1416 1151 1472 1208 cito
1482 1153 1573 1226 privat
1585 1172 1656 1210 enm.

1076 1237 1213 1293 Incestum
1227 1251 1258 1296 ut
1272 1251 1374 1296 castam
1389 1241 1491 1297 frustra
1502 1259 1610 1298 serrare
1623 1243 1744 1312 laborem

1111 1327 1175 1383 Non
1188 1339 1267 1402 potes
1275 1329 1364 1400 hanc,
1377 1329 1454 1386 illam
1464 1351 1521 1387 non
1529 1350 1600 1406 opus
1611 1353 1669 1390 esse
1680 1335 1757 1390 scias.

1073 1417 1117 1472 Da
1129 1435 1186 1494 quo
1197 1419 1315 1493 culpasti
1327 1419 1473 1476 mulierem
1486 1423 1563 1496 cogis
1575 1425 1679 1496 amari,

1108 1509 1145 1564 Et
1157 1527 1252 1566 verum
1265 1509 1332 1566 falso
1345 1512 1462 1568 crimine
1473 1530 1542 1586 sape
1556 1514 1650 1570 struis.

1072 1598 1116 1654 Ne
1132 1598 1244 1656 dubites
1257 1600 1335 1656 illam
1352 1603 1471 1676 propriae
1488 1601 1614 1660 diffidere
1629 1605 1736 1674 formae,

1108 1689 1168 1746 Nec
1180 1690 1274 1746 studet
1285 1701 1319 1747 ut
1332 1690 1409 1748 fallat
1421 1712 1471 1767 per
1483 1693 1556 1749 bona
1569 1695 1640 1750 lacta
1654 1697 1736 1752 viros.

1073 1780 1187 1851 Quanto
1200 1780 1263 1854 plus
1275 1781 1541 1856 fragilismuliebris
1552 1802 1632 1839 sexus
1642 1784 1773 1854 liabetur,

1105 1869 1200 1926 Tanto
1214 1871 1273 1944 ejus
1285 1873 1373 1928 virtus
1385 1875 1530 1947 preminet
1539 1861 1569 1928 in
1581 1875 1700 1930 meritis.

1071 1959 1138 2030 Quo
1149 1959 1206 2016 tuis
1216 1963 1341 2035 asperior
1351 1981 1412 2038 quae
1424 1973 1519 2037 postca
1530 1965 1628 2037 nupsit
1641 1966 1761 2033 amanti,

1107 2051 1199 2106 Tanto
1217 2053 1322 2125 gratior
1337 2063 1379 2108 est
1393 2053 1454 2126 ipsa
1469 2054 1564 2109 lutura
1580 2054 1650 2109 viro.

1071 2143 1226 2214 Aspernata
1235 2145 1327 2197 virum
1340 2143 1453 2217 propria
1465 2143 1555 2217 placet
1565 2144 1624 2216 ipsa
1634 2142 1744 2217 repulsa

1107 2229 1142 2284 Et
1157 2228 1291 2286 blandum
1307 2230 1375 2287 facit
1390 2231 1469 2286 hunc
1484 2233 1632 2306 asperitate
1650 2250 1708 2289 sua.

1070 2319 1160 2374 Miror
1171 2320 1195 2374 si
1206 2318 1309 2374 mulier
1319 2321 1480 2394 privignum
1490 2319 1540 2376 dili
1544 2331 1592 2394 gat
1601 2321 1670 2390 ulla,

1106 2409 1142 2464 Ni
1159 2393 1216 2485 quo
1230 2407 1347 2468 Phaedra
1363 2429 1445 2467 suum
1463 2411 1553 2468 fertur
1568 2429 1672 2469 amasse
1689 2414 1784 2469 modo.

1071 2499 1163 2570 Quem
1177 2499 1220 2554 vir
1238 2509 1313 2556 amat
1328 2501 1479 2572 famulum,
1495 2503 1584 2558 miror
1600 2503 1623 2558 si
1640 2503 1734 2578 diligit
1750 2522 1828 2572 uxor,

1105 2589 1221 2664 Semper
1234 2590 1264 2645 in
1277 2591 1387 2646 insidiis
1403 2591 1481 2647 hunc
1499 2593 1581 2647 timet
1597 2595 1656 2666 ipse
1673 2594 1735 2649 sibi.

1070 2680 1196 2736 Luxuriae
1207 2681 1292 2735 nimis
1303 2692 1347 2737 est
1358 2681 1472 2737 mulieri
1489 2693 1567 2756 grata
1580 2681 1720 2757 voluptas,

1104 2771 1134 2828 Si
1144 2770 1207 2844 plus
1218 2789 1301 2847 quam
1315 2773 1428 2830 fratrem
1442 2772 1543 2848 diligat
1554 2773 1601 2829 ills
1618 2774 1718 2830 virum.

1069 2861 1097 2917 si
1109 2879 1157 2916 sua
1167 2880 1251 2938 quam
1263 2874 1352 2920 mater
1365 2864 1495 2938 cuiquam
1510 2865 1547 2920 sit
1560 2864 1651 2919 carior
1663 2883 1745 2936 uror,

1103 2953 1219 3008 Constat
1231 2963 1360 3010 naturam
1373 2954 1472 3010 cedere
1486 2954 1609 3010 luxurius.

1067 3043 1158 3114 Quem
1174 3053 1274 3100 natura
1288 3061 1352 3100 suos
1368 3061 1424 3100 nou
1441 3044 1518 3118 cogit
1532 3063 1625 3100 amare
1640 3057 1786 3119 parentes;

1099 3133 1256 3190 Conciliare
1273 3133 1325 3192 tibi
1344 3133 1433 3208 gratia
1451 3132 1528 3190 nulla
1546 3144 1647 3208 potest.

1065 3222 1122 3293 Qui
1141 3224 1214 3297 patri
1231 3223 1320 3278 malus
1336 3234 1394 3293 est,
1414 3222 1485 3278 nulli
1502 3224 1593 3280 bonus
1610 3241 1670 3280 esse
1686 3234 1801 3298 putetur
1811 3250 1818 3295 ;

1099 3312 1172 3368 Nolo
1184 3331 1266 3388 roges
1276 3332 1328 3388 pro
1339 3331 1396 3389 quo
1405 3331 1462 3370 non
1474 3325 1555 3388 rogat
1566 3315 1625 3389 ipsa
1638 3333 1747 3389 parens.

1065 3403 1107 3459 Ne
1121 3391 1204 3478 super
1219 3403 1335 3460 inducta
1353 3405 1461 3460 crucies
1478 3423 1565 3461 uxore
1580 3415 1721 3478 parentes,

1099 3494 1158 3550 llos
1170 3493 1253 3568 sepeli
1268 3495 1393 3568 primosi
1404 3511 1547 3568 superesse
1558 3514 1652 3571 queas.

1063 3585 1111 3639 Est
1123 3583 1201 3640 velox
1213 3583 1336 3641 uindicta
1349 3585 1400 3639 Dei
1414 3583 1575 3642 maledictio
1590 3595 1703 3660 patrum
1714 3611 1721 3656 ;

1098 3674 1188 3731 Nemo
1201 3675 1254 3730 nisi
1264 3674 1379 3731 demens
1388 3675 1461 3730 hanc
1472 3675 1591 3732 tolerare
1602 3687 1703 3750 potest.

1063 3765 1128 3836 Quo
1146 3765 1208 3839 plus
1223 3763 1364 3839 proficiat,
1381 3776 1429 3822 tua
1446 3767 1483 3822 sit
1498 3767 1633 3840 perfectio
1649 3767 1765 3833 blunda3

1029 3923 1030 3926 Ἴ
1098 3857 1204 3929 Aspera
1220 3873 1363 3929 perversos
1380 3875 1435 3912 uon
1453 3859 1542 3932 capit,
1559 3858 1647 3913 immo
1665 3870 1765 3914 movet.

1062 3945 1191 4018 Objurga
1206 3945 1317 4019 culpam
1332 3938 1432 4021 pueri,¹
1446 3947 1614 4024 juvenisque
1629 3948 1736 4023 llagellu
1745 3973 1752 4015 ;

1093 4035 1251 4091 Exhortare
1261 4054 1355 4116 senem
1364 4035 1576 4114 blanditiisque
1598 4057 1691 4094 mone.

1062 4127 1160 4196 Quum
1175 4135 1204 4182 te
1220 4125 1355 4200 corripiat
1368 4125 1471 4194 senior,
1491 4130 1631 4201 patienter
1648 4127 1767 4196 habeto,

1096 4217 1132 4272 Et
1148 4226 1254 4290 grates,
1271 4226 1405 4291 tauquam
1420 4226 1485 4290 post
1497 4216 1561 4273 data
1580 4235 1698 4290 magna,
1718 4217 1799 4272 reler.

1060 4307 1176 4383 Culpari
1191 4317 1328 4376 metuens,
1344 4306 1454 4380 culpam
1473 4305 1624 4380 precidere
1638 4317 1737 4362 tentat.

1061 4489 1197 4563 Quisquis
1206 4505 1264 4543 non
1273 4486 1360 4543 suerit
1372 4488 1482 4562 patiens
1491 4485 1616 4561 parendo
1624 4485 1751 4558 jubenti,

1095 4579 1220 4654 Imperio
1232 4577 1303 4635 nulli
1316 4577 1504 4654 proficiendas
1519 4578 1584 4672 erit.

1060 4817 1154 4869 ueiensi
1166 4815 1402 4883 superirruentis
1411 4816 1458 4870 Th.
1473 4815 1583 4883 Wrigbt‚
1594 4817 1612 4866 l.
1623 4810 1741 4866 l.-'Sic.
1754 4815 1836 4866 Gutus

1060 4901 1121 4955 (iod.
1135 4901 1162 4952 S.
1182 4901 1245 4954 dud.

222 4993 308 5044 God-
321 4991 386 5042 Gott.
403 5017 430 5029 -
442 4989 554 5048 ‘Versus
566 5003 698 5061 sequentes
717 5001 810 5045 tautum
823 4991 848 5042 in
860 4990 951 5043 Codice
963 4989 1021 5042 Bur
1109 5020 1115 5039 ι
