4486 6100
480 606 551 678 aaa
998 609 1221 681 nemesis
1246 583 1538 683 canetenim

1008 835 1188 884 anomala
1214 838 1379 885 flssmtssffi
1405 839 1527 884 XXVlll.

527 975 575 1042 Ex
593 973 740 1070 epistola
763 977 877 1072 prima
897 975 995 1047 Pauli
1017 977 1068 1048 art
1089 977 1427 1050 Thessalonicenses¹
1443 1005 1450 1046 :
1468 1005 1486 1045 ιι
1507 982 1586 1074 lpse
1604 991 1724 1048 autem
1742 981 1837 1048 Deus
1855 939 1948 1074 pacis·
1962 1003 2033 1052 sau·

475 1089 604 1163 ctificat
618 1118 683 1165 vos
695 1097 904 1192 peremnia,
927 1112 966 1168 ut
976 1099 1112 1194 integer
1123 1097 1265 1197 spiritus
1279 1113 1406 1187 vester,
1423 1111 1459 1169 et
1475 1099 1608 1186 anima,
1622 1112 1659 1171 et
1671 1121 1803 1204 corpus
1815 1097 1891 1170 sine
1906 1099 2033 1194 querela

474 1209 510 1280 in
530 1199 685 1284 advehtu
705 1216 850 1287 Domini
865 1217 976 1288 nostri
989 1216 1212 1288 lesuChristi
1225 1232 1394 1290 servetur.
1413 1246 1431 1285 n
1452 1216 1546 1306 Quid
1561 1232 1614 1288 est
1627 1217 1769 1314 spiritus
1782 1232 1818 1289 et
1830 1219 1960 1303 anima,
1975 1232 2036 1288 tan·

473 1353 581 1423 quam
594 1333 713 1402 anima
728 1357 802 1404 non
817 1336 859 1410 sit
871 1335 1030 1432 spiritus,
1044 1352 1104 1406 aut
1116 1335 1190 1406 duo
1206 1336 1348 1433 spiritus
1361 1336 1431 1406 siut
1445 1338 1481 1406 iu
1500 1361 1573 1407 uno
1584 1340 1596 1374 ²
1606 1335 1779 1408 homine?

1089 1524 1222 1594 Solutr'o
1243 1521 1435 1596 Aboelarcti.

521 1693 690 1789 Spiritum
703 1717 770 1793 pro
786 1695 939 1787 ratione,
955 1693 1026 1768 hoc
1039 1711 1092 1768 est
1103 1695 1213 1767 animi
1223 1694 1438 1768 discretione
1448 1694 1519 1766 hoc
1532 1694 1613 1766 loco
1628 1695 1729 1792 ponit
1741 1695 1930 1793 Apostolus
1939 1747 1953 1788 ,.
1961 1697 2040 1766 sicut

471 1826 506 1882 et
520 1810 587 1882 ibi¹
606 1841 624 1880 ιι
640 1815 782 1912 spiritus
799 1815 968 1887 adversus
981 1839 1139 1888 carnem.
1161 1843 1178 1881 u
1193 1813 1275 1886 Tale
1288 1831 1342 1886 est
1354 1839 1455 1912 ergo,
1473 1817 1609 1911 integer
1624 1815 1668 1886 sit
1685 1815 1829 1912 spiritus
1840 1829 1966 1904 vester,
1980 1814 2040 1884 hoc

470 1945 545 2019 est,
567 1933 657 2003 ratio
675 1934 724 2006 ita
737 1933 892 2031 perfecta
910 1933 966 2008 vel
983 1936 1209 2032 incorrupta,
1232 1949 1270 2006 ut
1289 1935 1325 2006 in
1350 1932 1449 2004 nullo
1470 1959 1534 2032 per
1552 1957 1710 2004 errorem
1729 1933 1939 2006 exorbiteta
1957 1934 2043 2006 veri-

469 2053 569 2121 tate⁸.
592 2053 754 2124 Animam
777 2035 967 2126 vero⁸dicit
990 2054 1228 2142 voluntatem,
1253 2053 1354 2148 juata
1373 2053 1535 2124 illud⁸:«
1560 2053 1630 2139 Qui
1650 2067 1746 2124 amat
1766 2053 1928 2124 animam
1952 2075 2042 2124 suam

468 2169 595 2267 perdet
612 2196 703 2242 eam.
723 2200 741 2240 u
757 2176 834 2244 Hoc
848 2189 922 2262 est,
942 2175 1007 2271 qui
1019 2197 1119 2244 suam
1135 2172 1194 2243 hic
1208 2172 1428 2244 voluntatem
1446 2171 1618 2269 sequitur,
1643 2170 1879 2268 postmodum
1900 2194 1964 2244 sua
1985 2195 2045 2241 vo·

468 2289 602 2363 luntate
617 2292 835 2389 privabitur:
858 2307 895 2364 ut
909 2295 971 2388 qui
985 2292 1044 2364 hic
1059 2291 1277 2364 voluntatem
1297 2316 1398 2364 suam
1421 2291 1635 2389 impleverit,
1652 2290 1751 2388 quod
1772 2291 1930 2362 voluerit
1946 2291 1981 2362 in
2001 2289 2047 2360 lu-

373 2459 376 2462 -
467 2412 548 2479 titro
567 2434 641 2480 non
660 2410 801 2483 habeat.
825 2413 949 2483 Anima
971 2413 1090 2508 itaque
1117 2425 1258 2500 nostra,
1284 2411 1319 2482 id
1341 2425 1393 2482 est
1414 2409 1595 2499 voluutas,
1619 2411 1752 2506 integra
1771 2425 1846 2499 est,
1869 2409 2046 2508 quandoa

466 2527 585 2600 divina
604 2554 677 2600 non
698 2530 887 2630 discrepat.
902 2535 1191 2630 Corpusquoque
1209 2531 1386 2628 integrum
1396 2544 1568 2620 servatur,
1585 2531 1918 2627 quumexercitium
1930 2553 2049 2627 corpo

467 2651 592 2722 ralium
611 2677 781 2724 sensuum
801 2678 874 2724 non
898 2655 1139 2752 corrumpitur
1165 2651 1337 2724 illecebris
1359 2650 1577 2739 carnalibus,
1604 2675 1672 2722 nec
1691 2649 1817 2720 oculus
1838 2665 1963 2722 noster
1982 2649 2049 2720 ani-

468 2795 563 2842 mam
578 2788 736 2844 nostram
749 2771 984 2870 depraedatur,
1002 2803 1020 2842 n
1031 2797 1147 2870 neque
1160 2797 1258 2844 mors
1270 2774 1447 2870 intratper
1459 2772 1627 2846 fenestras
1640 2773 1807 2842 nostras'.
1826 2799 1843 2837 n
1856 2775 1899 2841 ln
1909 2770 2050 2842 hisvero

464 2890 579 2963 tribus
592 2917 657 2990 per
670 2894 795 2965 omnia
804 2892 1055 2983 sanctificatur,
1071 2918 1183 2992 quum
1198 2895 1315 2964 necin
1334 2891 1548 2966 discretione
1564 2891 1727 2979 rationis,
1740 2915 1807 2962 nec
1826 2891 1867 2962 in
1886 2906 2052 2964 exaestua·

464 3013 561 3082 tione
579 3027 707 3084 nostrae
718 3013 927 3102 voluntatis,
944 3013 1061 3085 necin
1077 3012 1316 3084 oblectatione
1332 3037 1500 3084 sensuum
1519 3010 1739 3098 excedimus,
1759 3025 1799 3080 ut
1816 3034 1908 3082 caro
1921 3009 2054 3109 spiritui

465 3131 681 3203 dominetur.
704 3133 761 3204 Sic
774 3147 861 3202 tunc
873 3132 1034 3230 profecto
1049 3133 1126 3212 sine
1138 3105 1299 3229 querela,
1315 3131 1386 3202 hoc
1403 3147 1474 3218 est,
1488 3131 1565 3202 sine
1577 3129 1857 3228 reprehensione
1871 3153 2057 3204 servamur

466 3253 632 3348 usquein
651 3250 844 3323 adventurn
869 3253 1012 3322 Domini
1031 3279 1038 3321 ε
1059 3276 1172 3348 quum
1190 3250 1276 3324 tales
1293 3275 1560 3351 perseveramus
1582 3247 1756 3347 usquead
1775 3265 1986 3323 extremum
1995 3275 2057 3346 Ju

466 3369 620 3460 dicium,
637 3370 692 3442 vel
711 3369 797 3442 tales
816 3385 902 3442 tnnc
921 3371 1068 3442 inveniri
1086 3395 1275 3442 meremur.

1008 3578 1188 3627 Paottuattt
1214 3577 1379 3628 HELOISSAE
1406 3578 1507 3626 xxm

514 3717 608 3806 Quid
623 3733 674 3790 est
688 3716 777 3790 illud
787 3718 834 3790 ad
848 3715 1058 3815 Ephesios':
1079 3749 1095 3786 n
1171 3737 1208 3790 ut
1223 3722 1363 3819 possitis
1376 3693 1683 3816 comprehendere
1694 3741 1776 3787 cum
1787 3719 1971 3790 omnibus
1985 3743 2063 3790 san·

465 3841 542 3928 ctis,
562 3840 694 3936 quaesit
706 3837 870 3928 latitudo,
887 3837 1087 3936 longitudo,
1108 3838 1318 3930 sublimitas,
1334 3836 1617 3937 etprolnndum,
1635 3838 1724 3908 scire
1735 3837 2065 3938 etiamsuperemi·

465 3971 609 4030 nentem
627 3937 779 4029 scientiae
795 3958 975 4030 caritatem
994 3956 1143 4048 Christi,
1164 3973 1202 4029 ut
1214 3957 1433 4057 impleamini
1446 3959 1482 4029 in
1496 3980 1641 4028 omnem
1654 3955 1928 4054 plenitudinem
1941 3958 2032 4031 uei?
2047 3987 2062 4023 ιι

1072 4143 1206 4214 Solutr'u
1230 4143 1423 4215 Aboelardr'.

515 4338 532 4377 ιι
545 4308 688 4379 Possitis
701 4305 1025 4406 comprehendere,
1049 4336 1066 4374 u
1082 4308 1153 4380 hoc
1172 4323 1242 4396 est,
1264 4311 1300 4378 in
1319 4308 1496 4378 vobismet
1509 4306 1594 4406 ipsis
1610 4307 1777 4404 experiri,
1794 4325 1943 4402 quanta
1961 4311 2009 4380 sit
2023 4309 2071 4380 la·

464 4425 579 4499 titudo
591 4428 772 4525 ipsorum,
792 4427 925 4502 scilicet
942 4443 1164 4518 sanctorum,
1185 4428 1219 4498 in
1235 4428 1398 4516 caritate,
1416 4452 1479 4525 per
1497 4451 1605 4524 quam
1624 4451 1661 4497 se
1683 4450 1793 4523 usque
1815 4427 1866 4496 ad
1890 4429 2074 4500 inimicos

463 4549 568 4618 etiam
587 4547 747 4618 dilatant.
761 4576 780 4614 u
791 4549 1005 4644 longitudo,
1022 4577 1039 4615 u
1051 4549 1088 4621 id
1100 4563 1152 4620 est
1165 4549 1411 4646 longanimitas
1419 4548 1705 4645 perseverantiae,
1719 4545 1881 4618 caritatis
1896 4602 1908 4638 ,
1928 4549 1995 4622 vel
2010 4575 2075 4648 pa-

463 4668 592 4739 tientiae
609 4669 644 4738 in
660 4667 832 4757 adversis,
852 4693 917 4767 per
934 4669 1047 4766 ipsam
1061 4668 1192 4747 scilicet
1207 4671 1407 4756 caritatem,
1423 4667 1635 4764 quae'omuia
1651 4667 1789 4756 suffert,
1806 4671 1949 4740 omnia
1961 4671 2076 4742 susti·
2176 4656 2180 4678 ¹

463 4802 535 4859 net.
562 4817 580 4854 ιι
600 4786 804 4860 Sublimitas
827 4788 1037 4860 eonrmdem
1056 4803 1089 4859 et
1108 4789 1346 4886 profundum,
1366 4817 1383 4854 ιι
1401 4788 1472 4860 hoc
1484 4803 1559 4877 est,
1580 4813 1689 4886 quam
1706 4788 1824 4884 magni
1841 4789 1931 4860 sint
1951 4817 2002 4863 ex
2019 4793 2079 4863 his

463 4909 604 4982 duobus
619 4911 715 5008 apud
731 4913 847 4982 Deum
865 4937 928 5010 per
942 4907 1461 5007 meritorumquantitatem,'et
1478 4934 1587 5008 quam
1605 4911 1705 5008 parvi
1727 4909 1780 4980 vel
1800 4907 1957 4985 infirmi
1970 4913 2082 5013 apud

496 5144 504 5169 ‘
523 5145 630 5195 Thessal.
650 5145 675 5205 l,
690 5159 745 5210 cap.
758 5160 782 5207 r,
795 5161 818 5196 v.
830 5149 870 5198 23.
882 5145 935 5184 -'
948 5145 976 5196 Ῑιι
994 5164 1040 5198 uno
1055 5154 1102 5199 rint
1122 5147 1183 5198 Cod.
1201 5173 1231 5183 -
1266 5145 1382 5209 ‘llatth.,
1401 5163 1456 5214 cap.
1470 5161 1501 5209 a,
1517 5161 1541 5196 v.
1553 5145 1655 5196 80.-‘
1667 5145 1768 5208 larem„
1785 5159 1840 5210 erp.
1863 5163 1915 5210 ιι,
1936 5167 1963 5200 v.
1986 5153 2035 5202 21.
2054 5177 2085 5187 -

464 5230 473 5256 ⁸
490 5231 582 5290 Galat,
595 5244 650 5296 cap.
668 5245 692 5290 t,
706 5244 730 5279 r.
745 5231 781 5280 tt.
793 5257 821 5267 -
835 5231 983 5284 ⁸·Eaeorlt'tet
997 5236 1118 5282 veritatem
1127 5230 1189 5282 Cud.
1200 5255 1231 5274 -ν
1267 5227 1275 5256 ¹
1291 5230 1392 5292 aptet,
1404 5245 1459 5298 cap.
1474 5245 1514 5290 ιιι,
1525 5245 1549 5280 ιι.
1563 5232 1601 5280 19.
