4486 6100
320 811 405 886 Aque
416 812 514 881 salem,
528 816 667 887 cinerem,

318 905 412 977 Atque
425 904 544 959 humum
557 907 652 964 sociat.

319 1043 363 1099 Bis
377 1045 497 1103 intincto
510 1047 601 1123 digito

317 1134 372 1190 Per
384 1134 478 1191 altaris
490 1155 595 1194 cornua

317 1221 540 1296 Signumcrucis
552 1229 690 1302 imprimit

316 1312 513 1371 Consecrautis
530 1315 652 1374 dextera.

315 1453 356 1508 De
371 1454 477 1530 hysopo
488 1457 592 1514 deiude

316 1542 428 1599 Tenens
440 1549 626 1620 aspersorium

315 1631 349 1685 ln
361 1632 447 1690 altare
461 1637 562 1710 septies

313 1723 444 1796 Aspergit
455 1725 671 1783 circumdatum.

312 1860 416 1934 Ligatis
427 1873 472 1919 ter
484 1865 616 1940 deinceps

313 1947 393 2006 lutus
406 1954 575 2025 parietibus,

313 2037 385 2096 Orat
398 2052 429 2097 ut
444 2044 573 2102 exaudiat

311 2127 353 2184 lbi
370 2142 433 2188 vota
447 2133 593 2192 Dominus.

309 2269 353 2325 Ad
366 2272 452 2329 altare
464 2275 563 2347 praesul
578 2278 623 2334 his
675 2283 680 2296 '

308 2359 430 2418 Peractis
443 2367 633 2436 convertitur,

308 2449 433 2507 Psalmus
447 2471 512 2509 cum
525 2457 679 2532 antiphona

306 2539 451 2598 praeunte
466 2544 579 2602 dicitur.

303 2665 351 2736 'ad
364 2683 458 2740 altaris
469 2685 601 2743 funditur

306 2771 397 2826 Basim
410 2792 487 2849 aqua
502 2776 658 2851 reliquum

306 2863 370 2932 Quo
383 2865 489 2938 extergi
502 2865 620 2923 debetur
630 2876 651 2936 ¹,

305 2952 444 3009 Mundum
456 2955 535 3014 adest
548 2956 677 3014 linteum.

305 3089 385 3146 Thus
397 3094 511 3149 antistes
527 3093 620 3151 adolet

302 3179 394 3255 Super
406 3183 498 3257 ipsum
514 3184 651 3254 Dominn;

303 3271 376 3326 Tam
389 3273 482 3346 ipsum
493 3291 577 3347 quam
591 3274 682 3350 angeli

301 3358 512 3434 Cousiguantur
524 3362 596 3420 oleo.

301 3499 443 3558 Unctioue
455 3503 614 3560 chrismatis

193 3593 198 3602 '
299 3588 398 3646 Altare
409 3591 600 3665 pertunditur,

298 3679 337 3735 Et
350 3681 434 3736 simul
446 3682 600 3756 antiphona

297 3769 479 3826 Decantarma
492 3774 623 3830 sumitur.

294 3909 405 3968 Cruces
416 3912 483 3968 hinc
495 3913 643 3972 duodecim

292 4000 499 4058 chrismantur
511 4005 661 4078 parietum,

291 4091 396 4149 Altare
409 4095 583 4169 contegitur,

288 4181 334 4236 Et
346 4181 377 4237 fit
388 4183 565 4242 sacrificium.

286 4317 366 4387 Quae
379 4315 452 4372 liunt
466 4321 604 4389 exterius,
620 4330 672 4376 etc.

211 4522 215 4528 Ι
282 4456 357 4512 Deo
368 4459 441 4531 patri
457 4457 562 4532 gloria,
575 4471 630 4519 etc.

557 4661 630 4717 htx.

276 4819 368 4875 Ecce
380 4817 481 4874 domus
494 4819 625 4894 Domini,

275 4909 330 4964 Eu
349 4905 442 4963 fidelis
456 4909 590 4983 populus,

272 4995 425 5066 Psalmis,
443 4997 573 5070 hymnis,
591 5004 705 5060 canticis

272 5089 407 5149 vacans
419 5087 600 5162 spiritalibus.

204 5277 213 5302 ¹
237 5275 314 5328 God.
332 5299 352 5311 -
371 5273 503 5325 Debentur.

918 681 1130 759 CARMlNA.

1133 832 1263 893 Christus
1276 840 1355 912 cujus
1367 839 1468 896 domus
1478 852 1537 910 est,

1133 924 1225 998 lpsam
1239 928 1291 985 sihi
1304 941 1448 1006 protegat,

1078 1089 1081 1095 ι
1132 1015 1167 1070 Et
1180 1017 1251 1074 ovile
1264 1021 1370 1094 proprii

1131 1104 1234 1181 Gregia
1249 1121 1343 1183 pastor
1356 1113 1474 1168 muniat.

1131 1233 1246 1290 bianum
1260 1238 1429 1311 spiritalium
1451 1238 1457 1246 '

1131 1323 1260 1381 Tutelam
1274 1327 1415 1384 adhibeat.

1131 1415 1223 1488 Lupos
1236 1415 1385 1474 invisibiles

1020 1521 1024 1528 ·
1129 1503 1221 1577 S'uper
1233 1503 1295 1562 illos
1307 1519 1408 1563 arceat.

1130 1634 1303 1708 Angelorum
1316 1637 1465 1711 presidens

1128 1723 1245 1797 Semper
1260 1727 1307 1783 hic
1322 1727 1463 1800 custodia,

1129 1812 1174 1867 Ad
1187 1812 1281 1870 lideles
1299 1817 1396 1889 populi

1130 1901 1239 1976 Vigilet
1253 1905 1386 1978 presidia.
1485 1965 1489 1973 ,

1127 2031 1172 2090 Ad
1185 2037 1337 2110 superbum
1353 2040 1481 2096 Zabulon

1126 2125 1338 2184 conterendum
1354 2131 1492 2202 Michael,

1126 2213 1173 2270 Ad
1190 2217 1359 2276 medendum
1377 2222 1475 2277 sauciis

1127 2305 1275 2380 Dirigatnr
1286 2307 1422 2384 Raphael.

1126 2435 1221 2494 Corda
1239 2437 1422 2496 titubantium

1126 2527 1244 2585 Gabriel
1255 2530 1431 2598 corroboret,

1126 2617 1163 2672 Et
1176 2622 1380 2690 perseverantia

1124 2706 1235 2764 stantes
1247 2708 1323 2765 idem
1335 2709 1455 2783 adjuvet

1124 2841 1290 2914 Nunquam,
1306 2859 1395 2916 quum
1407 2844 1443 2900 sit
1457 2845 1530 2918 regis
1541 2845 1596 2900 hoc

1120 2929 1250 2987 Coelestis
1262 2933 1406 3006 palatium,

1122 3017 1260 3076 Ministris
1271 3020 1429 3080 coelestibus

1120 3097 1209 3166 Decet
1222 3128 1280 3167 esse
1295 3129 1424 3170 nocuum.

1123 3237 1233 3294 Horum
1245 3239 1403 3313 ministerio

1121 3327 1421 3401 Disponantur'omuia

1120 3418 1178 3488 Qui
1197 3430 1376 3494 noruntque
1389 3421 1511 3478 Domino

1120 3506 1184 3564 Sint
1196 3506 1239 3562 vel
1254 3526 1311 3564 uon
1325 3510 1382 3568 siut
1393 3511 1503 3586 placita.

1119 3641 1227 3700 Christi
1238 3654 1301 3700 vota
1317 3644 1433 3719 populi,

1119 3732 1177 3804 Ipsi
1190 3733 1431 3805 preceaofferaut,
1512 3749 1522 3774 ’

1118 3821 1154 3876 Et
1168 3821 1238 3896 quid
1251 3823 1311 3896 ipse
1325 3837 1438 3894 voveat,

1117 3910 1196 3981 Quid
1208 3922 1340 3984 precetur
1356 3915 1483 3973 doceant.
1588 3907 1593 3918 ’

1117 4043 1199 4099 Nihil
1211 4045 1294 4100 cassis
1308 4046 1455 4118 precibus,

1115 4133 1197 4188 Nihil
1209 4133 1279 4190 votis
1292 4134 1381 4190 irritis

1115 4223 1191 4279 Hinc
1204 4221 1299 4278 fideles
1312 4221 1456 4297 postulent

1120 4313 1172 4370 Vel
1189 4313 1242 4369 sibi
1255 4312 1298 4370 vel
1311 4311 1381 4368 aliis.
1428 4307 1431 4316 ’

1113 4437 1188 4508 Quis
1200 4447 1293 4493 autem
1307 4436 1432 4494 fidelium

1115 4527 1215 4582 Preces
1226 4526 1286 4582 Deo
1296 4525 1419 4600 luderit,

1114 4610 1281 4687 Impetrasse
1297 4613 1417 4688 gaudeat

1112 4703 1162 4773 Se,
1177 4701 1316 4779 quidquid
1328 4705 1450 4778 petierit.

1080 4847 1087 4862 ·
1112 4833 1222 4889 Hiezita
1235 4829 1328 4888 nullus
1341 4832 1402 4899 hic,

1113 4920 1215 4978 Nullus
1226 4921 1407 4990 simoniacus,

1110 5011 1282 5084 Corrumpat
1294 5011 1425 5068 hereticis

1109 5101 1235 5174 Gregem
1249 5100 1356 5157 Christi
1370 5103 1505 5232 pesghns.
