4536 6102
464 611 534 680 572
1057 609 1185 679 PETRI
1212 607 1444 680 tumulum

464 749 692 838 documenta,
707 773 785 845 quae
800 747 998 844 specialiter
1014 747 1059 818 ad
1076 745 1347 818 aedificationem
1359 763 1518 818 nostram
1535 761 1619 817 sunt
1634 747 1776 844 scripta,
1795 747 1824 817 si
1840 747 1891 818 eis
1903 747 2037 820 instrui·

463 893 544 938 mur
559 867 740 964 exemplis,
759 892 837 963 quae
853 869 965 937 nostri
977 867 1152 964 propositi
1168 891 1286 938 mores
1302 866 1508 937 describrmt
1524 865 1732 963 perfectius?
1749 871 1830 954 Quo
1846 865 1944 940 enim
1959 867 2034 939 dili·

463 987 600 1082 gentius
623 985 698 1055 lraec
724 985 828 1056 nobis
853 986 1011 1086 erposita
1027 985 1202 1074 videmus,
1222 987 1337 1080 majus
1347 985 1522 1080 judicium
1539 983 1585 1056 de
1601 1002 1811 1082 contemptu
1826 989 2036 1060 incurrimus

462 1129 600 1174 eorum.
626 1102 729 1173 Unde
744 1117 780 1173 et
791 1104 946 1174 Veritas¹
967 1130 974 1170 :
996 1129 1014 1170 u
1029 1105 1171 1190 Servus,
1183 1131 1201 1170 u
1219 1104 1347 1198 inquit,
1369 1104 1513 1173 «sciens
1529 1117 1564 1173 et
1580 1128 1656 1174 non
1672 1103 1803 1174 faciens
1818 1106 2036 1177 voluntatem

462 1221 608 1293 Domini
624 1221 696 1310 sui,
714 1219 826 1318 plagis
842 1219 1024 1318 vapulabit
1041 1219 1173 1291 multis.
1194 1249 1212 1288 u
1242 1225 1333 1291 Eece
1353 1221 1390 1290 in
1411 1222 1536 1316 onagri
1557 1221 1781 1318 supraposita
1800 1222 2036 1320 descriptione

461 1341 549 1437 quid
570 1365 637 1411 nos
657 1341 756 1436 sequi
777 1338 903 1412 deceat
921 1355 1083 1437 patenter
1104 1363 1309 1437 expressum
1329 1354 1401 1428 est,
1424 1337 1487 1410 sed
1507 1365 1616 1436 quam
1636 1341 1816 1412 contraria
1835 1342 2037 1415 incedamus

461 1460 519 1531 via
538 1484 613 1530 non
630 1460 749 1530 minus
770 1458 945 1555 liquidum
962 1473 1027 1530 est.
1050 1463 1129 1530 Jam
1145 1460 1278 1556 quippe
1299 1459 1564 1554 refrigescente,
1590 1460 1664 1528 imo
1685 1461 1841 1531 extincto
1862 1460 2037 1556 religionis

463 1576 613 1668 fervore,
633 1578 868 1675 postmodum
880 1578 926 1649 de
942 1577 1066 1649 labore
1081 1577 1229 1674 proprio
1245 1577 1364 1647 vivere
1380 1576 1605 1666 deberemus,
1618 1578 1717 1673 quod
1733 1602 1847 1648 unum
1862 1603 1945 1650 vere
1960 1603 2036 1650 mo·

462 1697 598 1770 naebos
615 1697 755 1769 efficere
769 1698 894 1770 beatus
911 1697 1122 1769 Benedictus
1138 1696 1301 1768 meminit
1309 1701 1331 1785 ¹,
1351 1695 1532 1768 inimicam
1549 1697 1675 1768 animae
1691 1713 1866 1770 sectantes
1882 1699 2034 1770 otiosita-

462 1835 554 1910 tem,
573 1820 619 1891 de
636 1817 752 1890 alieno
769 1818 892 1892 labore
908 1819 1042 1890 victum
1063 1818 1253 1915 quaerimus
1273 1845 1281 1888 ε
1301 1833 1336 1888 et
1356 1817 1461 1912 hujus
1478 1818 1592 1889 noxiae
1608 1818 1736 1916 quietis
1752 1844 1919 1916 perversa
1934 1817 2035 1890 liber·

462 1954 535 2011 tate
555 1955 713 2028 utentes,
738 1954 867 2011 ettam
888 1939 985 2012 luxui
1010 1963 1130 2010 rerum
1155 1962 1265 2034 quam
1288 1937 1514 2034 multiloquio
1535 1951 1719 2026 vacantes,
1742 1963 1863 2010 veram
1883 1939 2036 2038 praedicti

464 2058 589 2152 onagri
609 2056 811 2128 libertatem
834 2058 1028 2128 amisimus.
1049 2056 1152 2128 Unde
1176 2054 1402 2128 saeeularibus
1427 2081 1494 2127 nos
1519 2055 1741 2153 implicantes
1766 2059 1937 2153 negotiis,
1955 2056 2036 2128 dum

463 2176 656 2273 eupiditate
678 2191 904 2248 terrenorum
925 2175 1030 2246 nobis
1046 2173 1275 2264 dominante,
1299 2175 1445 2247 ditiores
1465 2174 1543 2246 fieri
1563 2174 1747 2247 studemus
1767 2176 1805 2244 in
1825 2177 2036 2247 monasterio

464 2319 573 2392 quam
590 2296 769 2367 lueremus
784 2296 822 2366 in
841 2294 987 2384 saecul0,
1004 2295 1154 2366 terrenis
1175 2319 1242 2364 nos
1265 2293 1422 2365 dominis
1443 2295 1688 2392 potiusquam
1712 2299 1788 2366 Deo
1815 2295 2034 2390 subjecimus.

463 2414 571 2487 Villas
592 2431 627 2488 et
650 2415 815 2486 homines
836 2430 872 2485 et
893 2439 1015 2487 servos
1040 2415 1172 2512 pariter
1193 2429 1228 2486 et
1244 2413 1389 2486 ancillas
1407 2436 1429 2486 a
1450 2414 1657 2512 potentibus
1673 2415 1791 2487 saeculi
1812 2431 1984 2514 tanquam
2003 2418 2034 2486 in

464 2532 690 2630 eleemosyna
710 2549 908 2622 sumentes,
930 2559 1055 2605 eorum
1076 2558 1143 2604 nos
1164 2535 1262 2629 gravi
1275 2534 1362 2630 jugo
1379 2533 1626 2630 subjugamus,
1645 2550 1681 2606 et
1697 2559 1960 2632 nonnunquam
1976 2561 2034 2634 pro

464 2653 586 2750 paucis
611 2677 690 2750 quae
713 2653 906 2750 accipimus
930 2650 1040 2722 multa
1065 2652 1313 2748 persolvimus.
1339 2656 1425 2739 Quae
1448 2677 1560 2749 quum
1583 2652 1629 2724 de
1650 2677 1716 2724 suo
1738 2655 1856 2751 potius
1872 2652 2035 2752 quamde

465 2787 590 2842 nostro
605 2771 674 2842 sibi
689 2773 879 2868 provenire
895 2785 1081 2860 censeant,
1101 2771 1216 2843 nullas
1231 2770 1287 2844 bis
1303 2770 1439 2842 habent
1455 2787 1588 2867 grates,
1608 2774 1770 2869 quaesibi
1786 2799 1860 2845 non
1877 2789 1952 2846 tam
1968 2773 2035 2846 dari

465 2915 574 2986 quam
598 2890 700 2962 reddi
722 2903 920 2962 autumant.
950 2893 1048 2988 Saepe
1064 2905 1099 2961 et
1115 2915 1182 2989 pro
1195 2889 1305 2963 tutela
1321 2889 1454 2962 borum
1469 2891 1516 2962 ad
1533 2891 1708 2964 forinseca
1721 2893 1857 2989 judicia
1870 2894 2035 2965 trahimur

336 3029 344 3042 ’
467 3011 660 3108 compulsi,
679 3026 715 3083 et
731 3025 814 3082 ante
825 3009 1008 3082 saeculares
1020 3008 1159 3105 judices
1176 3009 1358 3107 publicam
1370 3025 1513 3108 agentes
1529 3035 1690 3102 causam,
1709 3011 1801 3084 adeo
1809 3027 1892 3114 (non
1902 3009 2034 3110 ⁸,limpn

467 3132 594 3204 denter
602 3130 920 3222 contendimus,ut
931 3130 1098 3203 homines
1107 3146 1251 3202 nostros
1263 3157 1337 3202 nou
1346 3131 1463 3204 solum
1474 3133 1520 3204 ad
1525 3135 1985 3228 juramenta,verumetiam
1995 3129 2036 3202 ad
2104 3195 2117 3214 ,

467 3251 656 3348 duellapro
666 3251 771 3322 nobis
781 3248 919 3345 agenda
928 3275 1010 3320 cum
1018 3274 1160 3320 summo
1169 3251 1250 3320 vitae
1260 3275 1331 3320 suae
1340 3252 1499 3348 pericrdo
1509 3251 2036 3350 compellamus.Qu0dquidem

466 3374 503 3444 in
517 3371 743 3444 saecularibus
752 3393 897 3467 quoque
911 3368 1111 3440 christianis
1127 3369 1317 3467 Apostolus
1334 3395 1486 3466 arguens
1501 3372 1589 3442 ait⁸:
1611 3400 1629 3438 ι(
1641 3375 1719 3444 Jam
1735 3371 1882 3470 quidem
1895 3373 2037 3443 omnino

466 3490 636 3561 delictum
653 3490 758 3562 estin
775 3488 892 3578 vobis,
910 3488 1010 3585 quod
1023 3487 1158 3585 judicia
1172 3487 1312 3560 habetis
1328 3490 1511 3560 intervos.
1530 3493 1649 3577 Quare
1666 3515 1740 3562 non
1758 3493 1869 3586 magis
1881 3491 2039 3586 injuriam

466 3609 644 3706 accipitis?
661 3613 780 3693 Quare
800 3633 874 3678 non
897 3608 1007 3704 magis
1025 3606 1187 3678 fraudem
1203 3607 1388 3704 patimini?
1405 3606 1475 3680 Sed
1489 3633 1553 3681 vos
1568 3609 1735 3704 injuriam
1751 3609 1881 3699 facitis,
1900 3623 1935 3680 et
1951 3609 2039 3680 lrau·

466 3725 571 3816 datis,
591 3741 626 3796 et
642 3725 714 3796 hoc
731 3725 909 3798 fratribus.
929 3731 982 3798 An
1000 3727 1143 3798 nescitis
1160 3727 1244 3822 quia
1264 3726 1378 3824 iniqui
1398 3751 1548 3824 regnum
1564 3729 1636 3799 'Dei
1658 3754 1733 3799 non
1754 3728 2005 3825 possidebunt?
2020 3755 2037 3792 r

466 3846 554 3931 Quis
570 3846 767 3916 etiamnum
779 3846 919 3942 ignoret
936 3847 973 3917 in
991 3847 1087 3944 ipsos
1102 3844 1282 3944 subjectos
1298 3860 1442 3918 nostros
1458 3849 1659 3919 exactiones
1676 3849 1855 3944 graviores
1872 3873 1938 3920 nos
1953 3871 2042 3918 exer

421 3963 424 3970 ’
466 3989 560 4053 cere,
572 3981 608 4037 et
621 3965 748 4060 majori
757 3964 970 4038 debacchari
980 3964 1183 4061 tyrannide,
1195 3989 1302 4062 quam
1314 3965 1498 4038 saeculares
1508 3964 1642 4038 iaciunt
1658 3969 1870 4064 potestates?
1886 3967 2043 4062 Denique

468 4101 504 4158 ct
524 4086 561 4158 in
580 4099 730 4176 tantam,
749 4089 778 4158 si
787 4086 960 4176 valemus,
976 4086 1152 4158 insaniam
1169 4087 1456 4185 prorumpimus,
1475 4102 1515 4158 ut
1530 4087 1576 4159 de
1593 4087 1735 4160 tributis
1751 4102 1786 4159 et
1801 4087 2041 4186 vectigalibus,

466 4219 501 4276 et
517 4203 666 4276 teloneis
682 4207 816 4278 victum
832 4204 938 4276 nobis
953 4205 1179 4302 acquiramus
1194 4233 1202 4276 ε
1217 4230 1329 4302 quum
1346 4206 1439 4276 inter
1450 4229 1581 4302 magna
1596 4207 1743 4278 Domini
1759 4189 1929 4278 miracula
1938 4206 2047 4303 depu-

467 4338 574 4412 tetur,
594 4322 693 4420 quod
709 4348 731 4395 a
745 4324 889 4396 teloneo
905 4325 1095 4396 vocatione
1112 4347 1176 4395 sua
1191 4325 1308 4422 potuit
1325 4323 1503 4396 abducere
1518 4323 1754 4396 Matthaeum⁸.

517 4446 562 4512 Ut
579 4456 698 4514 autem
715 4441 760 4514 de
776 4441 1001 4514 saecularibus
1017 4441 1062 4513 ad
1081 4440 1334 4514 ecclesiasticas
1351 4455 1798 4540 transeamuspotestates,
1816 4468 1892 4517 non
1907 4445 2050 4515 minora

467 4560 552 4631 hinc
567 4560 772 4656 gravamina
789 4575 913 4632 nostra
927 4559 1076 4632 ambitio
1093 4561 1265 4631 sustinere
1280 4559 1434 4631 videtur.
1453 4564 1574 4646 Quum
1591 4563 1688 4632 enim
1704 4586 1747 4633 ea
1761 4587 1838 4659 quae
1853 4577 1936 4634 sunt
1952 4561 2052 4633 cleri·

468 4703 594 4750 corum
614 4678 720 4750 nobis
742 4703 955 4778 usurpamus
963 4681 980 4770 ,l
1000 4693 1035 4750 et
1055 4677 1101 4751 ab
1122 4680 1297 4776 episcopis
1324 4705 1541 4778 quocunque
1561 4679 1673 4752 modo
1696 4681 1947 4779 parochiarum
1968 4681 2051 4752 red·

468 4798 563 4872 ditus
579 4814 652 4871 tam
669 4800 705 4870 in
722 4799 869 4872 decimis
885 4825 993 4898 quam
1009 4800 1046 4872 in
1063 4799 1305 4872 oblationibus
1323 4799 1545 4892 obtinemus,
1567 4827 1659 4900 saepe
1678 4827 1757 4899 quae
1766 4828 1847 4874 non
1867 4804 2054 4900 rapuimus

503 5101 511 5128 ⁴
526 5101 598 5162 Luc..
622 5117 679 5168 cap.
698 5119 766 5163 uu,
780 5120 803 5154 v.
821 5103 862 5154 lt.
874 5127 903 5142 ·-
919 5101 1003 5171 'Cap
1022 5115 1104 5156 xavrtt.
1123 5103 1177 5142 -⁸
1192 5105 1245 5156 Noa
1265 5103 1396 5156 delendum
1410 5119 1464 5155 esse
1482 5103 1587 5155 videtur.
1600 5133 1627 5142 -
1642 5104 1650 5132 ¹
1663 5105 1770 5156 Corinth.
1788 5107 1814 5166 1,
1829 5119 1883 5172 esp.
1894 5121 1935 5167 vr,
1950 5121 1976 5158 v.
1988 5109 2015 5156 7.
2030 5133 2056 5143 -

470 5189 588 5252 ¹‘lluttlt.,
605 5206 661 5257 cap.
675 5206 708 5248 u,
723 5207 746 5240 v.
758 5192 782 5240 u.
