4522 6102
480 634 529 701 76
916 627 1042 700 PETRI
1068 628 1300 703 ABAEttttttt
1326 633 1381 704 ΕΤ
1405 632 1631 705 flsstotssAE

484 774 548 844 uisi
569 771 638 842 hoc
657 770 875 868 peregeritis,
891 783 930 838 ut
942 792 1059 864 neque
1077 769 1131 838 vir
1148 769 1293 862 melior,
1312 798 1428 870 neque
1442 773 1571 844 femina
1591 777 1627 844 in
1641 775 1743 844 terris
1761 772 1885 846 lectior
1898 776 1961 864 sit,
1977 799 2060 872 pro·

482 893 574 962 secto
593 915 733 988 semper
750 887 787 958 id
804 885 904 984 quod
922 887 1099 984 optimum
1117 888 1258 986 putabis
1284 915 1360 962 esse
1383 890 1495 963 multo
1515 891 1667 962 maxime
1691 893 1892 988 requiretis,
1916 907 1955 964 ut
1972 907 2008 964 et
2020 909 2057 964 tu

481 1013 626 1084 maritus
644 1011 690 1079 sis
705 1032 813 1105 quam
832 1009 992 1104 optimae,
1008 1023 1043 1077 et
1061 1008 1136 1078 haec
1149 1033 1257 1105 quam
1271 1013 1408 1109 optimo
1422 1013 1499 1083 viro
1518 1027 1629 1110 nupta
1647 1013 1702 1083 sit.
1724 1042 1741 1078 n
1757 1015 1886 1085 Sancta
1898 1013 2058 1111 profecto

480 1130 554 1202 haec
571 1145 606 1200 et
618 1129 699 1227 plus
712 1152 821 1225 quam
840 1127 1087 1225 philosophica
1106 1143 1158 1198 est
1175 1131 1349 1201 sententia
1362 1131 1471 1228 ipsius
1484 1133 1604 1230 potius
1625 1132 1759 1230 sophiae
1776 1156 1884 1229 quam
1898 1131 2058 1231 philoso-

415 1259 418 1266 '
478 1249 569 1348 phiae
585 1248 749 1321 dicenda.
771 1251 920 1320 Sanctus
931 1247 991 1318 hic
1005 1272 1122 1336 error,
1138 1264 1173 1320 et
1191 1249 1293 1321 beata
1306 1250 1440 1323 fallacia
1461 1252 1498 1321 in
1512 1253 1730 1348 conjugatis,
1749 1267 1786 1322 ut
1803 1251 1957 1349 perfecta
1972 1252 2059 1324 dile-

411 1439 413 1444 .
478 1373 569 1443 ctio¹
588 1370 693 1442 illaesa
712 1369 889 1440 custodiat
911 1371 1127 1440 matrimonii
1146 1371 1278 1442 foedera
1299 1389 1457 1443 nontam
1473 1397 1666 1470 corporum
1685 1374 1928 1461 continentia,
1949 1397 2057 1469 quam

478 1477 680 1564 animorum
703 1489 884 1588 pudicitia.
909 1495 951 1560 tt
969 1490 1066 1586 quod
1088 1516 1188 1561 error
1208 1493 1358 1583 caeteris,
1379 1495 1507 1563 veritas
1526 1493 1614 1564 mihi
1633 1492 1817 1564 manifesta
1836 1492 2053 1581 contulerat,

476 1637 589 1708 quum
601 1609 701 1710 quod
718 1610 784 1682 illae
797 1609 961 1680 videlicet
974 1609 1019 1680 de
1038 1611 1109 1681 suis
1122 1613 1336 1682 aestimarent
1350 1613 1502 1700 maritis,
1520 1613 1591 1684 hoc
1604 1637 1671 1708 ego
1690 1612 1801 1702 dete,
1817 1611 1889 1683 hoc
1900 1612 2057 1685 mundus

475 1733 661 1803 universus
681 1755 755 1800 non
776 1743 847 1799 tam
866 1729 1026 1800 crederet
1044 1753 1151 1825 quam
1170 1731 1293 1820 sciret3
1316 1746 1354 1802 ut
1380 1747 1479 1802 tanto
1503 1733 1621 1802 verior
1637 1731 1676 1801 in
1695 1746 1729 1802 te
1747 1755 1848 1802 meus
1864 1755 1967 1802 arnor
1985 1733 2056 1804 exi-

476 1867 602 1942 steret,
623 1866 758 1948 quanto
777 1850 823 1921 ab
840 1875 959 1920 errore
975 1850 1115 1946 lougius
1133 1850 1328 1922 absisteret.
1347 1852 1434 1938 Quis
1457 1853 1586 1922 etenim
1607 1876 1731 1947 regum
1750 1867 1811 1922 aut
1823 1851 2056 1950 philosopho-

475 1999 554 2046 rum
569 1989 665 2044 tuam
690 1997 871 2070 exaequare
893 1972 1022 2042 famam
1037 1973 1202 2070 poterat?
1217 1977 1304 2059 Quae
1319 1988 1352 2043 te
1364 1974 1482 2070 regio,
1505 1988 1566 2044 aut
1579 1974 1722 2061 civitas,
1749 1997 1812 2044 seu
1833 1972 1915 2044 villa
1937 1972 2055 2045 videre

473 2120 547 2166 nou
567 2093 781 2165 aestuabat’?
798 2093 887 2180 Quis
905 2108 962 2183 te,
984 2118 1095 2188 rogo,
1117 2095 1152 2163 in
1172 2093 1355 2191 publicum
1370 2093 1626 2192 procedentem
1645 2093 1851 2192 conspicere
1869 2117 1944 2165 non
1964 2092 2049 2166 festi·

472 2215 600 2302 nabat,
615 2239 657 2286 ac
670 2214 912 2286 discedentem
931 2213 1170 2302 collo-erectO,
1188 2214 1300 2285 oculis
1314 2214 1455 2286 directis
1469 2240 1543 2286 non
1558 2213 1820 2286 insectabatur?
1834 2218 1921 2302 Quae
1932 2215 2055 2310 conju·

472 2351 567 2432 gata,
595 2362 673 2434 quae
700 2337 799 2430 virgo
824 2359 897 2405 non
917 2335 1213 2433 concupiscebat³
1237 2335 1441 2426 absentem,
1463 2351 1498 2407 et
1517 2361 1591 2406 non
1614 2334 1825 2406 exardebat*
1842 2335 1879 2404 in
1905 2359 2054 2434 praesen·

471 2457 569 2526 tem?
582 2456 802 2551 Qoaeregina
816 2454 870 2524 vel
884 2468 1086 2552 praepotens
1100 2455 1230 2525 lemine
1245 2455 1382 2550 gaudiis
1402 2456 1489 2526 meis
1508 2478 1581 2527 non
1595 2452 1777 2525 invidebat
1791 2453 1846 2524 vel
1865 2453 2052 2525 thalamis?

469 2579 551 2648 Duo
570 2592 707 2667 autern,
724 2576 837 2646 fateor
852 2630 861 2664 ,
882 2575 945 2645 tibi
958 2575 1156 2672 specialiter
1174 2577 1330 2666 inerant,
1354 2575 1483 2673 quibus
1498 2576 1710 2646 feminarum
1729 2573 1968 2671 quarumlibet
1980 2577 2053 2646 ani·

470 2720 548 2765 mos
560 2697 677 2767 statim
694 2695 832 2767 allicere
844 2709 986 2794 poteras
1007 2675 1017 2762 :¹
1037 2694 1195 2766 dictandi
1208 2694 1390 2784 videlicet,
1408 2709 1443 2765 et
1461 2694 1627 2765 cantandi
1640 2695 1790 2791 gratia⁸3
1811 2717 1889 2790 quae
1907 2709 2052 2765 caeteros

467 2817 615 2887 minime
633 2815 868 2914 philosophos
887 2831 1066 2886 assecutos
1080 2839 1155 2886 esse
1173 2816 1351 2886 novimus.
1369 2814 1508 2902 Quibus
1521 2814 1668 2910 quidem
1680 2814 1781 2909 quasi
1794 2812 1880 2883 ludo
1892 2812 2052 2908 quodam

468 2935 627 3007 laborem
642 2937 797 3006 exercitii
808 2937 818 2972 ⁶
831 2959 994 3006 recreans
1008 2934 1266 3033 philosophici,
1279 2935 1447 3033 pleraque
1466 2935 1661 3005 amatorio⁷
1679 2947 1795 3004 metro
1814 2931 1867 3004 rel
1882 2930 2051 3027 rhythmo

468 3058 667 3155 composita
697 3055 868 3152 reliquisti
895 3055 1070 3144 carmina,
1093 3080 1171 3152 quae
1192 3081 1263 3153 pree
1284 3058 1393 3126 nimia
1416 3056 1586 3125 suavitate
1605 3069 1677 3125 tam
1699 3052 1919 3124 dictaminis⁸
1943 3077 2049 3149 quatu

464 3192 589 3246 cautus
603 3176 729 3273 saepius
755 3173 997 3272 frequentata,
1014 3189 1116 3245 tuum
1135 3176 1171 3244 in
1196 3199 1259 3246 ore
1283 3176 1445 3245 omniurn
1463 3199 1597 3244 nomeu
1617 3175 1835 3245 incessanter
1852 3172 2047 3244 tenebant:

467 3311 506 3366 ut
529 3297 635 3366 etiam
662 3295 858 3366 illitteratos
877 3293 1041 3365 melodiae
1059 3293 1213 3365 dulcedo
1233 3295 1306 3364 tui⁹
1330 3320 1405 3364 non
1424 3295 1554 3366 sineret
1577 3294 1805 3364 immemores
1828 3316 1913 3364 esse.
1938 3297 2049 3390 Atque

465 3414 551 3485 hinc
569 3415 723 3485 maxime
746 3415 781 3485 in
801 3439 961 3485 amorem
976 3415 1026 3485 tui
1046 3413 1182 3486 feminae
1201 3413 1436 3511 suspirabant.
1458 3419 1500 3484 Et
1519 3438 1631 3510 quum
1644 3413 1774 3484 horum
1794 3437 1877 3511 pars
1897 3414 2049 3486 maxima

467 3537 667 3607 carminum
684 3551 825 3607 nostros
843 3535 1048 3607 decantaret
1066 3561 1206 3606 amores
1221 3591 1230 3627 ,
1245 3535 1364 3606 multis
1379 3560 1436 3606 me
1454 3535 1658 3632 regionibus
1670 3532 1771 3606 brevi
1784 3547 1947 3632 tempore
1958 3558 2049 3606 nun-

467 3657 581 3745 tiavit,
603 3670 638 3727 et
657 3655 848 3727 multarum
871 3657 907 3726 in
934 3681 991 3726 me
1023 3655 1235 3726 feminarum
1263 3654 1425 3728 accendit
1447 3653 1629 3726 invidiam.
1656 3653 1764 3740 Quod
1789 3655 1886 3724 euim
1910 3653 2047 3726 bonum

466 3775 576 3846 animi
597 3775 653 3846 rel
672 3777 831 3874 corporis
856 3792 953 3846 tuam
972 3801 1045 3846 non
1066 3773 1260 3847 exornabat
1278 3773 1580 3845 adolescentiam?
1604 3777 1721 3859 Quam
1743 3786 1829 3844 tunc
1852 3771 1940 3844 mihi
1959 3775 2048 3844 invi·

466 3895 632 3984 dentem,
663 3921 759 3966 nunc
785 3897 889 3965 tantis
912 3897 1054 3992 privatae
1079 3897 1213 3968 deliciis
1231 3896 1387 3994 compati
1418 3893 1597 3965 calamitas
1626 3917 1706 3964 mea
1732 3917 1805 3963 non
1833 3892 2045 3989 compellat?

465 4019 581 4102 Quem
597 4015 651 4086 vel
663 4039 784 4111 quam,
806 4014 888 4084 licet
903 4012 1045 4086 hostem
1063 4017 1248 4113 primitus,
1266 4015 1384 4087 debita
1398 4014 1599 4110 compassio
1614 4013 1702 4083 mihi
1723 4035 1820 4083 nunc
1842 4035 1916 4082 nou
1936 4011 2047 4082 emol-

464 4135 551 4206 liat?
574 4140 660 4222 Quae
669 4138 688 4174 ¹⁰
708 4135 902 4233 plurimum
927 4161 1079 4224 nocens,
1101 4136 1313 4234 plurimum,
1336 4151 1374 4205 ut
1393 4137 1510 4223 nosti,
1532 4158 1611 4205 sum
1630 4135 1814 4204 innocens.
1843 4137 1920 4202 Non
1947 4132 2046 4202 euim.

465 4255 515 4328 rei
533 4255 701 4345 effectus,
722 4254 785 4326 sed
799 4254 981 4326 efficientis
996 4256 1140 4326 allectus
1155 4257 1191 4326 iu
1206 4255 1353 4326 crimine
1370 4269 1443 4344 est3
1461 4279 1527 4324 nec
1541 4277 1620 4350 quae
1638 4253 1746 4341 fiunt,
1763 4251 1826 4324 sed
1837 4274 1909 4348 quo
1923 4252 2046 4322 animo

463 4371 568 4466 frunt,
584 4376 752 4474 aequitas¹¹
772 4390 907 4472 pensat.
926 4373 1043 4464 Quem
1062 4389 1181 4445 autem
1201 4374 1360 4444 animum
1375 4373 1411 4444 iu
1426 4387 1461 4444 te
1479 4397 1620 4470 semper
1640 4371 1846 4461 habuerim,
1868 4370 1965 4442 solus
1983 4373 2044 4468 qui

462 4512 626 4595 expertus
637 4521 675 4566 cs
680 4495 840 4592 judicare
851 4511 966 4594 potes.
984 4499 1060 4565 Tuo
1073 4494 1225 4565 examini
1239 4508 1367 4565 cuncta
1381 4493 1586 4582 committo,
1601 4506 1664 4562 tuo
1677 4517 1741 4589 per
1754 4491 1875 4562 omnia
1890 4489 1981 4562 cedo
1994 4506 2046 4562 te·

462 4617 641 4686 stimonio.
658 4617 724 4686 Dic
740 4639 866 4705 unum,
890 4617 919 4685 si
932 4614 1044 4704 vales,
1062 4639 1124 4684 cur
1137 4617 1156 4650 ¹¹
1182 4630 1264 4711 post
1277 4613 1549 4684 conversionem
1568 4626 1746 4700 nostram,
1767 4633 1876 4707 quam
1896 4625 1933 4681 tu
1947 4609 2045 4681 solus

462 4735 574 4806 facere
592 4733 800 4825 decrevisti,
822 4737 858 4807 iu
877 4749 1013 4804 tantam
1031 4733 1094 4805 tibi
1104 4733 1355 4832 negligentiam
1373 4749 1480 4831 atque
1494 4731 1712 4804 oblivionem
1725 4733 1884 4803 venerim
1899 4785 1908 4820 ,
1926 4745 1966 4801 ut
1977 4753 2044 4802 nec

493 4993 501 5020 ·
522 4997 652 5044 tavtotctua
665 5009 733 5043 amor
749 4997 825 5044 tttoeaa
843 4993 913 5044 aus.
931 5020 957 5028 --
973 4991 983 5018 '
994 4995 1101 5044 Ardebat
1116 4993 1187 5044 ntts.
1202 5020 1231 5028 -
1265 4995 1399 5044 hamedeus
1410 4994 1510 5043 metodtr
1523 4995 1557 5042 tra*
1566 4991 1693 5043 harmonia
1707 4993 1766 5042 bene
1782 4992 1855 5039 docta
1868 5001 1915 5037 nott
1926 4984 1999 5037 atta.
2012 5012 2044 5022 -

461 5077 470 5104 ¹
488 5079 583 5142 Optavit
601 5077 1110 5142 eus-‘araratuus-·r10qare
1128 5083 1232 5142 potentia
1266 5077 1289 5105 '⁸
1311 5079 1352 5128 Sic
1372 5079 1474 5132 C.-Et
1492 5080 1621 5140 plurimum
1641 5075 1706 5127 Edd.
1721 5101 1749 5111 -
1763 5073 1784 5102 ⁴⁴
1803 5073 1901 5124 Jttttt'titt
1923 5069 1993 5121 llldS.
2010 5093 2044 5108 -·

458 5168 493 5214 via
510 5177 533 5213 et
549 5167 634 5216 musici
654 5167 702 5212 orta
719 5173 791 5226 prato
808 5168 894 5225 peritia
913 5163 1047 5215 utta-⁰
1058 5165 1236 5229 Gpmaaamotis
1269 5161 1290 5188 ⁴¹
1306 5161 1346 5211 Sic
1359 5161 1455 5213 Mic.-
1467 5161 1524 5212 Cam
1538 5159 1603 5211 lidd.

458 5247 529 5300 RllS.
539 5272 573 5287 ··-
583 5247 591 5274 ¹
603 5249 711 5304 Amarae
723 5247 753 5298 ll.
764 5275 794 5285 -·-
804 5245 814 5274 ⁸
825 5247 946 5298 Samma
957 5253 1045 5312 compti
1056 5249 1126 5299 tttts.
1138 5277 1168 5285 -
1180 5247 1190 5274 ⁰
1202 5247 1235 5297 la't
