4510 6108
468 542 540 614 aas
1066 536 1193 608 rnrru
1220 520 1452 630 annexum
1576 539 1585 548 ”

467 682 574 753 sectio
596 705 660 778 per
684 679 855 777 Spiritum
878 692 1042 749 sanetum
1067 676 1177 750 hodie
1200 694 1466 768 consummata,
1494 695 1530 752 et
1552 681 1717 752 omnium
1739 680 1922 754 bonorum
1943 685 2052 780 gratia

467 800 675 888 distributa,
703 783 805 870 tanto
828 814 1038 898 praesentem
1061 798 1324 871 solemnitatem
1350 800 1432 872 lecit
1452 802 1664 897 gratiorem,
1691 819 1828 900 quanto
1854 805 2052 901 potioribus

466 921 572 992 donis
588 920 683 993 banc
699 944 775 992 esse
791 919 951 1017 praestitit
968 919 1153 1008 ditiorem,
1171 943 1297 1017 quarn,
1318 935 1357 991 ut
1380 920 1604 1009 dictumest,
1622 937 1696 994 tam
1716 924 1924 996 fortitudine
1944 951 2051 1024 quam

465 1040 615 1111 scientia
631 1039 769 1137 peregit
789 1038 991 1109 clariorem.
1011 1037 1124 1108 Simul
1144 1041 1278 1138 quippe
1294 1039 1446 1139 Spiritus
1462 1039 1572 1113 hodie
1588 1043 1801 1132 adveniam,
1820 1045 1931 1117 corda
1948 1046 2050 1118 disci·

465 1158 634 1256 pulorum
659 1171 695 1228 et
719 1156 950 1247 corroborat,
979 1171 1019 1227 ut
1036 1157 1173 1228 dictum
1194 1172 1264 1247 est,
1286 1173 1321 1229 et
1337 1157 1532 1249 illuminat,
1548 1175 1587 1231 ut
1602 1163 1819 1258 promissum
1838 1179 1909 1253 est,
1928 1188 2051 1236 eorum

465 1279 598 1352 scilicet
614 1304 693 1377 quae
711 1278 818 1351 Filius
839 1278 976 1350 dixerat
999 1277 1269 1376 intelligentiam
1290 1279 1531 1376 suggerend0,
1553 1296 1589 1353 et
1614 1297 1761 1353 ornnem
1786 1307 1849 1354 eos
1868 1286 2050 1357 veritatem

466 1401 647 1474 docendo.
682 1400 791 1497 Cujus
823 1399 972 1498 quidem
1001 1399 1197 1500 adventum
1228 1399 1417 1497 diligenter
1446 1401 1556 1473 hodie
1583 1401 1802 1502 descriptum
1831 1405 2049 1496 audivimus,

465 1546 579 1620 quum
594 1520 683 1592 illud
695 1525 845 1592 Aornum
863 1519 1113 1634 Apostolorum
1129 1518 1319 1617 legeretur¹
1334 1549 1341 1591 ι
1359 1526 1512 1593 «Factus
1527 1537 1581 1595 est
1595 1538 1743 1622 repente
1759 1523 1805 1595 de
1821 1524 1913 1596 coelo
1929 1551 2049 1616 sonus,

465 1659 637 1740 tanquam
662 1642 884 1714 advenientis
901 1641 1052 1740 Spiritus
1076 1640 1316 1731 vehementis,
1335 1657 1371 1713 et
1390 1641 1542 1741 replevit
1560 1657 1674 1715 totam
1696 1643 1846 1716 domum
1872 1644 1935 1717 ubi
1954 1663 2052 1719 erant

466 1763 643 1836 sedentes.
658 1766 703 1832 Et
716 1776 980 1860 apparaverunt
994 1761 1062 1833 illis
1073 1761 1222 1832 diversae
1238 1760 1367 1858 linguae
1378 1753 1553 1861 tanquam
1563 1763 1667 1860 ignis,
1682 1779 1751 1836 etc.
1771 1767 1815 1835 Et
1830 1765 1957 1863 repleti
1972 1783 2052 1839 stmt

467 1907 594 1972 omnes
611 1883 746 1981 Spiritu
761 1895 904 1971 sancto,
923 1895 992 1953 etc.
1009 1908 1026 1948 u
1054 1881 1236 1953 Adventus
1260 1881 1411 1979 Spiritus
1427 1881 1541 1953 sancti
1558 1881 1597 1952 in
1614 1907 1706 1954 sono
1722 1867 1924 1956 declaratur
1937 1887 2049 1974 venti,

468 2027 577 2101 quem
593 2016 741 2072 ventum
759 2000 831 2072 hoc
849 2000 930 2072 loco
953 1998 1041 2071 dicit
1060 1999 1311 2072 vehementem
1333 2000 1511 2099 spiritum.
1535 2001 1652 2074 Flatus
1674 2003 1807 2101 quippe
1827 2003 1926 2074 venti
1943 2028 2052 2100 quum

390 2161 392 2164 ·
467 2123 513 2196 sit
537 2120 742 2211 invisibilis,
764 2137 885 2192 tamen
906 2135 960 2192 est
983 2118 1162 2191 audibilis.
1187 2120 1245 2190 Sic
1266 2133 1301 2190 et
1321 2119 1556 2218 inspiratione
1576 2121 1719 2219 spiritus
1740 2122 1777 2192 in
1798 2121 2052 2220 discipulorum

462 2233 638 2315 'cordibus
654 2240 769 2313 videri
786 2265 863 2312 non
884 2254 1026 2338 poterat
1041 2239 1207 2330 interius,
1228 2240 1292 2311 sed
1313 2241 1479 2312 exteriori
1497 2239 1621 2313 auditu
1639 2265 1682 2312 ex
1698 2240 1901 2314 diversitate
1918 2241 2052 2338 lingua·

469 2387 550 2435 rum
568 2359 735 2460 spiritalis
761 2361 880 2456 gratiae
901 2359 1041 2431 donum
1060 2357 1364 2458 perpendebatur.
1387 2359 1605 2458 Repentinus
1623 2359 1847 2431 sonitus·iste
1867 2360 1950 2449 luit,
1973 2362 2054 2458 quia

469 2505 575 2579 super
591 2480 788 2552 humanam
806 2478 1103 2551 existimationem
1120 2476 1227 2574 hujus
1242 2478 1486 2576 inspirationis
1503 2478 1616 2572 gratia
1630 2477 1753 2550 crevit.
1774 2477 1977 2550 Vehemens
1992 2480 2054 2550 iste

469 2602 567 2673 venti
583 2600 688 2672 flatus
702 2599 851 2689 dicitur,
870 2613 910 2670 ut
924 2598 1037 2670 virtus
1050 2595 1169 2687 verbi,
1187 2596 1298 2669 hodie
1314 2597 1457 2686 collata,
1473 2611 1599 2669 contra
1615 2596 1781 2694 quaelibet
1799 2597 1987 2670 obstacula
2001 2596 2053 2669 vel

470 2721 637 2793 humanae
657 2719 837 2819 sapientiae
853 2719 1010 2790 rationes
1030 2717 1240 2815 ostendatur
1257 2717 1389 2791 valida.
1408 2721 1462 2789 De
1478 2740 1551 2814 qua
1566 2716 1722 2814 quidem·
1734 2717 1865 2789 virtute
1885 2717 1988 2789 verbi
2002 2717 2053 2788 lo-

470 2865 584 2938 quens
596 2838 788 2938 Apostolus
799 2836 1028 2910 Corinthiis':
1046 2843 1197 2929 «Arma,
1211 2866 1227 2898 u
1239 2837 1370 2936 inquit,
1386 2836 1545 2908 «militiae
1558 2851 1689 2908 nostrae
1702 2860 1778 2908 non
1790 2851 1873 2907 sunt
1886 2835 2052 2924 carnalia,

470 2961 534 3034 sed
549 2961 710 3060 potentia
727 2964 805 3034 Deo
818 2958 866 3032 ad
881 2958 1162 3031 destructionem
1177 2959 1435 3048 munitionum,
1449 2956 1850 3054 consiliandestruentes,
1864 2973 1900 3028 et
1911 2981 2053 3030 omnem

471 3082 697 3155 altitudinem
712 3079 942 3152 extollentem
957 3104 996 3152 se
1011 3078 1182 3152 adversus
1198 3067 1384 3152 scientiam
1397 3080 1481 3168 Dei,
1499 3079 1584 3151 etin
1601 3077 1843 3177 captivitatem
1858 3077 2053 3174 redigentes

388 3293 390 3296 Ι
471 3225 618 3275 omnem
634 3201 868 3274 intellectum.
879 3228 898 3268 u
920 3203 965 3271 Et
979 3222 1044 3298 per
1059 3199 1288 3299 semetipsam
1302 3199 1441 3272 Veritas
1462 3193 1711 3298 apostolorum
1724 3197 1966 3271 corroborans
1982 3200 2052 3272 ani·

471 3346 568 3410 moS,
587 3346 634 3392 ne
655 3319 701 3392 de
724 3319 902 3418 imperitia
924 3341 989 3391 sua
1008 3332 1136 3391 contra
1155 3319 1332 3418 sapientes
1354 3316 1464 3391 seculi
1487 3302 1719 3416 desperarent
1740 3332 1802 3389 aut
1819 3318 2050 3417 trepidarent,

472 3441 565 3512 ait':
589 3439 743 3509 «Ponite
759 3461 845 3534 ergo
861 3437 899 3508 in
917 3436 1088 3509 cordibus
1103 3437 1229 3509 vestris
1243 3461 1318 3509 non
1334 3435 1574 3536 praemeditari
1589 3434 1898 3534 quemadmodum
1912 3461 2054 3536 respon·

472 3558 597 3632 deatis.
626 3563 701 3656 Ego
722 3559 820 3629 enim
842 3555 940 3629 dabo
962 3555 1067 3629 vobis
1087 3582 1128 3630 os
1153 3571 1190 3630 et
1215 3558 1448 3657 sapientiam,
1470 3558 1529 3630 cui
1552 3581 1628 3629 non
1651 3571 1821 3656 poterunt
1842 3559 2005 3631 resistere
2022 3573 2055 3630 et

473 3677 721 3750 contradicere
737 3701 863 3749 omnes
875 3676 1204 3751 adversariivestri.
1215 3705 1233 3746 u
1248 3682 1293 3750 Et
1304 3677 1427 3751 alibi‘:
1447 3681 1557 3750 «Non
1570 3678 1667 3750 enim
1683 3701 1749 3749 vos
1767 3678 1849 3751 estis
1864 3679 1926 3776 qui
1943 3677 2055 3775 loqui·

473 3800 581 3889 mini,
602 3797 664 3871 sed
684 3797 835 3897 Spiritus
851 3797 963 3895 patris
981 3799 1090 3869 vestri
1107 3799 1169 3895 qui
1186 3797 1347 3896 loquitur
1362 3799 1399 3870 in
1417 3797 1533 3870 vobis.
1551 3827 1569 3866 u

522 3919 628 3988 Recte
647 3917 754 4012 igitur
767 3913 843 4015 lraec
858 3915 1160 4015 impraemeditatae
1176 3917 1419 4015 responsionis
1435 3915 1681 4015 perspiritum
1700 3913 1864 3987 iacienda
1882 3915 2057 4012 suggestio

472 4036 716 4137 praefiguratur
735 4035 846 4108 hodie
869 4036 956 4108 flatu
977 4037 1075 4108 venti
1096 4038 1298 4136 repentino.
1322 4041 1376 4108 De
1394 4037 1486 4109 coelo
1504 4061 1616 4109 sonus
1641 4035 1718 4108 lieri
1739 4037 1889 4125 dicitur,
1908 4035 1991 4133 quia
2014 4035 2059 4107 de

472 4157 717 4229 commotione
741 4155 849 4245 aeris,
873 4181 952 4254 quae
975 4170 1105 4227 ventus
1119 4155 1279 4247 dicitur,
1308 4155 1521 4229 audiebatur
1541 4155 1697 4244 sonitus,
1725 4156 1763 4226 in
1781 4169 1869 4253 typo
1895 4154 2062 4226 videlicet

472 4278 602 4350 summi
629 4277 780 4376 Spiritus
805 4275 959 4348 locuturi
987 4300 1051 4374 per
1072 4276 1254 4374 apostolos
1275 4275 1406 4373 linguis
1430 4275 1616 4363 omnibus,
1645 4275 1738 4346 sicut
1763 4274 1937 4372 scriptum
1962 4277 2059 4346 est⁸z

477 4427 495 4466 «
508 4403 588 4470 Non
608 4413 693 4470 sunt
712 4396 863 4495 loquelae
885 4421 1003 4495 neque
1024 4421 1228 4487 sermones,
1251 4422 1407 4497 quorum
1428 4422 1503 4470 non
1526 4397 1717 4470 audiantur
1737 4419 1845 4466 voces
1861 4419 2002 4466 eorum.
2023 4399 2063 4465 ln

474 4544 622 4591 omnem
633 4535 766 4592 terram
782 4518 890 4590 exivit
905 4542 1015 4590 sonus
1031 4542 1175 4610 eorum,
1192 4533 1260 4591 etc.
1273 4547 1289 4586 u
1310 4523 1353 4589 Et
1370 4518 1515 4590 attende
1528 4517 1628 4615 quod
1646 4541 1720 4588 non
1739 4516 1809 4587 ait:
1826 4539 1938 4587 sonus
1953 4514 2063 4588 adve-

476 4639 605 4710 nientis
626 4638 798 4737 Spiritus,
827 4635 927 4708 sed-n
940 4650 1113 4734 tanquam
1135 4636 1375 4727 advenientis,
1389 4665 1408 4704 u
1430 4653 1469 4709 ut
1493 4661 1607 4734 quum
1625 4637 1663 4707 in
1690 4635 1839 4706 veritate
1866 4633 2068 4731 corporalis

475 4783 584 4831 sonus
600 4758 698 4830 venti
715 4757 838 4846 luerit,
857 4756 1015 4854 quadam
1030 4771 1151 4829 tamen
1168 4757 1400 4830 similitudine
1421 4782 1553 4831 sonum
1569 4756 1728 4829 validum
1748 4755 1962 4854 exprimeret
1979 4780 2069 4854 prae-

511 5061 518 5088 ¹
534 5063 589 5112 Act.
604 5063 698 5124 etpost„
708 5077 764 5128 cap.
777 5079 808 5123 n,
821 5081 844 5114 v.
858 5021 885 5114 2.Ι
897 5061 948 5101 -¹
964 5063 1070 5115 Corimlt.
1084 5065 1122 5122 ll,
1134 5079 1189 5131 esp.
1204 5081 1234 5124 x,
1248 5080 1270 5114 v.
1281 5061 1361 5112 l.-⁸
1372 5061 1442 5121 Luc..
1455 5077 1511 5128 cap.
1525 5078 1582 5121 nr,
1595 5021 1709 5110 v.'tl.-
1719 5058 1728 5085 ⁴
1739 5057 1836 5119 narrt„
1848 5072 1904 5123 cap.
1919 5076 1979 5114 rur.
1993 5075 2019 5109 v.
2030 5064 2068 5108 tt.

478 5175 497 5186 -
520 5148 631 5205 tesam.
647 5165 719 5210 xviri,
732 5165 755 5200 v.
769 5151 792 5198 t.
