4522 6104
932 605 1168 678 APPENDlX.
1765 597 1829 668 tat

261 740 420 812 ctionem.
447 739 624 836 Religiosis
640 740 812 813 desideriis
831 741 1034 840 dignumest
1051 744 1181 816 facilem
1200 745 1350 841 praebere
1366 767 1581 832 consensum,
1603 757 1641 813 ut
1657 737 1766 809 fidelis
1779 737 1840 807 de·

261 863 355 930 sotio
372 858 516 931 celerem
533 863 692 933 sortiatur
703 863 873 934 effectum.
894 865 1033 952 Quanto
1046 867 1159 960 itaque
1171 865 1335 936 femineus
1345 889 1442 937 sexus
1452 879 1558 935 exstat
1569 859 1734 957 fragilior,
1746 872 1841 927 tanto

261 983 366 1076 magis
385 1005 463 1078 erga
474 1006 535 1052 vos
552 997 728 1077 paternam
744 1009 859 1054 curam
873 1000 975 1080 atque
987 985 1247 1057 sollicitudinem
1265 985 1419 1057 volumus
1432 985 1602 1072 exhibere,
1617 995 1653 1051 et
1670 981 1704 1049 in
1719 978 1841 1073 quibus
1857 999 1861 1007 ·

262 1100 446 1171 secundum
474 1103 585 1171 Deum
612 1127 787 1196 possumus
810 1103 915 1198 quieti
940 1119 974 1173 et
997 1103 1134 1175 utilitati
1152 1119 1269 1175 vestrae
1291 1103 1470 1174 salubriter
1494 1101 1683 1198 providere.
1713 1101 1840 1167 Locum

261 1224 376 1317 itaque
400 1245 497 1290 suum
518 1245 595 1292 cum
615 1222 772 1292 omnibus
796 1222 837 1291 ad
863 1223 973 1319 ipsum
996 1223 1262 1318 pertinentibus,
1290 1249 1389 1319 quem
1409 1222 1601 1294 Gundricus
1623 1217 1778 1290 sacerdos
1805 1217 1840 1284 in

260 1355 401 1434 paterno
426 1339 555 1436 praedio
581 1353 811 1411 constmctum
832 1339 1064 1436 religiosorum
1084 1343 1240 1436 precibus
1260 1357 1293 1412 et
1316 1341 1456 1412 oonsilio
1480 1337 1725 1410 rationabiliter
1745 1336 1841 1405 vobis

259 1459 421 1529 concessit
434 1511 443 1546 ,
458 1459 657 1529 auctoritate
669 1459 764 1529 vobis
782 1459 964 1567 apostolica
982 1460 1237 1550 confirmamus,
1253 1477 1292 1532 et
1307 1461 1555 1531 concessionem
1575 1461 1680 1554 ipsam
1699 1480 1843 1552 praesen·

259 1580 301 1648 tis
323 1580 441 1673 scripti
465 1579 585 1674 pagina
613 1578 824 1650 roboramus.
855 1581 989 1676 Siquis
1015 1597 1126 1652 autem
1154 1582 1253 1675 hujus
1275 1597 1399 1651 nostrae
1416 1581 1666 1651 constitutionis
1683 1579 1840 1673 paginam

258 1699 365 1768 sciens
380 1713 499 1768 contra
514 1723 587 1768 eam
601 1712 725 1769 temere
739 1701 971 1795 temptaverit,
991 1699 1139 1770 secundo
1158 1701 1300 1770 tertiove
1316 1701 1558 1788 commonitus,
1577 1701 1604 1769 si
1624 1724 1693 1768 non
1710 1713 1839 1768 reatum

258 1841 353 1886 suum
366 1840 516 1912 congrua
527 1815 752 1887 satisfactione
769 1820 968 1908 correxerit,
990 1819 1253 1915 indignationem
1264 1820 1511 1912 omnipotentis
1523 1821 1602 1906 Dei,
1616 1834 1650 1888 et
1664 1818 1839 1887 beatorum

258 1936 348 2005 Petri
374 1949 408 2004 et
434 1933 530 2004 Pauli
557 1934 787 2030 apostolorum
810 1938 879 2030 ejus
903 1962 937 2006 se
956 1940 1089 2006 noverit
1108 1940 1334 2007 incursurum.
1358 1940 1485 2007 Datum
1511 1938 1687 2025 Laterani,
1709 1961 1752 2006 111
1771 1936 1835 2007 cal.

252 2055 411 2148 januarii.
628 2109 646 2142 ,

1011 2202 1074 2270 IV.

302 2389 427 2460 Lucius
443 2389 621 2484 episcopus
642 2413 755 2458 servus
771 2413 943 2458 servorum
960 2389 1025 2474 Dei
1041 2386 1171 2458 dilectis
1187 2390 1223 2457 in
1240 2387 1395 2480 Domino
1409 2387 1541 2458 filiabus
1559 2387 1718 2460 lleloissae
1734 2388 1838 2458 abba·

258 2508 358 2595 tissae,
375 2505 568 2600 caeterisque
580 2505 754 2576 sororibus
766 2506 802 2574 in
822 2505 971 2576 oratorio
984 2507 1114 2576 Sanctae
1125 2507 1300 2576 Trinitatis
1311 2505 1426 2575 divino
1438 2505 1613 2576 famulatui
1626 2507 1835 2602 mancipatis,

255 2639 320 2695 etc.
345 2623 402 2722 [ut
417 2627 455 2696 in
470 2628 493 2694 I
507 2625 707 2696 Innocentii
721 2623 869 2722 Epist.].
891 2627 1016 2693 Datum
1038 2625 1216 2713 Laterani,
1228 2649 1291 2718 per
1307 2649 1444 2693 manum
1460 2625 1608 2694 Barrocii
1623 2624 1786 2719 capellani
1804 2641 1838 2694 et

255 2744 442 2836 scriptoris,
471 2742 519 2811 id.
545 2742 678 2831 martii,
703 2741 775 2810 ind.
795 2765 869 2830 vu,
890 2741 1133 2814 incarnationis
1148 2743 1338 2814 Dominicae
1354 2766 1445 2813 anno
1460 2764 1606 2830 uoxnn,
1623 2742 1838 2838 pontificatus

256 2888 335 2932 vero
354 2861 483 2931 domini
497 2861 593 2932 Lucii
604 2863 638 2930 II
655 2886 750 2957 papae
763 2887 853 2932 anno
872 2887 898 2932 t.
966 2857 969 2864 ⁴

1018 3053 1062 3119 V.

302 3241 473 3334 Eugenius
489 3263 603 3308 servus
619 3263 792 3310 servorum
809 3240 888 3328 Dei,
909 3235 1039 3308 dilectis
1052 3237 1088 3306 in
1103 3237 1238 3307 Christo
1256 3236 1387 3308 filiabus
1402 3236 1563 3309 Heloissae
1579 3239 1751 3308 abbatissae
1764 3262 1836 3306 mo·

255 3359 393 3430 casterii
411 3361 525 3428 Sancti
542 3360 688 3454 Spiritus
705 3361 842 3455 ejusque
866 3358 1038 3429 sororibus·
1061 3374 1127 3429 tam
1151 3359 1370 3452 praesentihus
1392 3383 1493 3452 quam
1514 3359 1636 3429 futuris
1651 3359 1837 3455 regularem

253 3477 357 3546 vitam
380 3477 549 3571 professis.
573 3478 627 3548 Ad
651 3479 717 3548 hoc
742 3479 839 3550 nobis
860 3503 879 3548 a
900 3479 1074 3574 provisore
1091 3477 1242 3548 omnium
1260 3477 1428 3547 bonorum
1446 3481 1520 3547 Deo
1539 3477 1715 3572 pastoralis
1732 3478 1837 3549 officii

252 3619 332 3664 cura
354 3597 532 3668 commissa
548 3612 615 3687 est,
631 3611 671 3667 ut
689 3597 961 3693 beneplacentem
976 3600 1050 3668 Deo
1067 3596 1263 3693 religionem
1277 3595 1466 3668 laboremus
1479 3612 1641 3684 statuere,
1655 3614 1693 3667 ct
1707 3596 1835 3668 stabili·

253 3728 318 3782 tam
341 3727 455 3783 exacta
471 3715 644 3808 diligentia
658 3739 868 3784 conservare.
888 3717 937 3783 Ea
957 3730 1114 3808 propter,
1131 3713 1261 3784 dilectae
1279 3715 1314 3783 in
1332 3717 1481 3784 Domino
1494 3715 1588 3806 filisa,
1607 3717 1726 3786 vestris
1738 3717 1836 3809 justis

252 3831 535 3925 postulationibus
548 3830 731 3901 clementer
744 3834 939 3921 annuimus,
958 3848 992 3902 et
1009 3833 1184 3927 praefatum
1201 3835 1453 3922 monasterium,
1469 3836 1504 3903 in
1522 3860 1590 3928 quo
1607 3836 1722 3905 divino
1739 3861 1835 3906 man·

252 3953 371 4047 cipatae
387 3950 660 4044 estis-obsequio,
681 3952 743 4022 sub
760 3951 849 4021 beati
869 3951 960 4020 Petri
976 3966 1010 4020 et
1028 3965 1143 4020 nostra
1155 3951 1365 4045 protectione
1377 3952 1593 4044 suscipimus,
1613 3968 1645 4020 et
1663 3956 1836 4046 praeseutis

251 4074 368 4168 scripti
390 4071 564 4168 privilegio
585 4073 851 4158 communimus,
873 4086 1055 4143 statuentes
1077 4087 1116 4142 ut
1132 4095 1348 4167 quascunque
1367 4072 1606 4166 possessiones,
1626 4097 1835 4168 quaecunque

251 4189 343 4259 bona
358 4192 392 4258 in
408 4191 508 4286 agris,
523 4191 642 4280 vineis,
663 4192 780 4284 pratis,
798 4189 902 4279 silvis,
917 4188 1132 4278 molendinis,
1147 4189 1259 4284 aquis,
1278 4189 1429 4277 decimis,
1445 4214 1503 4258 scu
1520 4188 1593 4258 aliis
1611 4189 1698 4259 idem
1717 4215 1835 4260 mona·

252 4311 390 4380 sterium
408 4311 442 4379 in
461 4313 713 4406 praesentiarum
720 4313 810 4405 juste
826 4326 860 4381 et
871 4311 1033 4381 canonice
1047 4311 1212 4404 possidet,
1227 4323 1286 4380 aut
1299 4311 1335 4378 in
1354 4309 1504 4379 futurum
1519 4309 1733 4380 concessione
1750 4336 1834 4405 pon—

254 4426 401 4516 tificum,
428 4428 604 4524 largitione
629 4455 746 4525 regum
768 4428 819 4499 vel
837 4431 1048 4524 principum,
1067 4428 1240 4498 oblatione
1257 4427 1429 4518 fidelium,
1452 4453 1509 4497 seu
1525 4421 1599 4498 aliis
1610 4429 1708 4522 justis
1724 4430 1834 4500 modis

251 4548 326 4615 Deo
344 4549 494 4642 propitio
515 4549 642 4641 poterit
657 4549 814 4643 adipisci,
830 4548 927 4618 firma
941 4549 1055 4638 vobis,
1069 4547 1183 4643 eisquc
1199 4573 1273 4643 quae
1287 4564 1364 4642 post
1380 4572 1439 4617 vos
1455 4549 1690 4637 successerint,
1713 4563 1748 4618 et
1767 4546 1833 4617 illi·

249 4665 329 4736 heta
347 4681 584 4761 permaneant,
604 4667 639 4735 in
660 4667 782 4761 quibus
802 4667 873 4737 baec
895 4665 1083 4762 specialiter
1099 4666 1253 4736 duximus
1276 4665 1483 4736 annotanda.
1511 4667 1649 4735 Terram
1661 4664 1829 4755 videlicet,

248 4785 285 4858 iu
298 4808 368 4878 qua
386 4785 495 4880 ipsum
514 4787 754 4857 monasterium
770 4801 998 4857 constructum
1013 4801 1074 4856 est.
1095 4784 1252 4856 Culturas
1267 4787 1303 4854 in
1315 4801 1430 4855 monte
1444 4787 1643 4855 Limarsum.
1661 4786 1832 4880 Quicquid

251 4902 381 4973 habetis
395 4928 434 4972 ex
445 4902 639 4975 venditione
657 4930 714 4975 seu
731 4904 915 4974 donatione
931 4902 1082 4974 Milonis.
1102 4905 1181 4973 Duo
1195 4903 1314 4999 jugera
1331 4918 1428 4973 terrae
1445 4918 1522 4974 ante
1539 4906 1648 4998 ipsum
1665 4912 1832 4975 monaste-

250 5023 351 5094 uum.
372 5020 482 5099 Atiam
499 5039 623 5093 terram
640 5025 675 5094 in
695 5023 813 5096 eodem
829 5022 916 5093 loco.
942 5021 1117 5093 Culturam
1135 5023 1177 5092 de
1196 5023 1290 5093 fonte
1308 5025 1437 5092 Amam.
1457 5025 1577 5093 Totam
1591 5038 1716 5094 terram
1730 5049 1831 5118 quam

251 5139 435 5212 Rainaldus
452 5142 598 5214 babebat
615 5144 652 5213 in
670 5143 848 5239 parrochia
868 5142 910 5214 de
931 5143 1172 5234 Quinceio,ex
1191 5157 1333 5238 utraque
1349 5157 1445 5238 parte
1464 5140 1592 5214 fluvioli
1613 5141 1827 5214 Arducionis.

369 5277 380 5321 1
1666 5265 1703 5325 91
