4536 6102
623 592 681 660 DE
707 589 874 662 saneto
900 589 1069 664 Joxuun
1093 591 1302 666 BAPTlS'l'A
1327 593 1487 666 SERMO.
1780 597 1850 666 577

273 755 293 800 a
316 730 471 800 minimis
496 728 542 800 ad
567 730 720 801 maxima
744 729 984 800 conscendere
1009 729 1181 819 velimus,
1209 748 1249 802 ut
1278 757 1403 804 eorum
1432 731 1595 804 videlicet
1621 733 1789 830 exemplis
1815 751 1850 806 et

272 849 482 918 auctoritate
498 848 648 944 amplius
665 850 844 937 instructi,
864 847 962 918 dona
982 847 1149 920 libentius
1165 869 1390 946 respuamus,
1412 850 1560 921 Paulum
1577 851 1765 922 doctorem
1782 857 1848 922 ch

272 963 384 1038 clesiae
401 953 593 1038 maximum
609 990 786 1063 ponamus
802 967 838 1037 in
856 967 1027 1056 medium,
1040 970 1101 1064 qui
1116 994 1190 1040 non
1207 969 1324 1042 solum
1338 969 1434 1057 data,
1446 969 1509 1040 sed
1525 971 1631 1041 etiam
1648 969 1713 1040 sibi
1731 970 1851 1042 debita

272 1087 428 1182 recipere
454 1109 528 1157 non
550 1086 743 1183 acquievit3
767 1109 830 1173 ne,
853 1100 892 1156 ut
914 1088 988 1183 ipse
1010 1088 1079 1175 ait,
1102 1088 1158 1158 vel
1176 1087 1324 1183 gloriam
1340 1113 1441 1160 suam
1457 1091 1650 1178 minueret,
1669 1089 1725 1158 vel
1747 1113 1851 1168 occa·

272 1209 409 1278 sionem
430 1207 543 1302 turpis
563 1221 707 1301 questus
728 1204 890 1305 exemplo
913 1232 978 1278 suo
1000 1207 1076 1280 aliis
1097 1207 1324 1305 relinqueret.
1350 1211 1420 1296 Qui
1430 1209 1532 1284 enim
1552 1208 1751 1279 secundum
1767 1209 1852 1306 legis

272 1324 536 1411 auctoritatem,
557 1339 593 1394 et
616 1323 836 1396 dominicam
857 1325 1117 1424 institutionem
1138 1327 1183 1397 de
1204 1328 1327 1399 labore
1349 1328 1610 1427 praedicationis
1630 1354 1701 1400 suoe
1717 1329 1851 1400 victum

273 1447 432 1541 accipere
453 1445 670 1534 merebatur,
683 1447 780 1517 'sicut
799 1448 915 1516 caeteri
938 1447 1115 1520 faciebant
1136 1449 1308 1545 apostoli,
1327 1449 1396 1519 hac
1415 1464 1536 1520 tamen
1552 1463 1743 1545 potestate,
1763 1451 1853 1532 sicut

272 1566 319 1634 ait
346 1565 441 1660 ipse,
463 1565 514 1636 uti
535 1566 743 1654 verebatur,
766 1567 944 1663 praedictis
962 1566 1125 1638 videlicet
1146 1569 1278 1657 causis,
1304 1583 1339 1639 et
1364 1594 1592 1666 summopere
1619 1568 1784 1658 cavebat,
1807 1595 1854 1641 ne

271 1681 371 1779 quod
397 1685 655 1757 offendiculum
679 1687 780 1757 daret
803 1687 997 1783 Evangelio
1020 1688 1164 1760 Christi.
1196 1690 1408 1762 Providebat
1428 1692 1560 1788 quippe
1573 1691 1631 1760 vir
1650 1689 1855 1762 discretissi-

273 1827 370 1890 mus,
392 1818 428 1873 et
445 1803 573 1902 auimo}
588 1804 723 1892 liberali
744 1806 930 1902 praedituS,
949 1807 978 1877 si
1000 1807 1213 1877 seminando
1232 1808 1402 1904 spiritalia
1422 1823 1571 1879 meteret
1586 1787 1758 1899 carnalia,
1779 1833 1853 1878 non

271 1937 344 1994 tam
360 1923 578 1996 manducare
605 1940 645 1995 ut
664 1925 938 2020 evangelizaret,
965 1951 1074 2023 quam
1097 1927 1338 2023 evangelizare
1354 1944 1394 1999 ut
1410 1929 1660 2018 manducaret,
1684 1954 1730 2000 ne
1750 1927 1854 2024 quid¹
1908 1948 1918 1967 ·

270 2055 344 2113 tam
363 2067 404 2112 ex
421 2041 592 2116 charitate
608 2069 716 2140 quam
738 2071 780 2116 ex
801 2047 999 2118 ambitione
1020 2047 1058 2116 id
1080 2047 1212 2136 lacere,
1232 2073 1298 2118 nec
1315 2065 1388 2120 tarn
1405 2074 1483 2145 quae
1499 2049 1630 2120 Christi
1647 2064 1730 2119 sunt
1746 2073 1874 2145 quam

271 2186 348 2258 quae
364 2187 428 2233 sua
445 2188 614 2260 quaerere.
628 2165 664 2233 Si
677 2189 761 2258 ergo
779 2168 854 2260 ipse
870 2190 916 2233 ne
933 2181 1075 2259 turpem
1091 2166 1289 2235 incurreret
1304 2147 1557 2263 suspicionem,
1574 2167 1694 2239 debita
1710 2192 1855 2266 quoque

270 2281 447 2376 suscipere
464 2281 509 2352 de
525 2296 626 2352 tanto
643 2280 744 2351 lucro
761 2283 962 2351 animarum
979 2281 1139 2367 erubuit,
1159 2296 1293 2377 quanta
1314 2299 1367 2356 est
1387 2284 1610 2382 impudentia
1629 2301 1770 2369 nostra,
1793 2289 1854 2382 qui

271 2422 345 2468 non
363 2398 614 2495 deprecatione
626 2399 682 2470 vel
699 2401 935 2470 conversione
952 2399 1286 2474 hominumvictum
1302 2402 1526 2498 suscipimus,
1542 2405 1570 2474 si
1587 2403 1633 2474 de
1649 2403 1854 2476 adulatione

270 2530 459 2612 potentum
482 2518 599 2614 ipsum
615 2517 774 2615 qualibet
790 2533 865 2588 arte
881 2542 1071 2614 possumus
1088 2533 1351 2615 extorquemus.
1371 2521 1441 2608 Qui
1462 2522 1569 2592 etiam
1590 2545 1853 2619 nonnunquam

270 2635 307 2704 in
316 2651 452 2707 tantam
462 2638 730 2733 prorumpimus
739 2637 986 2734 ignominiam,
1000 2653 1039 2706 ut
1050 2637 1268 2734 phylacteria
1279 2654 1402 2712 nostra
1411 2639 1612 2730 dilatantes,
1625 2658 1661 2712 et
1669 2643 1852 2715 interdum

210 2787 217 2800 ·
271 2777 386 2826 cassas
403 2779 486 2825 eum
502 2755 659 2852 reliquiis
675 2769 882 2826 sanctorum
898 2757 1200 2845 circumferentes,
1219 2757 1337 2828 venali
1352 2758 1605 2854 predicatione
1621 2761 1759 2831 mundo
1776 2761 1850 2833 dis-

271 2898 454 2945 curramus
475 2903 482 2944 :
503 2889 538 2944 et
554 2899 819 2972 nonnunquam
834 2873 1281 2973 pseudo-praedicatoribus
1298 2877 1499 2968 conductis,
1517 2903 1595 2974 quae
1611 2879 1759 2950 veritate
1776 2904 1854 2952 uon

270 3019 473 3090 possumus,
492 2994 687 3066 mendaciis
710 2995 902 3066 lucramur.¹
932 2997 1040 3082 Quod
1063 2997 1091 3068 si
1110 2995 1327 3096 quandoque
1352 2998 1419 3070 sub
1444 2997 1594 3070 obtentu
1619 2999 1853 3094 eleemosynas

270 3113 389 3208 aliqua
404 3112 586 3220 largimur,
605 3114 738 3186 adhoc
754 3117 877 3212 utique
894 3117 1125 3207 intendimus,
1144 3132 1185 3188 ut
1201 3119 1337 3214 majora
1353 3121 1587 3217 recipiamus:
1605 3135 1640 3190 et
1655 3121 1756 3216 quasi
1773 3143 1851 3189 rno-

199 3301 206 3316 ,
271 3232 388 3304 dicam
399 3257 516 3306 escam
528 3235 565 3304 in
578 3235 686 3306 hamo
702 3237 884 3332 ponimus,
897 3252 938 3306 ut
953 3238 1002 3307 sic
1018 3262 1190 3334 magnum
1201 3241 1336 3336 piscem
1352 3239 1591 3327 extrahamus,
1605 3263 1672 3309 nec
1687 3254 1761 3310 tam
1775 3238 1852 3310 aliis

270 3377 380 3449 quam
393 3353 498 3425 nobis
511 3354 683 3426 beneficia
701 3357 955 3453 impendimus,
972 3383 1039 3430 nec
1055 3373 1129 3428 tam
1142 3359 1218 3430 aliis
1230 3383 1340 3455 quam
1358 3360 1462 3430 nobis
1478 3360 1688 3431 charitatem
1705 3357 1848 3429 exhibe·

270 3494 367 3558 mus,
387 3473 415 3540 si
433 3472 523 3542 sorte
538 3475 576 3543 in
598 3473 727 3546 talibus
743 3474 798 3544 vel
821 3473 1054 3565 beneficium,
1073 3476 1129 3547 vel
1153 3476 1306 3548 charitas
1331 3477 1402 3548 dici
1424 3493 1544 3574 queat.
1568 3481 1702 3579 Seneca
1721 3476 1853 3572 quippe

250 3688 253 3692 ¹
271 3592 444 3664 maximus
456 3617 599 3664 morum
615 3593 809 3665 aedifrcator
824 3595 1062 3686 beneficium,
1082 3611 1117 3667 et
1133 3596 1259 3668 beatus
1275 3599 1467 3693 Gregorius
1483 3597 1693 3669 charitatem
1709 3596 1853 3666 nonnisi
1872 3573 1877 3584 ⁴

272 3733 354 3803 erga
370 3707 499 3782 alteros
516 3712 641 3783 haberi
659 3728 832 3783 asserunt.
854 3713 915 3783 llle
930 3713 1078 3810 quidem
1099 3715 1135 3784 in
1157 3739 1265 3812 supra
1283 3731 1483 3787 memorato
1500 3715 1543 3786 de
1563 3715 1744 3806 Beneficiis
1761 3711 1852 3782 libro

271 3831 516 3938 siemerninit’
533 3859 539 3901 :
561 3860 579 3899 a
600 3837 713 3904 Nemo
730 3833 796 3903 sibi
817 3832 1033 3904 beneficium
1050 3833 1129 3922 dat,
1148 3834 1212 3904 sed
1229 3851 1363 3906 naturae
1379 3861 1449 3906 suae
1465 3851 1566 3933 paret
1582 3860 1690 3932 aqua
1706 3834 1752 3906 ad
1768 3832 1852 3904 cha-

272 3948 481 4022 ritatem‘sui
494 3953 715 4048 compositus
731 3968 795 4044 est,
811 3979 877 4024 nec
894 3953 1048 4024 liberalis
1066 3955 1197 4050 estqui
1214 3953 1282 4024 sibi
1299 3955 1423 4026 donat.
1443 3954 1659 4027 Beneficium
1676 3970 1742 4042 est,
1754 3953 1853 4051 quod

272 4067 418 4164 quidem
434 4095 509 4142 non
526 4096 590 4143 sua
605 4095 713 4142 causa
728 4070 808 4160 dat,
828 4071 891 4142 sed
908 4073 982 4167 ejus
999 4073 1057 4142 cui
1074 4071 1147 4144 dat.
1172 4078 1204 4141 Is
1225 4087 1345 4144 autem
1365 4074 1428 4169 qui
1447 4073 1514 4144 sibi
1535 4071 1751 4142 beneficium
1772 4071 1851 4157 dat,

272 4213 334 4260 sua
350 4213 456 4261 causa
472 4189 533 4262 dat
553 4218 560 4259 :
578 4217 653 4263 non
671 4207 724 4262 est
741 4217 827 4287 ergo
840 4192 1068 4267 beneficium.
1087 4192 1361 4288 »Hieronymus
1382 4219 1390 4262 z
1413 4220 1431 4260 11
1455 4195 1575 4280 Binos,
1595 4220 1613 4257 n
1632 4193 1759 4288 inquit,
1782 4221 1800 4258 «
1816 4176 1851 4261 iri

272 4307 524 4404 predicatione
535 4308 729 4406 discipulos
741 4312 864 4382 mittit.
880 4313 973 4398 Quia
987 4314 1084 4382 enim
1101 4312 1175 4384 duo
1191 4328 1275 4384 sunt
1290 4327 1467 4409 praecepta
1478 4310 1675 4399 charitatis,
1686 4311 1751 4380 Dei
1760 4309 1856 4380 vide-

269 4426 353 4498 licet
365 4453 467 4500 amor
482 4445 518 4499 et
533 4431 699 4526 proximi,
719 4445 754 4501 et
771 4432 888 4502 minus
905 4447 1014 4528 quarn
1031 4433 1123 4504 inter
1140 4432 1232 4502 duos
1248 4431 1372 4510 haberi
1389 4455 1463 4502 non
1478 4426 1608 4528 potest.
1629 4435 1741 4500 Nemo
1757 4431 1854 4500 enim

271 4550 416 4643 proprie
438 4550 483 4621 ad
508 4553 738 4648 semetipsum
759 4551 894 4622 habere
910 4551 1121 4624 charitatem
1141 4553 1285 4644 dicitur,
1305 4552 1368 4634 sed
1385 4554 1422 4622 in
1440 4552 1591 4623 alterum
1608 4551 1800 4621 dilectione
1815 4573 1853 4620 se

272 4668 453 4759 extendit,
475 4684 514 4748 ut
539 4696 615 4741 esse
640 4666 793 4742 charitas
818 4673 942 4769 possit.
974 4675 1082 4744 Binos
1103 4673 1148 4744 ad
1170 4674 1439 4771 predicandum
1460 4675 1636 4745 Dominus
1659 4669 1852 4767 discipulos

272 4788 391 4877 mittit,
404 4805 579 4887 quatenus
594 4791 665 4864 hoc
681 4794 786 4894 nobis
803 4796 928 4865 tacitus
945 4795 1083 4883 innuat,
1102 4796 1187 4892 quia
1202 4797 1263 4892 qui
1279 4795 1490 4868 charitatem
1507 4818 1592 4889 erga
1608 4793 1759 4866 alterum
1776 4815 1850 4864 nou

272 4906 394 4996 hahet,
413 4910 673 5005 predicationis
689 4912 848 4985 osticium
864 4915 1042 5012 suscipere
1058 4914 1260 5006 nullatenus
1278 4914 1399 4991 debet.
1416 4942 1433 4981 n

310 5179 317 5206 ¹
331 5179 405 5231 Aliter
416 5197 499 5244 neque.
513 5209 544 5222 ·-
556 5183 566 5210 ¹
578 5185 665 5236 Senec.
677 5189 759 5252 Renes.
773 5187 801 5248 V,
812 5191 836 5237 9.

395 5287 405 5328 l
