4510 6108
416 540 488 610 482
1017 535 1145 608 PETRI
1171 537 1406 609 tBAEttnnl

416 682 579 752 omnium
605 677 827 778 plenitudine
851 677 1035 750 bonorum
1062 693 1148 752 tunc
1174 694 1362 779 percepta,
1390 695 1429 752 ut
1454 680 1531 777 J’ar'n
1558 678 1657 752 nulla
1686 680 1825 776 gratia¹,
1853 704 1932 777 quae
1957 677 2001 751 ad

414 799 558 872 illorum
585 799 761 898 pertineat
788 797 956 886 salutem,
980 800 1171 872 autetiam
1193 791 1241 872 ad
1267 800 1420 872 alioruin
1443 799 1645 871 utilitatem.
1673 801 1743 898 lpsi
1767 801 1901 898 quippe
1928 825 2001 871 non

413 918 532 990 solum
555 918 730 1016 sapientia
756 917 812 990 vel
834 918 965 988 virtute
991 918 1152 1017 praediti,
1181 921 1417 992 verumetiam
1449 920 1612 990 omnium
1643 944 1774 1016 genera
1802 919 2001 1014 linguarum

415 1039 547 1138 adepti,
562 1055 679 1110 totum
693 1039 799 1111 simul
810 1038 910 1136 quod
923 1038 978 1109 vel
996 1038 1064 1110 sibi
1079 1038 1136 1110 vel
1153 1038 1228 1112 aliis
1244 1042 1484 1112 necessarium
1499 1054 1602 1111 esset.
1621 1043 1676 1110 De
1692 1039 1763 1110 boc
1779 1054 1918 1110 ornatu·
1926 1054 2002 1112 tan-

415 1174 491 1230 tum
508 1159 544 1230 in
563 1159 651 1230 libro
664 1157 729 1230 Jot
745 1159 918 1257 scriptum
934 1172 987 1229 est
1003 1157 1048 1229 de
1065 1160 1241 1248 Domino,
1260 1159 1359 1256 quia¹
1376 1187 1384 1230 ε
1399 1160 1581 1257 «Spiritus
1597 1159 1672 1255 ejus
1688 1159 1830 1229 ornavit
1846 1157 1971 1246 coelos,
1982 1188 1999 1225 n

414 1279 486 1350 froc
502 1294 555 1351 est
570 1304 632 1351 eos
648 1281 710 1376 qui
725 1294 899 1376 tanquam
914 1280 1064 1367 terreni,
1085 1293 1121 1349 et
1136 1303 1202 1377 per
1216 1281 1343 1352 merita
1358 1294 1461 1352 erant
1481 1277 1613 1368 infimi,
1636 1279 1837 1377 superiores
1848 1279 1924 1375 jam
1939 1304 2001 1376 per

413 1413 469 1470 tot
485 1398 584 1471 dona
600 1400 712 1471 factos
732 1400 768 1468 in
783 1397 957 1497 spiritales
971 1400 1149 1469 convertit
1164 1398 1285 1470 coelos.
1305 1400 1367 1471 His
1383 1425 1468 1496 ergo
1486 1399 1605 1496 gratiis
1616 1399 1752 1487 ornati,
1768 1413 1803 1468 et
1814 1397 2001 1469 virtutibus

416 1521 542 1614 armati
569 1519 752 1617 discipuli,
783 1520 898 1590 securi
926 1519 1028 1616 quasi
1056 1518 1247 1592 bellatores
1277 1520 1447 1619 intrepidi
1477 1545 1542 1619 per
1568 1520 1775 1590 universum
1803 1519 2002 1614 diriguntur

417 1641 613 1729 mundum,
637 1641 745 1711 etiarn
761 1637 882 1711 multis
904 1639 1176 1711 adversitatibus
1191 1638 1339 1738 probari
1355 1641 1628 1738 permittuntur,
1651 1663 1742 1736 quos
1759 1653 1864 1711 antea
1879 1638 2000 1709 Domi-

417 1784 485 1832 nus
501 1783 610 1858 supra
625 1760 662 1830 id
678 1758 778 1856 quod
803 1773 970 1858 possent,
1000 1783 1232 1856 nequaquam
1256 1762 1387 1833 tentari
1412 1761 1633 1859 permiserat.
1665 1759 1770 1844 Unde
1794 1773 1830 1829 et
1855 1760 1930 1856 ipse
1957 1759 2000 1830 ad

416 1879 620 1976 passionem
632 1893 770 1976 captus,
785 1879 968 1949 neminem
980 1902 1107 1950 eorum
1118 1903 1241 1950 secum
1257 1880 1337 1977 capi
1354 1879 1484 1969 voluit,
1504 1880 1664 1952 dicens³t
1682 1879 1749 1949 «Si
1765 1903 1823 1950 me
1834 1878 1999 1975 quaeritis,

419 2027 437 2063 a
446 1997 551 2068 sinite
562 1996 630 2068 bos
643 1996 834 2093 abireprut
843 1996 1051 2094 impleretur
1063 2021 1182 2068 sermo
1196 2022 1305 2094 quem
1316 1998 1420 2070 dixit:
1436 2027 1453 2066 u
1465 1999 1558 2085 Quia
1573 2023 1665 2095 quos
1681 1997 1811 2070 dedisti
1824 1996 1913 2067 mibi
1928 2021 1999 2117 non

420 2116 595 2215 «perdidi
611 2141 652 2188 ex
669 2116 754 2214 ipsis
770 2140 1001 2213 quemquam.
1017 2145 1034 2184 n
1055 2121 1103 2188 Ut
1118 2118 1215 2188 enim
1230 2117 1357 2190 beatus
1379 2119 1543 2190 meminit
1570 2119 1812 2215 Augustinus,
1840 2115 2001 2187 nondum

417 2237 468 2308 sic
483 2237 522 2307 in
539 2261 621 2307 eum
638 2234 855 2324 credebant,
873 2236 1061 2333 quomodo
1078 2235 1230 2308 credunt
1246 2237 1452 2334 quicunque
1468 2263 1543 2308 non
1561 2219 1730 2336 perituris
1752 2241 1875 2307 Petrus
1895 2237 1925 2306 si
1944 2261 2003 2307 ne·

418 2371 500 2452 gato
528 2355 670 2428 Christo
695 2355 781 2426 binc
808 2357 892 2437 iret,
922 2355 1010 2452 quid
1036 2355 1132 2426 aliud
1160 2381 1271 2453 quam
1295 2359 1446 2455 periret?
1472 2359 1592 2444 Quum
1615 2358 1721 2453 igitur
1742 2355 1895 2454 apostoli
1922 2370 2002 2426 ante

418 2477 614 2550 adventum
639 2477 789 2575 Spiritus
812 2477 944 2565 sancti,
974 2489 1146 2572 tanquam
1172 2475 1366 2548 imbecilles
1382 2491 1417 2548 et
1433 2477 1587 2548 inermes
1612 2477 1817 2564 existerent,
1845 2500 1919 2546 non
1944 2501 2002 2546 eos

418 2597 595 2668 Dominus
616 2596 661 2668 ad
683 2595 787 2666 fortia
812 2593 905 2666 bella
929 2595 1137 2686 destinavit,
1166 2620 1212 2667 ne
1238 2597 1274 2666 in
1299 2594 1573 2668 adversitatibus
1599 2593 1793 2667 deficerent
1816 2595 1919 2684 victi,
1943 2595 2003 2692 qui

418 2717 538 2789 statim
563 2717 610 2788 ad
635 2716 710 2811 ejus
737 2715 942 2814 captionem
970 2714 1090 2812 fugam
1117 2730 1202 2788 sunt
1227 2717 1412 2806 conversi,
1439 2731 1474 2788 et
1498 2717 1574 2815 ipse
1594 2717 1760 2814 princeps
1780 2739 1906 2786 eorum
1932 2730 2001 2786 tarn

417 2837 566 2908 nomine
591 2860 700 2933 quarn
721 2833 859 2906 firmior
882 2833 970 2924 lide,
1000 2851 1076 2907 tam
1097 2834 1222 2908 leviter
1244 2861 1327 2908 eurn
1353 2861 1420 2907 nec
1444 2835 1772 2932 semel-negaverit.
1797 2836 1862 2906 Die
1886 2849 2001 2906 autem

419 2959 657 3044 PentecosteS,
676 2956 713 3025 in
731 2954 917 3044 omnibus,
935 2969 976 3025 ut
992 2955 1129 3042 dictum
1146 2969 1216 3044 est,
1232 2955 1339 3028 bonis
1352 2957 1609 3044 consummati,
1628 2955 1666 3025 in
1684 2954 1852 3026 omnibus
1865 2954 2003 3027 fuerant

417 3074 654 3174 postmodum
670 3073 861 3146 virtutibus
877 3074 1076 3173 probandi,
1095 3090 1135 3147 ut
1152 3073 1347 3147 Ecclesiam
1363 3076 1430 3148 sibi
1452 3077 1680 3172 commissam
1697 3101 1771 3146 non
1788 3074 1906 3146 solum
1923 3100 2002 3146 eru-

417 3195 537 3266 dirent
551 3194 688 3284 verbis,
708 3195 942 3267 verumetiam
958 3193 1221 3267 confirmarent
1231 3195 1402 3294 exemplis
1418 3220 1463 3266 ne
1480 3194 1675 3266 delicerent
1690 3193 1727 3265 in
1744 3193 1915 3265 adversis.

467 3318 589 3401 Quum
599 3315 719 3411 itaque
729 3315 787 3387 die
799 3319 1037 3404 Pentecostes‚
1053 3315 1343 3388 tantabonorum
1357 3315 1576 3414 perfectione
1589 3317 1660 3402 sint
1671 3315 1825 3414 apostoli
1838 3339 2001 3385 consum·

419 3435 523 3522 mati,
554 3459 710 3532 nequam
734 3434 810 3505 bam
834 3433 1004 3507 festivitas
1031 3436 1129 3534 apud
1156 3462 1241 3525 nos,
1270 3437 1362 3508 sicut
1386 3461 1453 3507 nec
1478 3435 1575 3535 apud
1601 3436 1742 3508 ludaeos
1769 3451 1906 3534 septem
1930 3435 2001 3506 dies

418 3568 606 3649 sequentes
631 3553 668 3622 in
689 3550 969 3625 celebrationem
992 3553 1148 3644 habent,
1176 3570 1216 3626 ut
1240 3579 1354 3652 usque
1379 3554 1425 3627 ad
1447 3570 1612 3627 octavam
1637 3555 1733 3627 diem
1758 3555 1834 3653 ipsa
1858 3570 2000 3652 proten·

419 3670 538 3744 datur.
557 3672 653 3759 Quid
669 3673 766 3756 eninr
782 3672 992 3772 perfectioni
1007 3689 1127 3772 potest
1142 3676 1360 3774 superaddi?
1378 3680 1580 3774 Praeparare
1596 3701 1633 3748 se
1650 3677 1800 3773 quisque
1822 3672 1867 3746 ad
1889 3674 2001 3773 perfe-

419 3775 577 3862 ctionem
591 3805 721 3889 potest,
736 3793 799 3864 sed
815 3818 928 3890 quum
940 3792 1024 3864 illuc
1039 3796 1254 3893 per'venerit,
1266 3795 1354 3893 quid
1367 3796 1524 3893 requirat
1540 3821 1615 3867 non
1625 3821 1733 3895 super
1747 3812 1811 3867 est.
1829 3801 1857 3866 Α
1873 3794 2001 3868 Pascha

421 3912 586 4008 usquead
598 3913 988 4002 pentecostemfestiva
997 3915 1163 4011 quaedam
1169 3915 1377 4012 jucunditas
1388 3941 1453 4014 per
1461 3916 1721 4013 quinquaginta
1730 3914 1806 3987 dies
1816 3917 2001 3986 continua-

418 4045 490 4120 tur,
499 4029 789 4104 obreverentiam
798 4032 930 4104 scilicet
940 4033 1198 4130 acdignitatem
1207 4037 1389 4132 sequentis
1404 4018 1644 4108 Pentecostes.
1657 4035 1720 4106 His
1734 4035 1868 4133 quippe
1880 4033 2001 4105 diebus

419 4150 604 4221 austeritas
629 4151 846 4248 poenitentiae
872 4150 1070 4241 relaxatur,
1099 4178 1167 4225 nec
1195 4154 1232 4223 in
1255 4155 1456 4226 orationem
1479 4177 1594 4251 genua
1619 4154 1811 4242 flectimus,
1839 4154 1938 4224 utin
1960 4177 2002 4223 eo

419 4269 571 4368 amplius
586 4269 635 4341 ob
650 4285 792 4369 tempus
808 4296 875 4342 nos
891 4273 1019 4344 excitet
1034 4275 1071 4344 in
1088 4297 1251 4345 amorem
1267 4275 1345 4364 Dei,
1364 4290 1399 4345 et
1415 4291 1589 4374 praeparet
1604 4275 1806 4347 devotiores
1822 4272 1869 4346 ad
1885 4287 2007 4344 ventu-

419 4412 497 4461 ram
520 4390 746 4463 festivitatem
761 4391 928 4490 Spiritus,
956 4394 1018 4490 qui
1043 4393 1242 4491 specialiter
1263 4419 1365 4467 amor
1389 4397 1454 4467 Dei
1482 4395 1628 4485 dicitur,
1651 4419 1724 4492 quo
1750 4395 1870 4465 minus
1889 4395 2007 4491 ipsum

419 4509 559 4606 poenale
576 4525 629 4581 est
645 4510 694 4582 ob
711 4512 879 4607 gratiam,
898 4527 938 4582 ut
954 4512 1126 4604 diximus,
1146 4514 1342 4587 festivitatis
1358 4515 1535 4613 praedictae
1548 4515 1587 4586 in
1605 4513 1774 4587 omnibus
1790 4511 2011 4612 spiritalibus

419 4632 539 4726 gratiis
555 4643 819 4703 consummare.
848 4637 943 4703 Bene
964 4619 1084 4732 autem
1105 4633 1321 4707 duodecima
1341 4636 1528 4706 mansione
1549 4635 1704 4734 populus
1725 4632 1831 4705 lsrael
1847 4656 2014 4729 egressus

420 4751 466 4822 de
483 4757 654 4850 AEgypto,
673 4753 788 4849 legem
803 4755 840 4824 in
858 4753 917 4825 die
933 4755 1229 4852 quinquagesimo
1245 4758 1412 4854 suscepit,
1429 4770 1470 4827 ut
1480 4755 1551 4827 hoc
1562 4756 1718 4828 vidilicet
1734 4780 1886 4827 numero
1902 4778 2013 4824 man-

420 4872 563 4942 sionum
573 4872 648 4970 ipse
661 4881 831 4947 nun‘rerus
841 4873 1039 4969 signaretur
1052 4875 1311 4974 apostolorum,
1327 4876 1456 4974 quibus
1466 4902 1530 4975 per
1542 4877 1713 4975 Spiritum
1725 4891 1888 4949 sanctum
1898 4875 2016 4970 quin-

458 5141 464 5166 ·
486 5143 565 5194 Locus
578 5153 717 5210 corruptus.
729 5169 756 5182 -
768 5143 777 5172 ¹
797 5145 859 5212 Gap.
872 5161 980 5209 uv1‚v.
994 5149 1031 5200 ta.
1041 5174 1073 5188 -
1083 5147 1094 5176 ⁸
1106 5148 1190 5212 loen„
1201 5164 1257 5216 cap.
1268 5167 1340 5213 arur,
1352 5165 1376 5200 v.
1386 5153 1410 5202 8.
1421 5175 1452 5189 -
1463 5149 1475 5178 ⁴
1487 5151 1547 5214 opp.
1562 5159 1578 5200 t.
1592 5151 1626 5202 lll
1636 5190 1642 5210 ‚
1654 5159 1718 5218 part.
1729 5149 1767 5212 11,
1780 5149 1828 5200 col.
1841 5150 1896 5199 186.
