4606 6106
608 609 697 682 suu
722 609 849 682 rarat
876 609 1110 682 armanni
1134 563 1456 683 soxurtourncs.
1751 617 1816 686 asa

249 753 421 826 nitentem
438 753 625 826 convertit.
645 752 729 824 Tale
748 765 800 824 est
816 775 900 849 ergo
916 751 1015 849 qnod
1033 753 1103 822 ait:
1121 779 1138 820 a
1153 751 1225 838 Qui
1236 753 1312 822 sine
1328 766 1476 850 peccato
1490 765 1542 824 est
1560 767 1734 844 restmrn,
1753 757 1825 852 pri·

249 895 328 946 mats
349 873 387 944 in
408 896 486 946 eam
506 872 660 971 lapidem
682 873 815 960 mittat;
835 899 853 938 ι
868 896 910 944 ac
928 872 958 942 si
978 886 1099 969 aperte
1116 869 1211 943 dicat
1226 899 1233 941 :
1251 873 1292 942 Ei
1310 870 1538 969 lapidandam
1561 872 1744 964 dimittite,
1760 876 1823 971 qui

248 1017 291 1066 ex
309 991 430 1065 vobis¹
450 991 546 1064 solus
564 1007 617 1064 est
633 1016 655 1064 a
671 1005 818 1089 peccato
836 991 1016 1062 immunis.
1037 995 1117 1088 lpse
1134 991 1270 1089 primus
1291 990 1329 1061 in
1353 988 1580 1087 lapidandam
1601 991 1719 1090 dirigit
1736 993 1823 1091 lapi·

248 1113 349 1203 dem,
365 1136 478 1211 quum
490 1114 527 1184 ei
540 1112 638 1210 prius
653 1111 898 1210 poenitentiam
915 1111 1080 1208 inspirat3
1101 1124 1138 1181 et
1153 1109 1212 1180 illa
1226 1109 1456 1208 postmodum
1474 1135 1539 1208 per
1551 1111 1823 1186 satisfactionem

248 1260 287 1308 se
310 1248 483 1323 macerat,
509 1248 544 1305 et
569 1257 714 1304 carnem
736 1257 782 1303 ne
807 1232 944 1330 spiritui
962 1230 1120 1330 amplius
1140 1229 1343 1318 reluctetur,
1364 1229 1511 1302 domat:
1528 1233 1655 1327 ntjam
1673 1232 1822 1304 mortifi-

247 1369 324 1428 cata
340 1352 499 1443 mundo',
516 1352 686 1450 deinceps
699 1355 793 1442 vivat
808 1355 884 1424 Deo
895 1355 918 1443 ²,
939 1365 975 1423 et
992 1365 1191 1424 mactentur
1202 1350 1309 1440 sitia,
1331 1366 1537 1423 conservata
1556 1367 1694 1425 natura.
1713 1357 1821 1425 Deni-

249 1496 321 1570 que
336 1487 372 1545 et
389 1473 566 1547 Dominus
582 1472 672 1543 ait⁸2
695 1499 713 1538 a
728 1451 816 1546 llibi
831 1469 1042 1560 vindictam,
1063 1484 1098 1541 et
1114 1493 1180 1565 ego
1196 1467 1402 1540 retribuam.
1431 1497 1449 1536 n
1469 1475 1566 1542 Tunc
1588 1473 1721 1570 quippe
1744 1476 1821 1544 Deo

247 1592 440 1664 uindictam
468 1615 705 1680 reservamuS,
734 1590 927 1687 quonia'm‘
944 1590 1020 1688 ipse
1045 1591 1080 1660 in
1108 1587 1212 1660 nobis
1235 1589 1375 1686 potine,
1399 1613 1508 1686 quam
1528 1591 1703 1688 nosipsi,
1729 1590 1822 1662 banc

247 1726 425 1810 operatur.
457 1709 560 1780 Unde
588 1724 623 1781 et
649 1709 808 1798 homini,
834 1733 909 1780 non
936 1713 1034 1798 Deo,
1055 1708 1190 1779 dictum
1208 1712 1301 1779 estl:
1321 1737 1339 1776 u
1355 1707 1433 1779 Ndn
1453 1709 1606 1780 occides.
1627 1737 1645 1776 ιι
1664 1708 1717 1780 ΔΙ)
1743 1712 1822 1808 ipso

248 1831 369 1926 utique
386 1826 490 1900 nobis
506 1827 578 1899 hoc
594 1827 827 1918 interdicitur,
847 1829 908 1924 qui
926 1827 993 1899 sub
1017 1826 1116 1898 nullo
1139 1841 1314 1925 praecepto
1332 1827 1539 1918 conclusus,
1560 1828 1597 1899 id
1615 1827 1682 1900 sibi
1700 1829 1821 1901 deberi

247 1962 409 2048 patenter
424 1947 622 2046 profitetur.
644 1977 662 2015 a
677 1950 750 2044 Ego
769 1947 953 2037 occidam,
973 1975 991 2012 a
1010 1948 1165 2043 inquit⁸,
1189 1977 1206 2015 u
1223 1962 1257 2019 ct
1275 1971 1341 2042 ego
1358 1948 1476 2018 vivere
1491 1947 1630 2018 faciam.
1647 1975 1666 2012 ιι
1691 1952 1769 2046 lpse
1784 1951 1820 2020 in

236 2067 352 2140 nobis
371 2067 553 2142 occidit.et
573 2068 705 2166 parcit,
722 2091 833 2164 quum
858 2081 1028 2163 tanquam
1053 2064 1270 2138 adminiculo
1293 2065 1451 2163 quodam
1473 2065 1597 2138 nobis⁷
1614 2080 1735 2158 utens,
1756 2091 1823 2140 nos

247 2189 429 2286 preceptis
446 2187 518 2258 suis
535 2211 615 2259 reos
632 2186 796 2258 occidere
814 2185 869 2258 vel
889 2185 1137 2258 innocentibus
1165 2209 1310 2284 parcere
1331 2185 1430 2274 lacit,
1458 2199 1497 2256 ut
1521 2187 1554 2284 ei
1572 2188 1691 2286 potius
1714 2211 1821 2284 quam

247 2308 351 2381 nobis
364 2308 431 2380 ista
447 2305 602 2379 debeant
619 2307 797 2405 imputari.
816 2310 905 2378 Nam
918 2329 1030 2403 quum
1044 2304 1170 2402 aliquis
1181 2287 1309 2403 potens
1321 2329 1386 2402 per
1399 2305 1581 2402 operarios
1593 2329 1676 2378 suos
1689 2306 1822 2404 aliquid
1868 2297 1873 2308 '

246 2428 335 2524 agit,
355 2449 429 2498 non
443 2440 516 2497 tam
533 2425 684 2498 istorum
703 2449 810 2523 quam
828 2424 919 2496 illius
935 2447 1027 2523 opus
1043 2423 1130 2496 illud
1149 2447 1225 2495 esse
1241 2423 1383 2513 dicitur,
1402 2423 1472 2495 boc
1490 2438 1542 2496 est
1554 2421 1571 2514 ,⁸
1584 2449 1658 2496 non
1678 2425 1821 2498 illorum

247 2550 308 2645 qni
325 2547 510 2647 operando
528 2546 679 2636 faciunt,
702 2547 765 2618 sed
785 2545 878 2619 illius
896 2547 1006 2642 magis
1023 2547 1085 2642 qui
1098 2569 1165 2643 per
1176 2545 1257 2618 illos
1272 2546 1354 2617 lecit
1366 2544 1440 2617 brec
1454 2545 1542 2618 fieri.
1564 2551 1681 2618 Homo
1703 2549 1821 2645 itaque

246 2665 454 2764 prohibetur
467 2664 649 2752 occidere,
671 2688 744 2736 non
759 2669 854 2735 Deus
868 2665 903 2734 in
918 2663 1077 2734 homine.
1093 2668 1192 2734 Tunc
1205 2678 1323 2736 autem
1338 2664 1467 2735 occidit
1482 2663 1614 2756 hom0,
1632 2680 1667 2736 et
1685 2689 1760 2737 non
1783 2669 1820 2736 in

245 2811 289 2859 eo
310 2789 428 2875 Deos,
450 2783 595 2882 quando
616 2787 760 2883 propria
784 2783 998 2883 malignitate
1018 2783 1060 2856 id
1079 2784 1168 2880 agit,
1197 2807 1271 2854 non
1295 2785 1531 2882 praeceptione
1553 2787 1641 2857 Dei:
1658 2785 1729 2858 boc
1749 2803 1818 2877 est,
1861 2791 1865 2800 '

239 2875 444 3004 'dumdoid
463 2929 579 2995 exse,
600 2929 674 2975 non
698 2929 741 2975 ex
759 2902 834 3000 lege
850 2903 948 2994 lacit,
969 2917 1006 2976 et
1027 2928 1097 2975 suae
1120 2901 1259 2974 malitiae
1282 2904 1393 3000 magis
1420 2927 1529 3000 quarn
1553 2903 1681 2975 divinae
1700 2903 1823 2978 obedit

242 3027 507 3122 justitiarum
524 3022 679 3122 gladium
700 3025 825 3121 accipit
840 3047 913 3094 non
934 3020 979 3094 ad
998 3021 1232 3095 exercendam
1246 3023 1439 3119 justitiam,
1460 3037 1500 3094 ut
1521 3021 1676 3095 vindicet
1696 3023 1823 3122 iniqui·

245 3161 366 3235 tatem,
381 3145 444 3216 sed
459 3160 497 3216 ut
515 3169 616 3216 suam
633 3144 809 3242 compleat
829 3143 1058 3241 impietatem.
1075 3147 1128 3215 De
1145 3140 1325 3241 quolibet⁸
1341 3142 1478 3214 Veritas
1496 3142 1587 3213 ait':
1607 3172 1625 3210 u
1640 3145 1710 3231 Qui
1724 3169 1822 3216 acce·

245 3265 336 3362 perit
359 3264 536 3362 gladium,
556 3262 674 3362 gladio
690 3261 830 3362 peribit.
849 3291 866 3328 n
885 3263 954 3349 Qui
972 3263 1166 3362 acceperit,
1190 3263 1327 3360 inquit,
1347 3285 1411 3360 per
1430 3287 1484 3354 se,
1506 3287 1580 3333 non
1598 3263 1656 3334 cui
1674 3263 1821 3336 traditus

242 3381 347 3455 fiterit
363 3408 383 3455 a
401 3397 593 3482 potestate,
611 3384 675 3455 iste
695 3371 812 3479 gladio
830 3381 1034 3480 perdendus
1051 3396 1104 3454 est
1116 3382 1229 3479 juste,
1250 3381 1312 3480 qui
1331 3382 1448 3479 gladio
1465 3385 1517 3455 uti
1529 3385 1752 3481 praesumpsit
1768 3387 1820 3456 in-

241 3502 345 3597 juste.
357 3507 479 3591 Quum
492 3517 610 3575 autem
621 3501 722 3600 quasi
731 3499 887 3598 gladium
899 3500 999 3572 miles
1013 3499 1080 3572 sibi
1091 3525 1112 3572 a
1125 3525 1207 3598 rege
1221 3501 1388 3574 traditum
1402 3516 1542 3573 exercet
1554 3501 1599 3573 ad
1612 3502 1817 3593 vindictam,

245 3648 306 3696 rex
321 3625 359 3696 in
378 3648 421 3696 eo
437 3622 475 3695 id
488 3623 575 3721 agit,
591 3623 691 3719 cujus
705 3622 763 3694 ille
777 3623 958 3720 operarius
976 3623 1013 3693 in
1030 3622 1101 3692 hoc
1117 3622 1242 3694 existit.
1265 3620 1368 3693 Unde
1387 3621 1599 3718 Augustinus
1616 3619 1659 3692 de
1677 3623 1821 3694 Ciuitate

244 3746 316 3814 Dei
329 3741 421 3814 libro
435 3745 479 3812 l¹⁰
499 3769 508 3812 z
532 3772 550 3810 u
574 3746 653 3813 Non
680 3741 838 3832 occides,
858 3740 931 3831 his,
959 3769 976 3806 ι)
1003 3740 1137 3836 inquit,
1167 3769 1184 3806 a
1206 3741 1377 3838 exceptis,
1396 3764 1488 3835 quos
1509 3743 1606 3811 Deus
1631 3741 1747 3813 occidi
1765 3741 1820 3837 ju-

243 3859 320 3950 bet,
342 3861 415 3932 sive
428 3859 510 3932 data
523 3859 618 3958 lege,
634 3861 707 3931 sive
723 3882 790 3958 pro
805 3874 964 3958 ternpore
980 3857 1027 3928 ad
1042 3881 1231 3956 personam
1245 3881 1408 3955 expressa
1418 3857 1588 3953 jussione.
1604 3861 1683 3930 Non
1702 3874 1819 3931 autern

243 3981 318 4080 ipse
331 3981 480 4071 occidit,
506 3982 568 4078 qui
589 3981 821 4052 ministerium
836 3976 941 4050 debet
956 3975 1115 4074 jubenti,
1137 3977 1227 4047 sicut
1244 3975 1499 4048 adminiculum
1512 3975 1648 4073 gladius
1659 3981 1784 4051 utenti.
1799 4010 1817 4047 a

243 4099 379 4173 lbidem
398 4103 433 4172 in
452 4099 706 4192 (lucestrbnibus
717 4097 837 4170 Exodi
844 4103 861 4137 ¹¹
878 4125 888 4168 .·
906 4126 922 4164 a
934 4096 1095 4169 lsraelitae
1109 4095 1242 4168 furtum
1255 4120 1329 4166 non
1342 4096 1500 4168 fecerunt
1514 4097 1702 4196 spoliando
1716 4103 1819 4196 AEgy·

212 4267 217 4276 ·
242 4221 349 4318 ptios,
365 4219 428 4292 sed
440 4225 516 4291 Deo
524 4218 663 4316 jubenti
681 4217 915 4290 ministerium
930 4214 1181 4314 prebuerunt:
1198 4213 1502 4314 quemadmodum
1518 4215 1677 4294 minister
1690 4214 1818 4311 judicis

242 4340 373 4414 occidit
391 4366 472 4413 eum
492 4364 600 4438 quem
617 4339 673 4410 lex
694 4339 797 4435 jussit
814 4337 942 4410 occidi.
970 4337 1131 4407 Profecto
1152 4337 1182 4406 si
1197 4335 1235 4407 id
1255 4348 1382 4439 sponte
1400 4334 1522 4426 iaciat,
1541 4327 1720 4405 homicida
1744 4350 1813 4425 est,

241 4461 379 4534 etiamsi
395 4485 507 4558 quum
521 4483 629 4557 quem
644 4458 785 4548 occidit,
801 4457 866 4528 scit
879 4453 994 4527 occidi
1007 4479 1027 4525 a
1039 4453 1160 4550 judice
1173 4453 1349 4526 debuisse.
1370 4482 1387 4520 a
1407 4457 1496 4525 ltem
1508 4452 1544 4524 in
1565 4451 1818 4546 (lucrationibus

241 4582 384 4652 levitici
400 4605 411 4648 .·
428 4608 445 4646 a
461 4581 582 4665 Quum
604 4577 715 4649 homo
737 4577 801 4647 iste
816 4573 1002 4664 occiditur,
1016 4571 1072 4643 lex
1085 4595 1169 4645 eum
1181 4571 1329 4663 occidit,
1342 4596 1417 4644 non
1429 4586 1480 4643 tu.
1491 4599 1510 4640 a
1528 4575 1578 4642 Ex
1589 4571 1645 4642 his
1658 4572 1816 4671 profecto

242 4697 358 4771 verbis
375 4711 538 4797 patenter
561 4695 734 4768 docemur
758 4719 824 4768 nec
848 4691 1102 4782 homicidium,
1125 4715 1193 4765 nec
1217 4693 1349 4764 lurtum
1373 4691 1517 4790 proprie
1536 4691 1626 4782 dici,
1650 4691 1749 4789 quod
1774 4718 1817 4766 ex

274 4953 336 5006 'ts
353 4955 420 5005 uta
435 4963 459 5004 et
477 4957 503 5004 ιἰι
520 4955 587 5003 mlta
601 4951 663 5002 Cod.
683 4949 746 5002 vta.
758 4947 809 4986 -'
823 4949 892 5000 Fam
904 4953 1015 5012 deinceps
1047 4953 1077 4998 de
1094 4951 1199 5012 quadiu
1213 4948 1266 5000 (lod
1286 4945 1816 5016 vict.-·ttsuh.,cap.m1,v.st.-

241 5038 290 5088 Deo
304 5037 366 5088 (lod
377 5063 407 5074 -
421 5037 524 5095 'llam
543 5052 598 5103 cap.
619 5052 667 5092 ιιι,
686 5051 709 5085 r.
729 5037 765 5085 ta.
778 5059 806 5072 -·
820 5033 903 5084 ⁰Cod.
923 5031 988 5082 liet.
999 5058 1015 5070 -
1048 5033 1071 5060 ‘⁰
1083 5034 1144 5098 Cap.
1161 5049 1221 5094 ιιι,
1241 5035 1303 5096 opp.
1323 5043 1342 5083 t.
1357 5031 1416 5092 vtt,
1431 5031 1477 5082 col.
1493 5035 1534 5082 20.
1548 5059 1573 5070 -·
1586 5031 1607 5059 ⁴¹
1623 5031 1712 5093 Quart.
1727 5049 1812 5098 ιιιιι,

242 5123 344 5184 Quodn
357 5120 421 5173 aad.
438 5147 462 5158 ··
478 5121 596 5179 'Eacd.‚
610 5135 665 5186 cap.
683 5133 731 5179 xx,
744 5135 769 5171 ι.
789 5119 827 5169 tt.
840 5144 868 5156 ·-
880 5117 890 5145 ⁸
901 5118 1010 5176 Derim,
1046 5118 1106 5180 opp.
1122 5127 1141 5167 t.
1156 5117 1189 5167 lll
1200 5153 1207 5177 .
1219 5117 1267 5167 col.
1283 5118 1340 5167 432.

241 5187 295 5273 cip.
307 5221 431 5268 surm.
443 5205 485 5256 8⁰.
496 5204 588 5256 -'ltt
601 5207 669 5256 nolit
684 5215 753 5254 amr
767 5201 829 5256 (lod.
841 5199 966 5254 liet-⁸
979 5201 1013 5252 Et
