4522 6104
448 573 520 645 690
944 582 946 588 ’
1047 567 1176 639 PETRI
1201 565 1436 641 AnAEttttnt

448 712 579 801 tudini,
597 708 805 809 pontificem
823 707 1003 780 monacho
1019 706 1241 807 posthabuit,
1260 721 1297 779 et
1311 705 1569 805 perfectionem
1584 703 1666 776 vitm
1681 702 1880 802 praelationi
1895 729 2034 803 praepo·

447 833 517 904 suit
537 830 792 903 ecclesiasticae.
821 834 874 902 De
897 855 971 927 quo
997 844 1033 901 et
1054 829 1293 926 Hieronymus
1314 826 1365 898 ad
1383 828 1563 898 Rusticum
1586 824 1807 898 monachum
1829 825 2031 898 scribens:

451 979 470 1018 u
488 949 617 1043 Audio,
634 979 652 1018 ιι
673 952 804 1050 inquit,
829 979 847 1018 u
859 950 1062 1046 religiosam
1069 919 1114 1021 ⁸te
1127 948 1262 1021 habere
1279 962 1445 1036 matrem,
1464 945 1662 1019 multorum
1678 969 1859 1018 annorum
1873 945 2031 1035 viduam,

447 1096 526 1169 quae
542 1072 642 1160 aluit,
660 1097 739 1172 quae
755 1071 911 1144 erudivit
926 1071 1113 1143 infantem.
1139 1077 1184 1142 Et
1199 1073 1356 1142 loannes
1372 1069 1529 1166 Baptista
1544 1083 1706 1142 sanctam
1723 1082 1877 1139 matrem
1893 1066 2030 1158 habuit,

446 1191 698 1292 pontificisque
710 1192 805 1265 filius
819 1209 918 1265 erat:
938 1207 1106 1264 ettamen
1124 1215 1192 1262 nec
1209 1191 1334 1262 matris
1346 1188 1490 1279 affectu,
1508 1214 1576 1261 nec
1591 1189 1702 1287 patris
1719 1187 1849 1286 opibus
1864 1187 2031 1260 vinceba-

446 1328 517 1400 tur,
536 1329 577 1383 ut
596 1313 633 1384 in
657 1312 769 1385 domo
785 1328 976 1412 pareutum
998 1337 1081 1384 cum
1099 1310 1260 1409 periculo
1273 1310 1410 1382 viveret
1424 1309 1608 1382 castitatis.
1622 1307 1773 1382 Vivebat
1789 1308 1826 1378 ia
1843 1332 1980 1396 eremo,
1998 1325 2031 1380 et
2067 1387 2071 1395 ,

327 1415 332 1424 ’
445 1434 559 1506 oculis
568 1433 855 1507 desiderantibus
866 1434 1060 1520 Christum,
1080 1431 1170 1503 nihil
1185 1431 1283 1505 aliud
1300 1429 1516 1528 dignabatur
1532 1429 1729 1528 adspicere.
1744 1428 1822 1500 Filii
1838 1429 2030 1526 propheta·

445 1579 540 1642 rum,
558 1579 651 1652 quos
666 1553 867 1627 monachos
886 1554 923 1625 in
944 1555 1066 1624 Veteri
1084 1557 1304 1622 Testamenta
1319 1549 1487 1647 legimus,
1506 1549 1731 1623 aedificabant
1746 1547 1816 1619 sibi
1832 1572 1932 1620 casas
1947 1573 2029 1646 pro·

443 1693 524 1776 pter
539 1677 675 1749 fluenta
689 1677 877 1750 iordanis:
897 1691 934 1747 ct
953 1674 1067 1747 turbis
1086 1673 1230 1764 urbium
1252 1672 1447 1762 derelictis,
1471 1671 1618 1771 polenta
1635 1687 1671 1743 et
1694 1670 1816 1742 herbis
1837 1670 2028 1766 agrestibus

441 1795 664 1868 victitabant.
683 1823 701 1863 u
720 1801 774 1867 De
789 1795 921 1893 quibus
936 1808 973 1865 et
987 1793 1073 1865 alibi
1086 1793 1289 1865 meminit¹2
1310 1792 1449 1888 «Virgo
1467 1790 1574 1879 Elias,
1593 1790 1735 1862 Elisaeus
1751 1789 1867 1885 virgo,
1878 1788 2028 1886 virgines

441 1915 504 1987 filii
517 1916 792 2014 prophetarum.
806 1944 824 1984 n
843 1914 940 2002 Quid
954 1929 1020 2004 est,
1035 1913 1201 2004 obsecro,
1219 1913 1341 2003 frater,
1357 1911 1458 2010 quod
1470 1911 1647 1983 electurus
1659 1909 1842 2008 apostolos
1854 1911 2027 1981 Dominus

334 2039 336 2044 ’
440 2059 670 2133 nequaquam
686 2035 732 2106 de
749 2058 872 2107 eremo
888 2033 1016 2105 accivit
1031 2038 1226 2122 loannem,
1246 2056 1313 2104 nac
1329 2031 1375 2102 ab
1392 2056 1437 2102 eo
1453 2029 1709 2128 baptizandus,
1733 2030 1853 2126 ipsum
1869 2053 1891 2100 a
1907 2027 2026 2101 solitu·

439 2156 541 2246 dine,
561 2155 617 2227 vel
638 2155 686 2228 ad
705 2154 835 2228 horam
858 2153 1041 2224 revocavit
1061 2179 1069 2223 ε
1089 2152 1153 2224 sed
1169 2153 1261 2224 sicut
1277 2152 1393 2223 caeteri
1416 2151 1608 2222 hominum
1629 2148 1678 2250 ad
1703 2173 1788 2220 eum
1807 2150 1920 2236 venit,
1936 2150 2028 2222 inter

439 2291 585 2347 caeteros
596 2289 632 2346 et
648 2276 723 2372 ipse
738 2271 976 2371 baptizandus
992 2296 1012 2342 a
1026 2271 1221 2358 monacho,
1240 2272 1332 2342 sicut
1347 2271 1520 2368 scriptum
1536 2272 1628 2342 est⁸:
1651 2273 1830 2342 «Factum
1848 2283 1902 2340 est
1918 2293 2027 2366 quum

315 2444 321 2456 ·
438 2393 680 2492 baptizaretur
694 2392 812 2464 omnis
827 2391 1001 2497 populus,
1020 2405 1055 2461 et
1071 2394 1153 2461 Jcsu
1169 2389 1366 2486 baptizat0,
1385 2403 1454 2460 etc.
1469 2416 1487 2456 n
1515 2388 1630 2477 Quid,
1653 2389 1821 2484 inquam,
1845 2389 1912 2460 nisi
1928 2390 2024 2484 quia,

439 2532 478 2589 ut
503 2517 608 2605 dixit,
645 2529 785 2613 partem
815 2513 934 2584 Mariae
958 2511 1218 2610 praeferendam
1235 2511 1375 2582 censuit
1396 2511 1491 2608 parti
1515 2509 1683 2598 Marthae,
1706 2510 1862 2606 quietem
1891 2509 2025 2580 scilicet

436 2634 751 2733 contemplationis
774 2631 1007 2704 sollicitudini
1034 2647 1071 2702 et
1093 2631 1227 2703 crebris
1249 2629 1581 2728 perturbationibus
1610 2630 1753 2702 saeculi?
1780 2629 1917 2717 Quibus
1944 2631 2022 2728 qui·

436 2755 519 2828 dem
552 2752 853 2827 sollicitudinibus
889 2765 1085 2848 occupatus
1118 2748 1310 2848 Apostolus
1338 2749 1556 2845 ingemiscit,
1591 2747 1757 2822 dicens*:
1775 2776 1792 2816 u
1808 2752 1937 2820 Praeter
1967 2748 2026 2822 illa

434 2901 513 2975 quae
529 2876 747 2948 extrinsecus
768 2886 869 2962 sunt,
892 2873 1062 2944 instantia
1083 2870 1419 2968 mea,'qu0tidiana
1439 2869 1643 2966 sollicitudo
1665 2871 1829 2942 omnium
1851 2869 2024 2944 Ecclesia·

433 3019 527 3066 rum.
540 2996 628 3082 Quis
639 2994 855 3082 infirmatur,
868 3007 905 3064 et
913 3017 984 3088 ego
997 3017 1073 3063 non
1085 2990 1269 3064 infirmor?
1281 2991 1369 3078 Quis
1379 2990 1652 3080 scandalizatur,
1668 3005 1704 3062 et
1719 3015 1786 3087 ego
1801 3016 1879 3063 non
1891 2993 2020 3064 orori»

433 3120 473 3186 ln
497 3114 628 3212 quibus
645 3113 793 3211 quidem
819 3110 1117 3211 occupationibus
1142 3125 1250 3208 atque
1272 3111 1444 3183 molestiis
1465 3135 1576 3208 quam
1596 3109 1742 3182 difficile
1763 3111 1808 3182 sit
1833 3115 2021 3209 puritatem

431 3235 612 3308 custodire
639 3235 787 3325 mentis,
813 3249 851 3306 et
875 3249 1018 3306 terrena
1043 3233 1173 3305 itinera
1190 3233 1267 3304 sine
1282 3231 1404 3330 aliquo
1420 3232 1576 3331 pulveris
1594 3232 1763 3327 contagio
1780 3231 2017 3330 frequentare,

430 3355 506 3456 ipse
532 3355 709 3426 Dominus
734 3366 899 3451 patenter
924 3353 1092 3442 edocuit,
1122 3378 1235 3451 quum
1261 3351 1371 3450 pedes
1396 3351 1645 3449 apostolorum
1669 3350 1821 3424 abluere
1849 3352 2015 3426 decrevit.

430 3473 538 3561 Quod
562 3459 751 3568 diligenter
773 3476 914 3570 Sponsa
937 3473 976 3541 in
999 3473 1145 3542 Cantico
1170 3473 1397 3542 Canticoram
1422 3471 1629 3560 attendens,
1657 3473 1798 3569 Sponso
1820 3472 1867 3545 ad
1890 3475 2017 3545 ostium

430 3593 505 3690 ejus
521 3591 695 3689 pulsanti,
711 3606 764 3680 et,
783 3605 823 3662 ut
840 3590 886 3662 de
901 3588 1033 3661 lectulo
1050 3613 1198 3686 surgens
1214 3590 1248 3660 ei
1264 3591 1400 3687 aperiat
1416 3591 1569 3686 roganti,
1593 3588 1744 3688 provide
1765 3590 1821 3663 his
1842 3591 1960 3666 verbis
1981 3617 2016 3666 se

428 3717 589 3787 excusat⁸
604 3741 611 3784 :
627 3742 644 3782 u
659 3711 861 3810 Exspoliavi
878 3736 936 3783 me
953 3712 1075 3784 tunica
1096 3736 1194 3801 mea,
1214 3711 1401 3811 quomodo
1418 3712 1547 3784 induar
1564 3711 1646 3784 illa?
1666 3714 1753 3785 Lavi
1772 3714 1883 3811 pedes
1903 3739 2013 3802 meos,

428 3832 616 3933 quomodo
641 3830 842 3928 inquinabo
864 3830 964 3914 illos?
978 3859 996 3898 ιι
1021 3830 1117 3918 Quid
1140 3832 1238 3904 enim
1264 3831 1413 3903 lectulus
1430 3835 1595 3930 Sponsae,
1615 3833 1684 3904 nisi
1700 3833 1802 3930 quies
1821 3849 1876 3907 est
1892 3836 2016 3907 animae

427 3953 732 4051 contemplativae,
762 3966 798 4024 et
822 3975 843 4023 a
867 3950 1168 4025 sollicitudinibus
1192 3967 1228 4024 et
1252 3952 1347 4024 curis
1371 3951 1488 4024 saeculi
1512 3953 1679 4024 remotae?
1704 3957 1791 4040 Quae
1814 3954 1963 4051 quidem
1978 3957 2013 4026 in

426 4073 581 4146 claustro
595 4072 697 4170 quasi
715 4095 848 4170 sponsa
861 4072 899 4142 in
911 4070 1086 4160 thalamo,
1100 4087 1202 4144 tanto
1219 4070 1372 4170 amplius
1388 4076 1465 4143 Deo
1482 4087 1599 4163 vacat,
1613 4086 1650 4144 et
1665 4075 1796 4144 arctius
1813 4075 1845 4146 ei
1862 4089 1942 4146 toto
1958 4075 2014 4147 ad·

424 4183 609 4289 stringitur
627 4191 822 4280 desiderio,
836 4205 974 4289 quanto
991 4190 1132 4288 longius
1146 4190 1193 4263 ab
1209 4191 1507 4288 occupationibus
1523 4192 1642 4264 saeculi
1656 4207 1794 4264 remota
1812 4206 1878 4282 est,
1892 4207 1929 4264 et
1939 4195 2011 4291 jam

424 4314 460 4385 in
478 4328 617 4386 secreto
633 4311 831 4384 coelestium
847 4335 1072 4384 camerarum
1098 4336 1164 4410 per
1187 4312 1535 4411 contemplationem
1557 4314 1657 4384 itaci
1677 4313 1871 4410 conjuncta
1885 4331 1955 4404 est,
1974 4330 2011 4388 ut

423 4436 469 4510 sit
492 4460 585 4506 unus
603 4459 685 4506 cum
703 4438 780 4506 Deo
798 4433 956 4531 spiritus,
976 4434 1075 4529 juxta
1089 4433 1190 4529 quod
1206 4433 1253 4505 de
1268 4433 1376 4507 beato
1394 4436 1547 4507 Martino
1561 4426 1711 4531 legitur}
1729 4463 1747 4504 ιι
1761 4441 1864 4508 artus
1880 4438 2009 4536 quippe

422 4554 623 4628 fatiscentes
647 4553 786 4652 spiritui
811 4553 945 4624 servire
966 4552 1134 4650 cogebat,
1157 4568 1342 4651 stratuque
1358 4579 1424 4627 suo
1440 4554 1635 4645 recubans,
1653 4580 1721 4626 nec
1741 4569 1875 4627 terram
1892 4555 2008 4628 videre

420 4690 494 4748 tam
511 4674 698 4771 dignatus,
718 4671 809 4744 coelo
834 4687 930 4744 totus
952 4671 1127 4745 inhiabat.
1141 4700 1158 4740 ιι
1182 4672 1236 4745 td
1262 4673 1371 4745 talem
1387 4672 1508 4747 lectuli
1525 4675 1684 4772 quietern
1698 4673 2008 4772 contemplationis

420 4811 598 4870 secretum
620 4799 782 4894 Sponsus
798 4795 947 4868 veniens
967 4794 1036 4870 sibi
1062 4795 1192 4894 aperiri
1215 4795 1391 4895 postulat,
1410 4822 1524 4895 quum
1549 4795 1650 4895 plebs
1670 4796 1866 4869 christiana
1884 4798 2007 4870 animae

452 5106 460 5133 ¹
481 5103 558 5170 Epist.
578 5117 634 5162 xcv,
651 5101 723 5165 opp„
734 5111 752 5152 t.
766 5099 809 5163 lV,
821 5112 885 5167 part.
897 5101 935 5162 ll,
947 5101 996 5155 col.
1007 5104 1066 5152 ttt.
1075 5127 1108 5141 -
1118 5100 1128 5129 ¹
1139 5103 1218 5171 Epist.
1229 5119 1303 5168 xnn,
1320 5105 1394 5170 opp„
1406 5115 1425 5158 t.
1440 5105 1482 5170 tv,
1496 5115 1560 5172 part.
1577 5105 1614 5166 ll,
1632 5105 1681 5159 col.
1696 5105 1737 5156 36.
1749 5133 1781 5145 -
1792 5106 1802 5135 ⁸
1813 5109 1884 5170 Luc,
1897 5121 1953 5176 cap.
1966 5123 2003 5168 ιιι,

418 5213 441 5247 ι.
454 5195 496 5245 21.
507 5220 535 5230 -
547 5190 558 5218 ⁴
570 5189 679 5243 catara.
692 5189 726 5250 ll,
736 5203 792 5256 cap.
800 5206 835 5251 n,
845 5205 869 5242 ι.
882 5191 923 5244 28.
932 5189 982 5230 -“
993 5189 1098 5253 cenna,
1108 5207 1164 5259 cap·
1175 5209 1200 5255 v,
1212 5209 1237 5244 ι.
1248 5194 1274 5244 a.
