4522 6102
475 679 545 749 tas
910 672 1036 742 PETRI
1063 668 1297 742 ABAEttltnt
1322 667 1378 740 ΕΤ
1401 670 1625 741 HELOlSSAE

474 829 717 914 operarentur.
739 811 837 882 Tales
847 811 1009 910 prolecto
1027 810 1075 881 illi
1098 825 1201 882 erant
1222 809 1402 908 discipuli,
1423 809 1554 906 quibus
1567 809 1798 881 incastellum
1817 812 1946 882 Emaus
1964 837 2046 883 eun

475 935 583 1023 tibus,
601 951 635 1005 ct
655 931 882 1030 loquentibus
900 931 1098 1002 adinvicem
1113 930 1160 1001 de
1178 931 1234 1000 his
1252 929 1419 1002 omnibus
1435 953 1514 1028 quae
1532 929 1735 1002 acciderant
1752 931 1838 1030 ipsi,
1863 934 2043 1028 apparuit,

474 1069 507 1124 et
526 1077 651 1125 eorum
669 1052 975 1149 desperationem¹
994 1050 1156 1122 correxit.
1172 1049 1267 1136 Quid
1286 1050 1439 1146 denique
1454 1053 1577 1121 Petrus
1592 1049 1649 1119 vel
1667 1051 1781 1122 <aeteri
1795 1049 2046 1148 discipulorum

474 1188 599 1270 praeter
612 1171 722 1242 verba
742 1185 828 1242 tunc
844 1169 1068 1258 habuerunt,
1088 1188 1201 1266 quum
1219 1168 1265 1239 ad
1284 1168 1498 1240 dominicam
1513 1182 1658 1239 rentum
1674 1184 1765 1240 esset
1777 1171 1995 1267 passionem,
2017 1185 2048 1241 et

474 1293 548 1389 ipse
577 1275 753 1361 Dominus
780 1287 939 1361 futurum
970 1291 1021 1361 eis
1047 1289 1092 1360 de
1123 1289 1287 1386 passione
1311 1311 1374 1360 sua
1397 1288 1605 1360 scandalum
1637 1288 1884 1385 predixisset?
1913 1319 1931 1356 a
1965 1293 2047 1361 Etsi

476 1433 612 1497 ornnes,
626 1439 643 1476 >r
655 1409 770 1506 inquit
778 1411 930 1498 Petms',
949 1437 967 1476 u
981 1407 1204 1479 scandalizati
1215 1407 1386 1479 Denntin
1402 1421 1452 1496 te,
1467 1431 1534 1504 ego
1542 1429 1725 1504 nunquam
1739 1407 2013 1480 scandalizabor.
2031 1439 2046 1472 a

477 1534 519 1598 Et
541 1531 669 1600 iterum
681 1532 711 1598 ⁸:
731 1529 880 1598 «Etiam
904 1527 934 1598 si
952 1529 1149 1626 oportuerit
1167 1551 1229 1597 me
1250 1527 1342 1597 mori
1361 1542 1495 1616 tecum,
1517 1549 1590 1596 non
1611 1541 1645 1598 te
1663 1525 1813 1622 negabo.
1835 1527 2000 1599 Similiter
2017 1543 2049 1598 et

477 1671 603 1718 omnes
617 1646 781 1743 discipuli
794 1646 969 1717 dixerunt.
991 1673 1008 1710 u
1024 1647 1217 1733 Dixerunt,
1235 1646 1403 1742 inquam,
1424 1645 1543 1742 potius
1561 1667 1668 1740 quam
1686 1645 1855 1716 fecerunt.
1878 1645 1939 1718 ille
1953 1647 2049 1716 anim

478 1767 612 1863 primus
626 1781 660 1836 et
675 1765 847 1838 maximus
858 1764 1124 1864 apostolorum,
1146 1765 1208 1862 qui
1227 1779 1361 1836 tantam
1374 1767 1410 1835 in
1425 1764 1542 1836 verbis
1553 1763 1726 1835 lrabuerat
1741 1767 1992 1854 constantiam,
2014 1782 2050 1836 ut

478 1886 635 1955 Domino
651 1885 810 1956 diceret‘
831 1913 839 1956 z
868 1913 885 1953 a
905 1889 1036 1956 Tecum
1060 1900 1202 1983 paratus
1229 1905 1308 1955 sum
1326 1898 1361 1955 et
1384 1886 1420 1954 in
1446 1907 1643 1972 carcerem,
1664 1885 1752 1954 etin
1773 1899 1924 1955 mortem
1943 1887 2014 1973 ire;
2032 1913 2049 1948 »

479 2005 535 2073 cui
554 2019 639 2074 tunc
657 2019 691 2074 et
710 2006 884 2076 Dominus
904 2004 1096 2075 Ecclesiam
1115 2027 1214 2074 suam
1233 2003 1428 2102 specialiter
1445 2004 1692 2092 committens,
1718 2002 1896 2076 dixerat':
1917 2031 1936 2071 u
1956 2009 1999 2074 tn
2016 2020 2051 2074 tu

479 2122 670 2218 aliquando
680 2147 872 2195 conversus
883 2122 1056 2194 confirma
1070 2122 1192 2194 fratres
1204 2138 1322 2212 tuos,u
1333 2123 1380 2194 ad
1390 2145 1499 2194 unam
1513 2121 1646 2196 aneillae
1660 2143 1786 2193 vocem
1801 2123 1916 2218 ipsum
1925 2145 2054 2218 negare

479 2265 553 2311 non
569 2257 721 2312 veretur.
744 2245 815 2314 Nec
829 2243 936 2314 semel
958 2242 995 2313 id
1018 2243 1103 2338 agit,
1125 2241 1188 2313 sed
1209 2243 1313 2312 tertio
1328 2243 1445 2339 ipsum
1463 2241 1581 2313 adhuc
1600 2243 1776 2313 viventem
1795 2241 1965 2337 denegat,
1982 2257 2052 2312 eta

480 2361 560 2430 viro
578 2362 709 2458 pariter
726 2385 852 2433 omues
865 2361 1028 2459 discipuli
1042 2383 1114 2432 uno
1134 2363 1302 2458 temporis
1318 2377 1452 2460 puncto
1466 2359 1635 2458 fugiendo
1653 2359 1842 2430 devolant:
1864 2385 1971 2457 aquo
1990 2383 2055 2430 nec

480 2478 515 2546 in
531 2493 646 2549 morte
664 2477 720 2548 vel
738 2495 858 2550 ruente
875 2479 932 2550 vel
945 2502 1098 2578 corpore
1116 2480 1254 2550 feminae
1266 2495 1347 2552 sunt
1361 2479 1554 2574 disjunctae.
1572 2483 1731 2565 Quarum
1750 2478 1851 2550 beata
1864 2479 1923 2550 illa
1935 2503 2057 2577 pecca-

481 2597 547 2665 trix
573 2613 755 2669 mortuum
775 2600 882 2670 etiam
906 2621 1084 2696 quarens,
1115 2615 1151 2670 ct
1175 2599 1370 2670 Dominum
1401 2623 1505 2669 suurn
1525 2596 1719 2686 confitens,
1736 2598 1784 2668 ait
1797 2601 1829 2666 ⁶:
1849 2625 1868 2664 a
1888 2597 2057 2668 Tulerunt

479 2716 673 2787 Dominum
687 2715 734 2788 de
753 2731 1000 2788 monumento.
1021 2745 1039 2784 u
1064 2723 1106 2788 Et
1119 2719 1293 2788 iterumlr
1313 2745 1330 2784 a
1350 2719 1385 2787 si
1400 2732 1438 2788 tu
1457 2715 1625 2788 sustulisti
1642 2739 1745 2818 eum,
1763 2717 1872 2788 dicito
1893 2716 1981 2786 mihi
1995 2715 2057 2785 ubi

479 2837 626 2930 posuisti
638 2841 659 2924 ⁸,
682 2853 717 2908 ct
740 2861 806 2933 ego
823 2861 906 2908 eum
920 2838 1054 2909 tollam.
1074 2865 1091 2904 a
1111 2839 1262 2934 Fugiunt
1287 2839 1429 2926 arietes,
1458 2838 1532 2906 imo
1556 2851 1591 2907 et
1610 2852 1769 2932 pastores
1786 2837 1958 2907 dominici
1976 2861 2061 2930 gre-

479 2955 530 3048 gis
546 2971 755 3028 :remanent
774 2981 860 3028 oves
873 2958 1069 3055 intrepidae.
1087 2960 1209 3054 Arguit
1226 2958 1294 3028 hos
1307 2958 1482 3027 Dominus
1500 2971 1670 3052 tanquam
1688 2953 1867 3025 infirmam
1890 2979 2057 3044 caruem,

479 3073 577 3167 quod
589 3077 624 3145 in
643 3075 791 3147 articulo
818 3078 924 3147 etiam
949 3079 1123 3173 passionis
1147 3103 1217 3149 suec
1238 3103 1305 3148 nec
1326 3101 1396 3146 una
1413 3075 1503 3147 hora
1520 3100 1603 3146 cum
1621 3099 1665 3146 eo
1684 3089 1879 3173 potuerunt
1900 3075 2058 3170 vigilare.

361 3215 364 3238 ⁴
480 3196 683 3264 insomnem
702 3195 748 3264 ad
760 3195 963 3291 sepulcrum
979 3195 1072 3264 illius
1086 3209 1229 3265 noctem
1242 3197 1279 3264 in
1292 3195 1455 3290 lacrymis
1474 3195 1611 3265 feminae
1631 3195 1823 3284 ducentes,
1845 3197 2063 3291 resurgentis

481 3308 629 3404 gloriam
650 3313 774 3407 primae
792 3311 912 3382 videre
938 3327 1155 3394 meruerunt.
1181 3313 1246 3382 Cui
1271 3311 1422 3381 fideliter
1441 3314 1477 3380 in
1504 3327 1655 3383 mortem
1677 3327 1851 3407 quantum
1873 3312 2064 3384 dilexerint

482 3429 619 3519 vivum,
636 3453 709 3500 non
729 3443 802 3500 tarn
814 3429 932 3500 verbis
944 3453 1052 3525 quam
1071 3428 1176 3501 rebus
1194 3429 1442 3501 exhibuerunt.
1463 3433 1506 3500 Et
1525 3431 1570 3501 de
1583 3432 1658 3527 ipsa
1679 3433 1804 3518 etiam,
1820 3437 1952 3528 quam⁹
1969 3435 2067 3502 circa

481 3547 556 3641 ejus
569 3549 770 3645 passionem
785 3563 820 3620 ct
835 3563 988 3619 mortem
1007 3549 1510 3638 habueruntsollicitndinem,
1532 3529 1746 3646 resurgentis
1764 3553 1835 3621 rita
1847 3553 1970 3649 primae
1979 3567 2069 3622 sunt

482 3663 671 3736 laetificatae.
689 3669 810 3751 Quum
820 3668 935 3755 enirn,
952 3667 1148 3738 secundum
1162 3673 1353 3756 loannem,
1368 3668 1498 3766 loseph
1513 3669 1559 3739 ab
1573 3669 1783 3756 armathia,
1797 3684 1833 3739 et
1847 3670 2073 3740 Nicodamus

482 3809 611 3883 corpus
624 3785 769 3856 Domini
783 3786 929 3884 ligantes
943 3787 1059 3859 linteis
1069 3811 1152 3859 cum
1161 3788 1379 3860 aromatibus
1392 3788 1598 3886 sepelirent3
1615 3789 1722 3858 relert
1734 3792 1873 3860 Marcus
1886 3789 2074 3860 deearum

483 3907 616 3996 studio,
637 3909 737 4006 quod
748 3909 858 3980 Maria
870 3909 1075 4006 Magdaleue
1089 3926 1125 3982 et
1135 3913 1243 3982 Maria
1262 3911 1394 4008 loseph
1412 3909 1628 4009 aspiciebant
1647 3908 1707 3980 ubi
1719 3927 1925 4008 poneretur.
1943 3911 2075 3981 Deliis

483 4049 626 4123 quoque
640 4033 750 4099 Lucas
768 4045 1026 4100 commemorat
1043 4030 1165 4101 dicens
1178 4035 1198 4068 ¹⁰
1213 4057 1221 4099 ε
1239 4059 1257 4096 a
1279 4033 1413 4100 Secutae
1430 4045 1549 4100 autem
1572 4029 1755 4118 mulieres,
1776 4053 1855 4126 quta
1875 4053 1957 4100 cum
1981 4035 2077 4102 lesu

484 4161 654 4217 venerant
671 4146 717 4218 de
736 4147 897 4236 Galilaea,
925 4149 1091 4220 viderunt
1114 4162 1406 4237 monumentum,
1424 4163 1460 4219 et
1481 4147 1787 4244 quemadmodum
1813 4151 1971 4247 positum
1990 4167 2079 4222 erat

483 4287 613 4360 corpus
640 4265 732 4360 ejus,
754 4282 789 4336 et
814 4281 1027 4339 revertentes
1044 4281 1259 4365 paraverunt
1285 4279 1491 4337 aromata.»
1512 4271 1584 4338 Nec
1604 4268 1686 4337 satis
1708 4266 1871 4338 videlicet
1891 4267 2082 4340 habentes

483 4391 640 4456 aromata
653 4385 854 4475 Nicodcmi,
875 4387 942 4458 nisi
956 4403 992 4458 et
1004 4386 1178 4458 adderent
1195 4409 1270 4458 sua.
1293 4389 1337 4456 Et
1359 4385 1506 4457 sabbato
1517 4386 1662 4484 quidem
1682 4384 1855 4458 siluerunt
1865 4387 2083 4459 secundum

486 4505 712 4594 mandatum
740 4507 840 4602 juxta
862 4511 1021 4578 Marcum
1043 4531 1146 4596 vero,
1167 4529 1279 4603 quum
1301 4509 1482 4578 transisset
1502 4506 1704 4594 sabbatum,
1726 4529 1869 4577 summo
1890 4531 2000 4578 mane
2039 4510 2083 4578 in

484 4624 561 4718 ipso
580 4623 638 4694 die
659 4626 928 4696 resurrectionis
946 4639 1120 4696 venerunt
1145 4625 1191 4694 ad
1221 4639 1495 4696 monumentum
1518 4625 1626 4695 Maria
1648 4623 1871 4719 Magdalene‚
1897 4639 1934 4695 et
1956 4628 2088 4697 Maria

485 4740 624 4829 lacobi‚
650 4756 686 4813 et
711 4744 863 4816 Salome.
889 4749 991 4816 Nunc
1012 4744 1183 4846 quoniam
1210 4743 1437 4816 devotionem
1461 4769 1582 4816 earum
1614 4744 1857 4834 ostendimus,
1886 4743 2090 4819 honorem

484 4883 591 4955 quem
630 4863 824 4934 meruerint
840 4868 857 4902 ¹¹
883 4887 1153 4961 prosequamur.
1181 4865 1299 4934 Primo
1336 4865 1492 4960 angelica
1521 4865 1658 4935 visione
1684 4875 1766 4934 sunt
1801 4863 1993 4934 consolata
2033 4867 2093 4937 de

519 5085 616 5146 ‘Spem
630 5087 748 5148 objectum
765 5085 899 5138 ints-¹
912 5087 1008 5148 nant..
1024 5103 1078 5153 cap.
1094 5103 1201 5150 unu.
1217 5089 1257 5137 33.
1290 5086 1463 5138 -·⁸Posut'sti
1484 5103 1536 5137 eum
1557 5087 1586 5137 D.
1601 5087 1651 5123 ·-'
1668 5089 1728 5148 Ouia
1750 5086 1801 5136 ΜΒ.
1822 5085 1891 5137 tub.
1904 5113 1933 5122 -
1950 5085 1974 5112 ¹⁰
1998 5087 2095 5140 Luc..

487 5193 514 5204 ·-
529 5167 625 5228 'lbid.‚
636 5183 659 5218 v.
675 5171 715 5219 tt.
726 5171 779 5208 ω’
793 5172 863 5234 Luc„
880 5187 936 5238 cap.
947 5188 1015 5230 xxn.
1027 5188 1050 5223 r.
1065 5175 1106 5222 tt.
1119 5197 1149 5210 -
1160 5173 1171 5199 ⁸
1184 5172 1259 5232 thid..
1292 5187 1347 5238 cap.
1360 5189 1436 5232 xxm,
1447 5187 1469 5221 r.
1482 5173 1513 5221 ⁵⁵
1524 5181 1548 5220 et
1559 5171 1598 5220 56.
1609 5195 1638 5206 -
1651 5172 1669 5198 “
1682 5171 1819 5221 umerum
1829 5169 1858 5219 tt.

485 5269 506 5303 ν.
523 5251 617 5302 32.·-⁸
628 5253 710 5314 loen,
722 5271 777 5320 cap.
789 5271 858 5316 xxm.
871 5257 945 5306 2.-¹
956 5256 1037 5317 loun..
1050 5271 1104 5322 cap.
1119 5273 1167 5318 xx,
1180 5272 1204 5306 r.
1219 5259 1256 5306 15.
