4522 6104
458 591 530 662 722
741 534 778 673 ¹,
1128 559 1364 660 urceum.

457 725 694 798 Molendinum
708 723 753 796 de
762 722 925 812 erlleto,
941 721 1107 796 culturam
1122 738 1155 794 et
1168 723 1330 819 quasdam
1341 722 1421 794 alios
1439 736 1558 812 terras,
1571 747 1655 818 quas
1668 721 1849 794 Hilduinus
1864 727 2034 812 Uanus,

458 861 492 914 et
510 843 676 940 &gainus
692 841 797 914 frater
817 841 901 936 ejus,
923 856 958 914 et
973 843 1108 938 cognati
1124 866 1242 914 comm
1262 842 1467 914 monnnerio
1483 855 1595 912 vestm
1614 840 1793 912 dedemnt.
1819 840 2036 912 Medietatem

458 964 550 1034 furni
562 963 605 1032 de
619 962 799 1051 Quinceio,
813 959 1115 1034 etvineamltaboel
1126 961 1169 1032 de
1182 960 1359 1034 edurat
1380 961 1554 1057 Quicquid
1563 962 1713 1056 Arpinus
1723 959 1765 1030 de
1782 961 1933 1030 Ματίωο
1945 976 2037 1032 tene·

458 1085 515 1153 bat
530 1083 576 1152 de
591 1081 691 1152 feodo
711 1079 871 1170 Milonis,
894 1105 934 1152 ex
951 1080 1009 1152 illa
1028 1096 1124 1176 parte
1155 1082 1317 1176 Quane
1338 1082 1372 1150 in
1394 1105 1464 1176 que
1482 1079 1723 1152 monasterium
1743 1094 1805 1150 est.
1832 1081 1972 1150 Terram
1995 1079 2037 1150 de

459 1207 734 1291 Busseto,terras
746 1225 830 1296 quos
847 1201 978 1272 habetis
993 1200 1085 1297 opud
1101 1203 1327 1272 fontanetum
1344 1203 1552 1289 Petrosum',
1568 1215 1603 1270 et
1618 1199 1711 1295 apud
1726 1199 1862 1270 Bociam
1872 1199 2034 1292 Vagonis,

459 1337 494 1390 et
511 1322 546 1389 in
562 1318 648 1390 valle
658 1317 761 1390 Faiel.
779 1319 938 1408 Quatuor
954 1303 1055 1390 ochos
1070 1317 1113 1389 de
1130 1333 1220 1388 terra
1236 1318 1326 1413 apud
1342 1319 1535 1406 Fermum⁸,
1551 1317 1765 1388 medietatem
1775 1317 1878 1388 totius
1893 1321 2037 1388 nemoris

460 1457 494 1508 et
513 1456 610 1510 terrm
627 1437 672 1512 de
685 1436 863 1510 Furuellis.
881 1441 1006 1510 Decem
1016 1439 1137 1533 jugera
1152 1453 1250 1508 terrae
1267 1437 1357 1532 apud
1375 1438 1631 1516 Booennaium⁵.
1652 1438 1802 1508 Tertiam
1816 1453 1947 1531 partem
1964 1463 2037 1506 mo-
2164 1495 2174 1513 .

461 1559 591 1632 leodini
601 1556 758 1630 molentis
769 1572 804 1630 ct
819 1573 945 1632 sextam
963 1558 1115 1647 terentis,
1127 1573 1161 1628 et
1173 1573 1279 1630 totam
1290 1559 1510 1653 piscationem
1522 1583 1625 1654 qaum
1638 1557 1746 1628 Maria
1760 1557 1803 1626 de
1814 1555 1970 1628 Balbusia
1980 1559 2038 1630 lm·

460 1679 561 1748 hehet
578 1678 673 1772 apud
687 1681 833 1767 Pontos,
848 1693 883 1748 ct
899 1693 1024 1750 terram
1042 1678 1131 1774 apud
1145 1676 1373 1750 Pomemlos¹.
1391 1677 1546 1750 Medium
1558 1677 1719 1748 frumenti
1734 1676 1874 1771 singulis
1885 1681 1982 1748 annis
1996 1680 2037 1748 ab

462 1797 583 1868 illustri
605 1799 728 1870 comite
749 1795 946 1868 Theobuldo
962 1798 1059 1868 vobis
1078 1798 1261 1884 donatum,
1282 1791 1440 1868 ettotam
1458 1798 1677 1894 piscationem
1697 1797 1733 1866 in
1754 1795 1956 1866 molendinis
1973 1799 2038 1868 suis

462 1917 550 2010 apud
567 1919 703 1986 Pontes.
722 1917 868 1984 Vineam
881 1940 986 2008 quam
998 1915 1093 1986 dedit
1110 1917 1206 1984 vobis
1220 1915 1394 1985 Bersridus
1410 1917 1452 1986 de
1469 1914 1632 2004 Calestra,
1648 1931 1683 1984 et
1693 1915 1872 1986 duodecim
1885 1915 2038 1991 denarios

462 2060 578 2105 census
595 2035 684 2130 apud
701 2049 851 2104 sanctum
865 2031 1072 2122 Ferreolum,
1084 2032 1216 2102 vineam
1227 2033 1317 2128 apud
1332 2032 1530 2124 Calestram,
1545 2059 1681 2108 censum
1691 2033 1842 2129 quinque
1855 2032 2038 2106 solidorum

463 2157 498 2222 in
515 2153 634 2224 eodem
650 2152 738 2224 loco.
757 2150 858 2247 Apud
874 2154 1028 2222 Montcm
1045 2154 1224 2222 Portarum
1242 2176 1377 2222 oeusum
1393 2152 1496 2222 trium
1513 2151 1709 2222 solidorum.
1730 2155 1870 2222 Terram
1890 2154 1932 2223 de
1944 2157 2039 2225 Croi-

463 2299 548 2344 sum.
564 2275 685 2342 Totam
695 2287 833 2360 terram,
846 2295 947 2366 quam
963 2269 1160 2361 Rainaldus,
1175 2270 1263 2342 filius
1274 2270 1426 2361 Milonis,
1445 2271 1592 2341 habebat
1606 2273 1644 2340 in
1656 2273 1860 2367 Murgeoris,
1879 2297 1957 2342 usus
1974 2299 2038 2343 ne-

464 2417 597 2462 morum
615 2391 658 2461 de
674 2388 856 2485 Gurgiuolt
877 2388 976 2466 etde
994 2389 1133 2480 Poiseo,
1155 2389 1197 2460 de
1210 2389 1431 2480 Maceilliaco,
1449 2389 1492 2460 de
1512 2391 1691 2460 Charmeio
1705 2405 1739 2459 et
1753 2393 1906 2461 omnium
1928 2418 2038 2463 nemo-

464 2535 539 2579 rum
566 2506 691 2578 Anselli
712 2507 757 2577 de
776 2505 967 2602 Triagnello
991 2523 1059 2577 tam
1082 2507 1125 2578 ad
1148 2523 1318 2602 pasturam
1346 2533 1506 2604 pecorum
1529 2533 1629 2602 quam
1651 2507 1693 2578 od
1715 2508 1868 2597 mdilicia,
1893 2535 1954 2580 sou
1981 2511 2040 2581 alia

465 2628 660 2700 necessaria.
689 2629 835 2697 Censum
851 2627 1001 2722 quinque
1024 2625 1210 2698 solidorum
1229 2629 1262 2697 in
1281 2643 1385 2722 ponte
1406 2627 1449 2697 de
1468 2626 1709 2718 Baldimento⁸,
1729 2643 1762 2697 et
1781 2652 1836 2697 sex
1858 2627 1984 2700 solidos
2007 2634 2039 2700 in

465 2749 660 2820 molendino
676 2749 721 2817 de
736 2750 959 2837 Canturanae,
977 2763 1011 2818 et
1029 2750 1181 2843 quinque
1195 2748 1320 2819 solidos
1338 2749 1373 2817 in
1391 2749 1502 2818 Oscha
1521 2747 1668 2837 Thcold,
1688 2748 1778 2842 apud
1795 2749 1993 2844 Gurgiuolt,
2010 2768 2041 2820 et

465 2869 597 2938 vineam
609 2866 650 2936 de
667 2867 761 2937 fonte
781 2868 906 2956 Beton,
927 2881 962 2936 et
982 2867 1143 2962 quioquid
1159 2865 1346 2969 Willelmus
1364 2866 1509 2936 habebat
1526 2868 1562 2935 in
1582 2881 1680 2962 prato
1698 2865 1890 2956 Gandelcu;
1912 2870 2039 2940 vineam

466 2988 508 3056 de
521 2986 658 3056 Saldon.
671 2989 720 3054 Ex
732 2985 823 3056 dono
838 2985 989 3056 Gnuterii
1001 2986 1042 3054 de
1056 2986 1261 3055 Curternaim
1274 2985 1359 3055 duos
1372 2987 1530 3056 sextarios
1540 2984 1679 3081 siliginis
1690 2983 1828 3081 singulis
1838 2988 1946 3057 annis.
1962 2992 2040 3057 Ter

468 3129 538 3172 ram
557 3104 599 3172 de
613 3101 766 3172 Tilliaco.
785 3102 955 3197 Quicquid
969 3101 1116 3198 legitime
1132 3103 1262 3174 habetis
1277 3129 1317 3172 ex
1333 3102 1425 3173 dono
1444 3101 1594 3174 Herculii
1611 3103 1654 3172 de
1670 3101 1782 3174 Insula
1799 3103 1890 3199 apud
1903 3103 2039 3174 Villam-

468 3226 597 3295 Novam
610 3240 643 3292 et
658 3222 868 3318 Tranqueil⁷.
888 3225 1027 3292 Terram
1041 3222 1084 3292 de
1096 3224 1250 3318 Spineto,
1270 3239 1393 3294 terram
1410 3222 1499 3318 apud
1518 3225 1678 3312 Gummi,
1695 3239 1820 3293 terram
1837 3224 1926 3318 apud
1944 3229 2039 3294 Sum·

468 3343 748 3430 mum-Fontem,
769 3357 802 3411 ct
815 3341 907 3436 apud
917 3339 1155 3412 Trembleium.
1172 3339 1409 3412 Molendinum
1419 3342 1461 3410 de
1471 3345 1617 3412 Bassam.
1633 3341 1849 3412 Medietatem
1860 3341 2039 3413 molendini

468 3462 511 3529 de
522 3463 615 3530 fonte
632 3465 751 3532 Amen.
769 3465 906 3530 Partem
922 3459 1109 3530 molendini
1126 3463 1245 3556 pagani
1262 3462 1304 3531 de
1320 3465 1422 3533 Frou.
1443 3463 1614 3557 Quicquid
1632 3462 1761 3534 habetis
1777 3463 1867 3558 apud
1882 3461 2038 3534 Planteiz.

470 3585 615 3648 Censura
633 3604 689 3647 sex
705 3579 922 3647 ‹leuariorum
940 3578 983 3646 ab
1003 3579 1134 3648 Uberoo
1151 3581 1193 3650 de
1215 3582 1409 3676 Tranqueil.
1431 3581 1601 3678 Quicquid
1618 3580 1823 3652 Thehelinus
1843 3581 1986 3652 babebat
2010 3584 2044 3652 in

469 3696 590 3768 eodem
605 3696 680 3766 loco
700 3711 823 3790 praeter
839 3697 1006 3767 homines.
1024 3699 1159 3768 Tetram
1176 3700 1283 3770 Amici
1305 3702 1418 3771 militis
1436 3701 1478 3772 de
1498 3703 1775 3772 Summo-Fonte.
1797 3701 1966 3796 Quicquid
1983 3705 2045 3771 Er·

471 3816 684 3911 mengardius
707 3815 870 3888 Postellus
888 3817 1034 3888 habebat
1051 3820 1088 3888 in
1109 3820 1311 3891 molendinis
1333 3823 1572 3893 canonicorum
1589 3821 1687 3892 vittae
1703 3825 1939 3910 Maurorum’,
1960 3825 2044 3891 etin

471 3934 578 4004 hortis
595 3931 684 4004 ultra
699 3949 838 4030 pontem
852 3939 968 4006 Vane.
993 3939 1128 4007 Partem
1144 3939 1354 4032 piscationis,
1376 3963 1475 4033 quam
1494 3939 1585 4008 Felix
1602 3939 1747 4008 habebat
1763 3939 1799 4008 in
1816 3963 1904 4033 aqua
1919 3943 2044 4010 Beroen·

471 4055 559 4141 naii,
580 4068 614 4124 et
630 4070 760 4148 partem
779 4079 880 4149 quam
897 4055 1042 4125 habehat
1058 4056 1094 4124 in
1111 4071 1200 4126 terra
1218 4057 1415 4144 Scrolrium,
1434 4073 1469 4128 et
1484 4083 1619 4128 censum
1635 4058 1781 4128 duorum
1798 4055 1985 4128 solidorum
2003 4060 2043 4129 ab

471 4173 602 4244 eodem.
622 4177 772 4260 Terram,
792 4176 825 4243 in
844 4199 911 4268 quo
926 4175 1086 4270 granchia
1097 4192 1280 4264 vostraest,
1292 4193 1327 4246 et
1342 4178 1477 4248 oscham
1495 4180 1531 4248 in
1549 4180 1667 4249 eodem
1685 4178 1772 4250 looo.
1792 4181 1932 4249 Terram
1946 4205 2043 4275 qaam

472 4293 639 4366 dederunt
656 4293 868 4366 Amaldricus
885 4308 920 4363 et
939 4293 1143 4364 Hilduimus.
1168 4297 1267 4366 Plato
1289 4295 1331 4365 de
1348 4299 1536 4392 vergeron.
1555 4301 1675 4368 Terras
1697 4323 1779 4394 quas
1801 4299 1933 4369 habetis
1957 4300 2043 4394 apud

472 4413 688 4500 Quinceinm.
704 4413 867 4500 Quartam
885 4427 1015 4506 partem
1029 4415 1116 4506 prati
1131 4411 1173 4482 de
1182 4412 1309 4484 ¹Ouellm
1323 4416 1480 4504 Quattuor
1491 4441 1659 4511 arpennos
1671 4419 1759 4511 prati
1772 4415 1864 4511 apud
1875 4415 2040 4487 Tilleium.

472 4531 688 4602 Medietatem
699 4529 884 4600 molendini
893 4530 936 4600 de
951 4532 1133 4620 Qtunreio.
1149 4535 1273 4602 Totum
1286 4549 1515 4606 tenementum
1532 4535 1700 4606 Gauii-idi.
1719 4537 1909 4607 Dimidium
1925 4562 2044 4632 arpen·

475 4677 556 4721 num
579 4653 684 4720 vinem
710 4651 990 4746 Ponstingiotum.
1014 4654 1065 4721 Ex
1080 4653 1172 4722 dono
1189 4655 1342 4748 lingonis
1358 4655 1459 4749 Capri
1475 4656 1607 4725 vineam
1624 4657 1667 4725 de
1682 4657 1924 4751 Mmtemmon,
1941 4673 1975 4728 et
1990 4656 2046 4726 do-

476 4795 567 4840 mum
588 4770 624 4838 in
649 4793 715 4864 qun
740 4770 811 4862 ipse
836 4771 1009 4858 manebat,
1038 4786 1072 4840 et
1096 4769 1281 4842 cellarium.
1307 4775 1549 4844 Tenementum
1572 4775 1715 4844 Guarini
1740 4774 1837 4871 apud⁴
1854 4775 2044 4846 sanceium

511 5050 517 5074 ¹
536 5049 675 5103 chalautre.
687 5079 718 5090 -
729 5053 738 5080 ¹
748 5053 1053 5120 Fontenay-le-Pierreun.
1063 5053 1115 5092 -⁸
1126 5053 1242 5106 Terreni.
1255 5081 1279 5093 ·
1293 5057 1303 5084 ¹
1314 5057 1436 5124 llocenay.
1443 5083 1476 5096 -
1486 5057 1497 5086 ⁸
1509 5059 1693 5111 Pommercaur.
1703 5086 1729 5098 -
1745 5057 2043 5110 'Pont-deBeudemnot.

478 5166 506 5176 -
519 5137 687 5203 'Tranqunnt
701 5167 721 5176 -
738 5139 998 5196 'Somne-Toutelas.
1012 5169 1039 5180 ··
1050 5141 1060 5168 ’
1073 5140 1197 5192 villemar.
