4522 6104
443 484 514 558 tts

442 623 526 681 Artes
537 623 683 680 Artificem
696 623 842 696 deplorant
854 621 1028 690 occubuisse,

442 713 526 786 Quod
540 713 610 788 quid
624 713 771 780 sentirent,
786 723 933 769 senserunt
945 711 1111 786 exposuisse.

441 805 541 860 Petrus
554 803 717 858 Aristoteles
732 803 787 859 fuit
800 803 860 876 ipse
870 800 912 856 vel
925 801 1032 856 alteret
1046 800 1141 868 heres,

441 893 522 949 Solus
533 892 693 948 Aristotelis
703 903 790 948 metas
802 887 851 967 qui
862 891 968 965 reperit
980 901 1069 958 artes;

440 984 495 1039 llic
507 983 604 1039 docuit
620 996 700 1038 voces
714 1001 777 1037 cum
791 983 874 1038 rebus
886 981 1052 1054 significare,

441 1073 477 1128 Et
488 1073 585 1128 docuit
597 1091 676 1128 voces
690 1091 734 1129 res
744 1072 927 1147 significando
942 1081 1052 1128 notare.

440 1163 556 1220 Errores
570 1183 705 1238 generum
718 1165 856 1232 correxit,
873 1163 912 1218 ita
926 1163 1099 1235 specierum

439 1253 494 1310 Hic
506 1273 594 1329 genus
604 1266 632 1311 et
645 1255 749 1329 species
760 1255 790 1309 iu
801 1253 858 1308 sola
870 1270 936 1308 voce
948 1251 1056 1320 locavit,

439 1343 475 1398 Et
485 1361 573 1416 genus
584 1355 613 1401 et
625 1345 730 1419 species
743 1360 887 1399 sermones
895 1359 953 1396 esse
966 1340 1082 1396 notarit.

437 1433 660 1507 Significativum
673 1435 744 1510 quid
755 1435 801 1502 sit,
820 1432 890 1509 quid
903 1431 1103 1506 significatum,

438 1524 602 1597 significare
615 1525 686 1600 quid
698 1527 735 1580 sit
747 1523 871 1599 prudens
883 1521 1092 1588 diversificavit3

438 1614 493 1670 Hic
504 1615 575 1690 qnid
588 1633 632 1671 res
646 1625 747 1684 essent,
759 1614 829 1689 quid
839 1631 920 1669 voces
932 1611 1126 1686 significarunt

439 1704 570 1760 Lucidius
582 1705 697 1780 reliquis
707 1703 838 1780 patefecit
849 1705 878 1760 in
891 1714 950 1758 arte
965 1703 1074 1776 peritis.

437 1795 482 1850 Sic
492 1795 595 1850 animal
605 1796 770 1870 nullumque
780 1792 882 1850 animal
896 1809 984 1867 genus
994 1809 1054 1848 esse
1063 1789 1208 1865 probatur,

436 1881 482 1940 Sic
491 1895 520 1939 et
532 1887 627 1954 homo,
639 1886 688 1942 sed
702 1885 795 1941 nullus
808 1885 895 1940 homo
907 1882 1012 1956 species
1025 1881 1172 1936 vocitatur.

436 1977 556 2051 Ingenio
568 1977 657 2031 fretus
666 1975 762 2031 docuit
774 1975 888 2032 subtilia
901 1975 1003 2032 Petrus

437 2066 573 2142 Dogmata
585 2066 713 2121 doctores
724 2083 785 2140 quae
797 2084 854 2122 non
866 2064 988 2120 docuere
1002 2061 1120 2135 priores,

436 2156 583 2226 Quantum
595 2156 723 2211 difficiles
737 2155 798 2211 aliis
812 2165 878 2210 sunt
890 2153 1021 2210 omnibus
1030 2161 1103 2207 artes

435 2243 506 2297 Tam
520 2244 606 2298 Petro
620 2241 723 2311 faciles,
733 2242 818 2296 Petro
833 2241 971 2297 referente
983 2247 1119 2313 patentes.

434 2332 537 2389 Petrus
549 2331 716 2400 laudandus,
725 2332 827 2386 Petrus
840 2329 1016 2404 plangendos
1025 2327 1060 2383 ab
1075 2328 1156 2382 hoste

436 2423 551 2480 Occidit
565 2446 571 2477 :
585 2423 663 2478 huuc
674 2421 765 2476 subita
777 2421 872 2495 rapuit
885 2437 944 2475 sors
955 2418 1049 2474 invida
1059 2427 1160 2473 morte.

382 2525 384 2528 ·
436 2511 572 2565 Errorum
586 2508 693 2566 nebulae
702 2519 832 2583 surgunt,
848 2517 885 2577 te,
896 2509 993 2576 Petre,
1005 2505 1135 2573 cadente;

435 2597 574 2667 Sistares,
589 2598 731 2666 caderent,
741 2608 784 2662 et,
798 2607 828 2652 te
840 2605 983 2668 surgente,
996 2592 1132 2665 jacerent.

434 2683 534 2742 Gloria
547 2696 575 2742 te
587 2685 726 2742 celebrem
736 2686 819 2756 fecit,
829 2695 876 2740 tua
890 2683 962 2740 fama
973 2699 1134 2756 perennem,

469 2775 529 2832 Nec
545 2778 639 2851 potuit
652 2776 749 2832 titulos
760 2793 835 2832 mors
848 2773 959 2829 abolere
974 2783 1047 2829 tuos.

434 2865 538 2921 lnvidit
551 2884 625 2922 mors
635 2865 694 2940 ipsa
706 2865 772 2934 tibi,
788 2865 837 2940 qui
850 2881 930 2918 causa
942 2861 1020 2917 fuisti

470 2954 611 3012 Omnibus
621 2954 731 3012 invidiae
741 2979 747 3010 ε
759 2973 835 3009 mors
847 2953 962 3008 inimica
975 2951 1037 3007 tibi.

431 3046 492 3100 Jam
506 3046 662 3103 tnavocalis
676 3045 814 3101 sententia
826 3043 898 3099 facta
912 3041 993 3098 realis

467 3135 545 3190 Mors
560 3145 769 3210 argumentum,
781 3134 820 3188 sic
833 3133 884 3188 tibi
892 3130 991 3188 tumba
1005 3129 1093 3188 locus.

431 3225 496 3280 llaec
509 3226 538 3280 in
549 3245 616 3282 voce
626 3224 736 3294 docens,
746 3225 804 3280 haec
817 3224 847 3279 in
860 3222 943 3278 rebus
955 3219 1088 3290 didicisti,

468 3316 503 3371 Et
512 3315 659 3373 moriendo
671 3315 771 3390 probas
784 3313 862 3390 quod
874 3311 1011 3370 moriatur
1021 3313 1118 3367 homo.

809 3464 834 3519 1.

445 3593 465 3638 E
482 3592 562 3638 Codice
573 3594 715 3652 perantiquo,
727 3607 763 3652 ap.
780 3593 846 3636 bern.
860 3592 903 3635 Pes
921 3591 989 3638 Tlrcs.
1005 3593 1086 3637 eumd.
1104 3596 1201 3644 mutas„

693 3667 752 3713 Dias.
761 3667 828 3726 laag,
838 3683 861 3728 p.
870 3672 940 3723 xxm]

430 3787 531 3842 Petrus
543 3803 622 3840 amor
633 3783 709 3852 cleri,
719 3784 819 3841 Petrus
833 3783 980 3859 inquisitio
989 3783 1057 3854 veri,

430 3877 537 3952 Lingua
550 3875 677 3933 salutaris
687 3874 830 3950 turbaque
843 3875 957 3933 lucerna
967 3874 1110 3944 scholaris,

1117 480 1350 555 APPENDlX.

1255 619 1481 696 Argumentandi
1493 619 1615 688 solertia,
1632 619 1712 693 copia
1723 618 1810 688 fandi,

1255 712 1321 767 Post
1331 710 1429 768 mundi
1442 708 1524 778 bella,
1538 728 1607 766 nora
1619 709 1710 784 fulget
1721 710 1749 764 in
1763 708 1867 766 ethere
1874 707 1962 765 stella.

1254 803 1296 858 De
1306 802 1412 857 mundo
1421 800 1513 875 fragili
1530 801 1582 856 snb
1596 819 1691 856 mense
1701 810 1816 856 vocatur
1826 799 1918 874 aprili,

1254 894 1365 968 Eloquii
1375 893 1436 962 flos,
1450 890 1559 948 consilii
1574 909 1629 959 ms,
1639 891 1746 964 ingenii
1755 908 1812 960 cos,

1255 984 1447 1039 Grammaticos
1471 982 1552 1052 fons,
1576 981 1734 1037 Rhetorica
1756 996 1843 1054 pons,
1866 997 1899 1033 ac
1921 977 2027 1050 lugiet

1254 1072 1380 1129 Ecclesiae
1389 1073 1445 1142 lux,
1453 1073 1568 1146 justitie
1582 1071 1640 1126 dux
1651 1071 1726 1128 inter
1735 1071 1856 1144 iniquos,
1923 1069 2024 1142 [mons,

1253 1163 1401 1237 Gymnasii
1415 1163 1469 1230 fax,
1481 1161 1610 1236 discipuli
1620 1181 1682 1236 pax,
1692 1161 1786 1233 justos
1797 1170 1825 1215 et
1838 1162 1944 1215 insons.

1254 1253 1328 1308 Hinc
1340 1253 1419 1320 abiit,
1430 1252 1478 1307 sed
1491 1271 1547 1308 nou
1561 1251 1642 1316 obiit,
1653 1269 1705 1306 nec
1713 1250 1798 1306 desiit
1805 1267 1873 1306 esse.

1252 1343 1388 1398 Preteriit
1397 1341 1445 1397 sed
1457 1359 1514 1398 nou
1523 1341 1617 1416 periit,
1625 1341 1755 1396 transivit
1762 1340 1799 1395 ad
1811 1355 1879 1396 esse.
1954 1339 2020 1412 leit:

1251 1425 1356 1497 Aspera
1373 1441 1440 1498 gens
1453 1424 1589 1480 violenter
1602 1441 1701 1497 agens,
1720 1441 1805 1496 super
1816 1423 1893 1477 hunc
1906 1421 2024 1478 fabrica·

1251 1512 1381 1570 Christus
1392 1533 1457 1570 eum
1469 1533 1554 1588 super
1562 1514 1713 1570 aethereum
1719 1513 1805 1586 jubar
1813 1511 1985 1569 exhilaravit.

1252 1801 1351 1860 [Legitur
1359 1804 1418 1846 inter
1427 1800 1498 1862 Opera
1507 1801 1536 1846 D.
1549 1802 1649 1860 Philippi
1658 1800 1741 1845 abbatis
1749 1799 1877 1858 Bone-Spei
1884 1833 1891 1853 ,
1899 1801 1954 1843 sacri
1963 1799 2022 1843 ordi·

1258 1870 1266 1878 ’
1280 1879 1314 1922 nis
1328 1877 1567 1922 Prumonatratensiunr
1576 1876 1663 1936 (Dnaci
1674 1882 1734 1930 1821,
1749 1875 1837 1928 in·fol.,
1849 1889 1874 1932 p·
1885 1874 1949 1932 101),
1960 1882 1982 1917 et
1996 1874 2022 1916 de

1278 1954 1392 1999 Abelardo
1407 1963 1480 1998 nostro
1491 1954 1605 1998 conditum
1615 1968 1660 1998 ease
1670 1953 1749 2006 fertur,
1758 1966 1883 2011 quanqum
1892 1951 1964 1994 solnm
1977 1965 2022 1994 naa·

1278 2032 1342 2091 gistri
1351 2030 1413 2075 Petri
1424 2047 1503 2075 nomen
1513 2031 1633 2090 praeferat]

1251 2145 1361 2201 Lucifer
1374 2144 1519 2213 occubuit,
1535 2143 1633 2212 stellae,
1648 2142 1765 2210 radiate,
1780 2143 1914 2210 minores,

1250 2235 1338 2307 Cujus
1350 2252 1397 2290 ros
1409 2234 1505 2290 radius
1518 2233 1669 2290 hebetabat
1683 2244 1716 2288 ut
1726 2232 1884 2290 inferiores.

1249 2323 1328 2379 Illius
1340 2342 1439 2380 occasu
1450 2324 1564 2380 tandem
1574 2325 1688 2379 venistis
1701 2323 1845 2378 adortum

1249 2415 1458 2489 Naufragioque
1475 2413 1542 2469 tulit
1561 2424 1656 2469 vestras
1673 2413 1741 2469 ratis
1760 2412 1884 2468 anchora
1896 2421 2017 2485 portum.

1249 2505 1391 2575 Maturus,
1407 2504 1513 2574 docilis,
1525 2505 1599 2578 pius,
1613 2505 1681 2579 egit,
1696 2502 1833 2578 praetulit,
1846 2504 1915 2557 emit

1284 2595 1417 2664 Cursum,
1426 2593 1603 2668 jos,coelum,
1616 2604 1754 2668 tempore,
1762 2592 1835 2666 lege,
1848 2591 1912 2648 lide.

1621 2746 1647 2799 6.

1249 2873 1293 2930 [Ex
1302 2874 1405 2918 chronico
1412 2871 1518 2917 Richardi
1526 2871 1681 2926 Pictaviensis,
1691 2864 1789 2930 apfflm
1804 2869 1871 2914 Gatt.
1882 2879 1904 2914 et
1912 2869 2015 2914 Prende.

1478 2950 1578 3007 Script,
1587 2946 1673 3000 cxli,
1684 2963 1707 3006 p.
1717 2949 1777 3003 lt⁵·]

1247 3065 1429 3121 Summorum
1443 3063 1531 3137 major
1541 3063 1640 3119 Petrus
1652 3061 1816 3118 Abaelardus

1248 3154 1370 3224 Occidit,
1382 3155 1512 3210 immanis
1524 3154 1614 3211 factus
1625 3151 1706 3208 dolor
1717 3151 1848 3207 omnibns
1860 3167 1943 3207 unua.

1245 3244 1339 3302 Gallia
1355 3245 1394 3300 nil
1411 3245 1501 3316 majus
1514 3243 1616 3300 habuit
1627 3241 1669 3299 vel
1682 3242 1785 3298 clarius
1801 3243 1866 3298 isto.

1242 3335 1302 3391 Nec
1311 3351 1386 3390 mors
1399 3335 1565 3410 cujusquam
1578 3332 1610 3388 frt
1619 3343 1696 3388 tanta
1706 3332 1789 3388 ruina
1801 3331 1919 3388 Latinis.

1242 3425 1423 3500 loquantum
1433 3424 1504 3478 fama
1519 3423 1641 3478 Romani
1653 3421 1776 3478 nominis
1787 3423 1854 3490 exit,

1241 3515 1321 3571 Illius
1332 3513 1438 3588 ingenii
1453 3511 1611 3570 studiorum
1625 3513 1697 3568 fama
1706 3513 1818 3568 volavit.

1242 3605 1370 3680 Namque
1378 3605 1470 3660 oritur
1483 3614 1562 3677 patre
1571 3604 1691 3660 Pictavis
1703 3613 1732 3658 et
1745 3603 1861 3658 Britone
1874 3612 1972 3669 matre,

1242 3694 1316 3750 Cum
1330 3693 1442 3749 Francis
1461 3693 1586 3764 studuit,
1598 3692 1753 3750 monachus
1770 3693 1892 3750 moritur
1903 3692 2011 3749 Cabilo-

1948 3783 2009 3856 [nis.
