4590 6106
279 797 578 862 monumentum
604 780 859 860 inhonorem
886 781 1027 858 summi
1050 773 1279 890 philosophi
1301 796 1341 861 et
1363 781 1611 890 professoris.
1629 777 1751 884 Quod
1771 811 1864 865 con-

278 935 409 1012 silium
433 960 559 1040 quum
586 928 801 1038 aliquando
823 947 954 1010 mente
975 931 1203 1037 agitassem,
1224 959 1344 1040 seque
1369 932 1467 1012 mihi
1494 935 1537 1012 in
1562 931 1743 1014 laborum
1771 964 1864 1016 con-

278 1085 441 1163 sortium
471 1099 511 1161 et
541 1082 719 1161 levamen
749 1107 973 1161 accessuros
997 1080 1270 1190 promisissent
1304 1082 1444 1190 optimi
1477 1083 1665 1189 juvenes,
1700 1085 1864 1164 Carolus

277 1235 466 1318 Jourdain
492 1252 531 1314 et
553 1235 755 1341 Eugenius
780 1235 971 1343 Despois,
997 1235 1068 1342 qui
1093 1236 1248 1342 egregie
1271 1234 1562 1343 philosophiam
1586 1254 1626 1317 et
1649 1237 1795 1318 litteras
1820 1240 1862 1316 in

277 1385 474 1468 academia
490 1384 696 1464 Parisiensi
722 1382 886 1480 docent,
913 1383 1072 1464 tandem
1098 1385 1211 1494 operi
1240 1401 1399 1468 strenue
1428 1412 1588 1464 manum
1616 1365 1795 1486 admovi,
1822 1407 1861 1467 et

278 1568 386 1620 nunc
404 1540 519 1618 hasce
538 1537 667 1617 offero
689 1536 911 1617 studiorum
930 1555 1157 1620 nostrornm
1174 1538 1382 1646 primitias.

330 1691 461 1770 Primo
488 1691 673 1771 lectorem
701 1691 896 1788 monitum
922 1689 1038 1768 velim
1063 1689 1157 1768 huic
1180 1706 1323 1769 nostrae
1354 1688 1518 1769 editioni
1543 1691 1597 1768 ita
1625 1694 1796 1798 supponi
1826 1711 1864 1770 et

278 1845 389 1950 quasi
424 1843 621 1922 substerni
658 1840 981 1942 Ambaesianam‚
1019 1860 1062 1922 ut
1087 1843 1230 1950 scripta
1257 1842 1406 1950 quibus
1434 1841 1500 1921 illa
1531 1857 1683 1922 constat
1716 1842 1781 1922 hic
1807 1872 1866 1923 re-

279 1991 483 2096 periantur
512 1992 664 2089 omnia,
695 2007 859 2099 excepto
886 1991 992 2069 libro
1016 1991 1227 2070 Adversas
1256 1967 1447 2089 haicam,
1473 1992 1542 2100 qui
1571 1992 1732 2100 spurius
1758 2021 1865 2070 nunc

279 2140 456 2218 omnium
484 2167 581 2220 voce
604 2140 883 2230 conclamatur.
905 2139 1069 2248 Scriptis
1095 2157 1224 2219 autem
1243 2139 1327 2219 istis
1346 2155 1472 2219 cetera
1498 2137 1661 2247 adjunxi
1688 2168 1777 2247 quae
1801 2168 1867 2220 ex-

278 2288 371 2368 hinc
388 2286 438 2367 ad
456 2307 590 2370 nostra
607 2318 735 2398 usque
752 2307 931 2399 tempora
954 2288 1242 2398 quoquomodo
1263 2289 1391 2368 lucem
1416 2287 1564 2368 videre.
1582 2290 1666 2368 Imo
1686 2304 1725 2369 et
1751 2292 1866 2368 enixe

277 2457 439 2523 conatus
461 2471 547 2522 sum
577 2471 679 2522 nova
709 2440 889 2550 quaedam
913 2459 1026 2522 antea
1046 2441 1213 2551 repertis
1237 2438 1405 2538 addere;
1426 2458 1466 2520 et
1482 2439 1653 2550 proinde
1675 2442 1867 2522 nonnulla

278 2590 342 2668 hic
364 2592 587 2672 afferuntur
614 2592 803 2674 anecdota
831 2621 1084 2703 nequaquam
1111 2591 1357 2702 aspernanda
1386 2593 1461 2670 ;“10
1488 2593 1647 2698 Hymni
1677 2593 1728 2672 ab
1753 2593 1866 2672 Abae-

276 2739 387 2820 lardo
415 2707 623 2852 compositi
655 2745 699 2824 in
729 2772 845 2823 usum
873 2744 1073 2850 virginum
1102 2745 1328 2823 monasterii
1355 2743 1647 2841 paraclitensis,
1685 2771 1787 2850 quos
1823 2746 1865 2823 in

275 2893 520 2973 Bruxellensi
549 2894 789 2975 bibliotheca
816 2896 969 2974 invenit
986 2894 1196 2992 Oehlerus,
1227 2909 1354 2972 morte
1385 2893 1596 2972 infeliciter
1626 2894 1866 3000 interceptus

274 3047 509 3152 priusquam
529 3074 595 3126 eos
613 3047 656 3124 in
673 3047 800 3126 lucem
821 3045 1039 3155 proferret3
1055 3043 1098 3122 2⁰
1117 3045 1248 3122 Proca
1268 3040 1319 3123 de
1335 3043 1450 3122 Beata
1471 3043 1651 3150 Virgine,
1671 3042 1864 3125 diversas

274 3224 393 3304 prosa
412 3195 587 3304 ejusdem
612 3198 717 3276 tituli
747 3226 866 3305 quam
891 3195 959 3276 dat
985 3196 1243 3294 Amboesius3
1273 3193 1314 3272 30
1336 3194 1428 3274 Duo
1447 3221 1665 3294 sermoncS,
1693 3195 1790 3275 alter
1813 3197 1863 3276 de

275 3345 418 3423 sanctis
432 3345 739 3442 Innocentibus,
764 3345 875 3445 alter,
896 3343 1062 3424 dimidia
1079 3361 1191 3453 parte
1209 3338 1406 3439 ineditus,
1431 3340 1482 3422 de
1505 3358 1639 3422 sancto
1664 3342 1864 3450 Stephano

275 3511 585 3602 protomartyre3
602 3495 644 3575 4⁰
656 3496 946 3604 Fragmentum
963 3496 1069 3576 tertii
1084 3493 1177 3574 libri
1193 3491 1508 3573 Introducticnis
1525 3493 1582 3572 ad
1598 3493 1861 3601 theobgiam3

275 3646 318 3722 5⁰
344 3646 592 3754 Fragmenta
625 3650 997 3728 commentariorum
1036 3647 1079 3725 in
1115 3645 1303 3725 Psalmas
1346 3645 1455 3722 etin
1489 3643 1698 3752 Epistolas
1732 3649 1865 3724 sancti

275 3797 416 3880 Pauli.
444 3801 550 3908 Ergo
570 3799 730 3880 collecta
756 3802 799 3880 in
826 3828 951 3879 unum
977 3798 1101 3880 lector
1126 3797 1291 3878 habebit
1313 3795 1446 3876 omnia
1466 3821 1554 3902 quac
1578 3812 1730 3875 exstant
1746 3797 1861 3876 Abae·

270 3947 374 4028 lardi
389 3979 531 4060 opera,
548 3953 728 4062 sepositis
744 3969 875 4032 tamen
890 3951 1003 4031 libris
1026 3948 1239 4030 dialecticis
1261 3963 1301 4026 et
1320 3945 1627 4056 philosophicis,
1647 3973 1748 4056 quos
1766 3949 1861 4027 olim

271 4097 384 4180 edidi
403 4100 530 4181 forma
548 4104 714 4183 omnino
730 4103 788 4182 illi
806 4100 942 4183 eadem
961 4129 1042 4208 qua
1066 4125 1175 4178 nunc
1191 4095 1393 4206 prodeunt
1415 4096 1498 4174 haec
1516 4095 1598 4177 duo
1614 4097 1829 4177 volumina.

330 4253 525 4362 Deinceps
546 4253 761 4343 dicendum
781 4274 839 4335 est
856 4281 939 4363 quo
965 4251 1106 4334 ordine
1125 4251 1288 4358 quaesita
1307 4247 1373 4328 illa
1396 4265 1435 4328 et
1458 4265 1655 4328 contracta
1679 4251 1789 4329 omni
1810 4277 1858 4328 ex

265 4403 363 4482 loco
378 4404 522 4512 scripta
535 4401 860 4513 disposuerimus.
877 4405 1007 4484 Prima
1019 4401 1150 4482 fronte
1167 4398 1269 4478 nihil
1286 4395 1443 4477 videtur
1455 4394 1745 4504 'rationi‘magis
1763 4425 1857 4476 con-

262 4569 503 4635 sentancum
532 4557 711 4663 quamsi
744 4582 877 4635 rerum
901 4571 940 4634 et
964 4554 1214 4633 materiarum
1245 4547 1426 4630 ordinem
1454 4531 1687 4654 sequamur3
1720 4575 1857 4626 verum

258 4698 369 4780 inde
397 4702 444 4782 fit
472 4706 691 4786 necessario
721 4720 767 4784 ut
795 4703 918 4783 multa
942 4701 1180 4783 divellantur
1208 4715 1247 4778 et
1278 4697 1390 4804 quasi
1420 4693 1741 4802 distorqueantur
1768 4723 1857 4802 quae

255 4847 415 4932 eodem
449 4854 627 4936 confecta
655 4871 858 4963 tempore,
893 4870 932 4932 et
966 4848 1017 4932 ad
1052 4846 1236 4930 eumdem
1268 4846 1386 4926 finem
1422 4844 1663 4953 spectantia,
1693 4845 1857 4926 omnino

254 5022 481 5110 nequeunt
504 5006 582 5086 nisi
600 5034 690 5086 cum
716 5004 952 5115 gravissimis
978 4997 1239 5082 incommodis
1268 4993 1484 5079 dissociari.
1512 4995 1663 5076 Rursus
1692 5012 1732 5077 et
1758 4995 1860 5076 ordo

253 5157 468 5260 temporis
490 5155 622 5246 ¹modo
657 5183 719 5237 res
752 5157 951 5240 connectit
986 5151 1178 5250 diversas,
1207 5147 1328 5230 modo
1364 5146 1528 5257 dissipat
1559 5146 1726 5229 naturali
1756 5176 1861 5229 nexu

1707 5301 1725 5361 b
