4522 6102
471 688 541 758 454
902 678 1028 748 PETRI
1055 673 1290 748 tumulum
1319 673 1374 744 ΕΤ
1399 675 1623 747 HEhOlSSAE

467 823 702 924 philosophus
723 822 790 909 ait,
812 820 892 915 quia
915 840 1141 915 nequaquam
1159 813 1309 885 credidit
1323 814 1359 884 in
1375 839 1446 884 una
1462 840 1498 886 se
1514 815 1668 914 reperire
1681 838 1787 912 posse
1807 814 1923 912 puella
1945 841 2051 888 mern·

328 963 331 972 '
430 997 434 1004 -
466 947 531 1017 bra
550 945 671 1016 omnia
689 939 868 1037 aequaliter
891 938 1067 1025 formosa,
1089 934 1248 1031 nullique
1267 958 1426 1030 unquam
1444 957 1465 1004 a
1483 949 1609 1006 natura
1628 948 1760 1005 tantam
1780 931 2051 1030 pulchritudinis

468 1068 614 1162 gratiam
636 1087 711 1134 esse
732 1058 922 1146 collatam,
944 1072 983 1129 ut
1000 1054 1172 1153 aequalem
1190 1055 1225 1126 in
1246 1053 1413 1125 omnibus
1432 1053 1602 1126 membris
1618 1053 1920 1153 pulchritudinem
1941 1053 2051 1127 habe-

466 1201 542 1275 ret,
575 1199 612 1255 ut
644 1180 730 1253 nihil
761 1179 925 1251 exomni
946 1192 1047 1277 parte
1070 1175 1266 1274 perfectum
1286 1175 1322 1244 in
1344 1175 1605 1273 compositione
1627 1199 1822 1274 corporum
1840 1175 1915 1274 ipsa
1940 1200 2052 1274 expo-

464 1307 564 1396 liret,
588 1320 759 1399 tanquam
774 1300 836 1370 uni
856 1300 906 1370 sic
920 1297 1041 1369 omnia
1059 1293 1252 1367 commoda
1270 1293 1470 1384 conferret,
1493 1310 1621 1366 utnon
1639 1293 1788 1366 haberet
1805 1295 1903 1392 quod
1922 1299 2053 1368 caeteris

464 1427 662 1523 largiretur.
682 1424 739 1494 Sic
753 1435 788 1493 et
802 1446 869 1491 nos
887 1418 933 1490 ad
952 1416 1215 1515 depingendam
1233 1416 1359 1486 animae
1377 1414 1703 1514 pulchritudinem,
1726 1430 1761 1486 et
1775 1439 1912 1513 sponsae
1925 1414 2052 1488 Christi
2106 1455 2112 1467 ·

464 1544 738 1618 describendam
757 1541 1033 1641 perfectionem,
1060 1539 1095 1609 in
1115 1562 1186 1635 qua
1203 1560 1268 1607 vos
1286 1551 1455 1634 tanquam
1474 1535 1619 1634 speculo
1638 1535 1796 1632 quodam
1822 1537 1927 1607 unius
1951 1538 2051 1636 spiri·

466 1667 543 1738 talis
566 1666 710 1762 virginis
729 1687 870 1760 semper
892 1685 962 1758 pras
980 1658 1093 1731 oculis
1115 1657 1244 1728 habitae
1266 1656 1435 1729 decorem
1453 1672 1610 1729 vestrum
1628 1655 1683 1727 vel
1711 1656 1969 1755 turpitudinem
1990 1657 2052 1728 de-

465 1785 713 1888 prehendatiS,
736 1783 988 1882 proposuimus
1007 1805 1050 1850 ex
1066 1778 1186 1850 multis
1202 1792 1408 1850 sanctorum
1429 1791 1571 1875 patrum
1588 1776 1813 1848 documentis
1833 1776 1888 1880 vel
1907 1801 2054 1849 consue-

466 1907 650 1980 tudinibus
678 1903 977 1976 monasteriorum
1008 1897 1152 1998 optimis
1181 1912 1335 1970 vestram
1363 1899 1537 1969 instruere
1561 1896 1891 1984 conversationem,
1919 1896 2054 1993 singula

465 2052 615 2126 quaeque
645 2039 752 2125 prout
773 2023 954 2095 memoriae
979 2020 1199 2092 occurrerint
1218 2017 1435 2110 delibando,
1458 2033 1494 2089 et
1514 2018 1615 2135 quasi
1641 2019 1679 2088 in
1709 2043 1820 2089 unum
1850 2017 2055 2090 fasciculum

466 2145 742 2244 congregandO,
761 2167 840 2241 quae
859 2141 965 2212 vestri
983 2139 1158 2238 propositi
1177 2138 1353 2210 sanctitati
1372 2162 1570 2234 congruere
1589 2135 1741 2226 videbo;
1766 2162 1833 2209 nec
1846 2133 1963 2209 solum
1977 2164 2056 2236 quae

466 2268 512 2339 de
533 2263 799 2353 monachahuS,
826 2261 1060 2333 verumetiam
1079 2284 1158 2356 quae
1178 2258 1224 2329 de
1249 2257 1436 2329 monachis
1459 2258 1618 2329 instituta
1645 2272 1728 2328 sunt
1745 2262 1767 2328 ¹.
1800 2259 1941 2356 Quippe
1967 2259 2057 2330 sicut

466 2387 613 2458 nomine
638 2400 673 2457 et
700 2382 928 2456 continentiae
954 2378 1174 2479 professione
1196 2377 1301 2449 nobis
1329 2379 1410 2450 estis
1433 2377 1633 2474 conjunctae
1646 2430 1663 2480 ,Ι
1689 2377 1737 2447 ita
1764 2391 1799 2448 et
1832 2377 1903 2450 sere
1934 2379 2056 2450 omnia

466 2522 589 2577 nostra
611 2505 712 2578 vohis
732 2515 943 2600 competunt
962 2500 1133 2570 instituta.
1153 2502 1204 2568 Ex
1217 2496 1273 2569 his
1293 2523 1399 2594 ergo,
1422 2513 1461 2570 ut
1475 2497 1648 2588 diximus,
1673 2496 1826 2595 plurima
1837 2500 1938 2595 quasi
1951 2523 2059 2596 quos·

467 2625 551 2696 dam
571 2627 675 2695 flores
694 2619 944 2721 decerpenda,
967 2617 1097 2716 quibus
1118 2633 1240 2689 vestrae
1257 2617 1329 2688 lilia
1348 2618 1514 2688 castitatis
1534 2617 1772 2707 adornemus,
1794 2617 1908 2689 multo
1923 2617 2059 2713 majore

467 2745 585 2818 studio
605 2743 804 2816 describere
824 2741 998 2814 debemus
1019 2739 1191 2835 virginem
1211 2737 1363 2828 Christi,
1386 2763 1494 2835 quarn
1513 2737 1702 2836 praedictus
1722 2739 1846 2810 Zeuxis
1864 2737 2060 2836 depingere

467 2866 697 2937 simulacrum
719 2863 818 2935 idoli.
839 2865 879 2932 Et
893 2861 953 2932 ille
970 2859 1116 2957 quidem
1139 2859 1298 2955 quinque
1313 2859 1484 2956 virgines,
1507 2883 1660 2955 quarum
1678 2859 1832 2958 speciem
1844 2859 2058 2947 imitaretur,
2128 2894 2134 2906 ·
2236 2879 2237 2894 ¹

466 2985 627 3058 sufficere
654 2983 817 3056 credidit.
840 2987 912 3054 Nos
937 3005 1020 3052 vero
1049 2978 1210 3078 pluribus
1236 2994 1379 3077 patrum
1399 2979 1624 3050 documentis
1646 2979 1899 3052 exuberantem
1916 2981 2062 3078 copiam

465 3107 660 3196 habentes,
679 3105 810 3176 auxilio
831 3103 908 3174 freti
930 3101 1054 3173 divino
1075 3099 1263 3198 perfectius
1284 3097 1385 3170 vobis
1403 3097 1615 3197 opusculum
1635 3097 1833 3197 relinquere
1846 3123 1920 3171 non
1934 3097 2065 3198 despe-

466 3252 607 3315 ramus,
624 3223 758 3322 quoad
773 3238 907 3294 sortem
920 3220 975 3292 vel
991 3219 1268 3318 descriptionem
1282 3219 1422 3290 illarum
1439 3220 1599 3316 quinque
1613 3219 1846 3318 prudentium
1861 3221 2065 3317 virginum*

467 3347 667 3444 pertingere
685 3342 848 3432 valeatis,
871 3366 960 3438 quas
979 3342 1016 3410 in
1032 3338 1257 3437 depingenda
1270 3339 1405 3436 virgine
1423 3338 1554 3410 Christi
1570 3340 1746 3411 Dominus
1763 3339 1869 3412 nobis
1886 3340 1923 3411 in
1942 3343 2062 3412 Evan-

468 3465 561 3562 gelio
575 3463 757 3563 proponit.
774 3461 882 3548 Quod
895 3475 933 3531 ut
945 3459 1123 3558 possimus
1137 3459 1228 3530 sicut
1239 3458 1425 3552 volumus,
1442 3461 1565 3531 vestris
1578 3454 1799 3532 orationibus
1812 3459 2063 3558 impetremus.

468 3585 591 3657 Valete
607 3584 643 3653 in
663 3583 826 3672 Christ0,
848 3605 986 3679 sponsae
1004 3579 1147 3650 Christi.
1638 3583 1646 3598 '

518 3703 746 3801 Tripertitum
773 3698 1016 3771 instructionis
1042 3713 1164 3769 vestrae
1182 3711 1371 3770 tractatum
1390 3697 1466 3770 fieri
1494 3699 1738 3792 decrevimuS,
1765 3701 1802 3772 in
1826 3699 2069 3772 describenda

470 3839 576 3920 atque
596 3820 813 3893 munienda⁸
832 3818 1002 3917 religione
1020 3832 1157 3909 vestra,
1180 3833 1215 3891 et
1232 3818 1344 3890 divini
1362 3818 1549 3918 obsequii*
1566 3820 1804 3893 celebratione
1818 3819 2067 3919 disponenda,

471 3948 507 4014 in
525 3942 654 4040 quibus
672 3943 850 4040 religionis
869 3941 1074 4014 monasticae
1092 3965 1270 4013 summam
1289 3941 1444 4014 arbitror
1461 3943 1679 4015 consistere:
1704 3960 1744 4016 ut
1761 3942 1926 4014 videlicet
1948 3947 2074 4016 conti·

471 4080 598 4136 neuter
614 4079 648 4135 et
661 4063 736 4133 sine
754 4063 971 4161 proprietate
990 4062 1145 4151 vivatur,
1163 4085 1204 4132 ac
1220 4059 1359 4133 silentio
1381 4063 1534 4134 maxime
1552 4062 1747 4135 studeatur.
1771 4061 1878 4150 Quod
1892 4061 2071 4159 quidem,

470 4185 569 4279 juxta
588 4181 806 4253 dominicam
825 4180 1034 4278 evangelicae
1052 4180 1180 4278 regulae
1198 4179 1441 4280 disciplinam,
1463 4181 1606 4253 lumbos
1622 4183 1835 4280 praecingere
1844 4186 1869 4274 ⁸,
1893 4182 2077 4256 omnihus

474 4304 720 4392 renuntiaret,
750 4303 908 4382 otiosum,
919 4300 1069 4373 verbum
1084 4325 1210 4372 cavere
1222 4305 1244 4371 ⁷.
1267 4302 1492 4374 Continentia
1511 4327 1597 4374 vcro
1612 4303 1779 4375 castitatis
1795 4301 1853 4373 illa
1867 4317 1938 4393 est,
1953 4329 2077 4401 quam

475 4421 629 4494 suadens
641 4421 829 4520 Apostolus
846 4423 941 4496 aitl:
965 4451 983 4490 u
1000 4425 1088 4509 Quae
1106 4423 1256 4520 innupta
1274 4437 1327 4495 est
1347 4439 1382 4495 et
1399 4424 1521 4521 virgo,
1543 4425 1674 4522 cogitat
1690 4450 1769 4523 quae
1786 4423 1933 4496 Domini
1953 4443 2046 4498 sunt
2065 4483 2075 4517 ,

477 4559 516 4613 ut
536 4543 579 4614 sit
602 4558 723 4615 sancta
743 4567 896 4641 corpore
919 4557 954 4615 et
973 4542 1110 4640 spiritu.
1130 4570 1148 4609 u
1169 4547 1348 4642 Corpore,
1373 4544 1503 4642 inquit,
1526 4559 1626 4638 toto,
1647 4571 1721 4617 non
1735 4571 1808 4617 uno
1824 4544 2013 4636 membro,
2032 4563 2082 4618 ut

476 4661 519 4734 ad
540 4661 676 4734 nullam
693 4662 824 4735 scilicet
842 4662 1021 4733 lasciviam
1040 4661 1076 4734 iu
1100 4659 1198 4733 lactis
1219 4662 1274 4734 vel
1297 4664 1333 4735 in
1352 4663 1455 4736 dictis
1473 4664 1550 4760 ejus
1565 4665 1713 4763 aliquod
1730 4664 1935 4740 membrum
1952 4663 2082 4738 decli-

476 4797 550 4856 net.
565 4784 694 4883 Spiritu
706 4808 791 4855 vero
801 4799 886 4854 tunc
896 4797 1014 4855 sancta
1026 4795 1089 4870 est,
1103 4781 1250 4879 quando
1263 4783 1338 4879 ejus
1350 4797 1506 4856 mentem
1519 4809 1586 4856 nec
1595 4810 1790 4857 consensus
1804 4785 1981 4883 inquinat,
1996 4811 2085 4862 nec

476 4907 641 5008 superbia
661 4907 760 4979 inflat
777 4937 795 4998 :¹
814 4908 905 4979 sicut
925 4904 1064 4976 illarum
1094 4905 1253 5004 quinque
1279 4906 1457 4978 fatuarum
1474 4907 1676 5005 virginum,
1700 4933 1779 5006 quae
1800 4907 1888 4980 dum
1914 4907 1960 4979 ad
1977 4933 2086 4982 ven-

511 5142 517 5166 *
535 5141 575 5190 Sic
587 5141 616 5192 C.
626 5167 642 5179 -
651 5141 713 5191 Sunt
735 5139 806 5191 deest
827 5139 891 5190 add.
901 5163 934 5176 -
945 5136 955 5164 ¹
967 5137 1063 5202 htatth„
1077 5153 1133 5205 cap.
1156 5154 1212 5188 xxv.
1223 5163 1255 5175 -
1287 5155 1343 5206 cap.
1353 5156 1404 5202 xiv,
1418 5156 1442 5191 v.
1453 5142 1526 5190 aa—
1536 5139 1544 5166 ¹
1554 5139 1651 5205 blattis,
1660 5157 1716 5208 cap.
1726 5157 1774 5207 ιιι,
1784 5156 1806 5192 r.
1818 5139 2037 5194 as.-·cortrrn.
2053 5146 2090 5206 1,

478 5227 665 5277 ’Βωεήὺιηάα
688 5237 760 5289 atque
777 5226 966 5278 commendando
986 5227 1023 5277 vet
1039 5228 1161 5276 innuenda
1179 5223 1207 5275 Β.
1222 5249 1255 5263 -
1286 5240 1341 5291 cap.
1355 5241 1402 5286 vn,
1416 5241 1440 5277 v.
1453 5227 1495 5275 34,

479 5310 488 5336 ⁶
503 5315 528 5362 tu
545 5310 787 5363 celebrationem·
800 5309 809 5336 ⁶
826 5311 895 5372 buc,
906 5324 962 5376 cap.
972 5325 1019 5372 xn,
1034 5326 1057 5360 v.
1068 5311 1110 5360 35.
1122 5337 1151 5348 -
1165 5309 1254 5369 tuuc..
