4522 6104
451 619 524 691 tto
1125 616 1362 689 APPENDlX.

453 761 616 830 niacensis
632 771 830 847 conventus,
846 773 943 854 rogat
962 759 1032 852 ipse
1050 781 1174 852 perse,
1191 784 1253 853 per
1266 785 1341 848 nos,
1356 785 1418 856 per
1431 763 1648 854 praesentium
1662 762 1785 834 latores
1796 763 1884 834 filios
1898 779 2035 850 vestros,

452 903 514 972 per
529 875 605 966 bas,
629 901 710 971 quas
728 891 766 946 ut
784 876 965 946 scriberem
988 877 1119 973 rogavit
1136 876 1286 965 litteras,
1307 894 1346 948 ut
1363 878 1509 974 reliquos
1526 881 1598 950 dies
1615 884 1691 951 vitae
1709 899 1744 952 et
1759 884 1940 953 senectutis
1958 907 2035 968 sua,

452 999 510 1092 qui
532 999 672 1067 fortasse
694 1022 763 1066 non
783 995 996 1088 multisunt,
1022 1001 1057 1068 in
1076 996 1239 1069 Cluniaco
1258 1015 1365 1070 vestra
1384 1026 1462 1070 eum
1479 1027 1714 1075 consummare
1725 1005 1892 1098 jubeatis,
1911 1021 1944 1074 ct
1962 1027 2038 1072 nea

452 1117 569 1206 domo,
589 1144 690 1214 quam
703 1116 795 1188 velut
811 1143 939 1214 passer,
960 1145 1036 1189 nea
1054 1119 1150 1209 nido,
1167 1145 1269 1214 quem
1286 1118 1376 1190 velut
1393 1137 1507 1192 turtur
1522 1124 1689 1196 invenisse
1706 1151 1741 1196 se
1758 1125 1894 1221 gaudet,
1911 1125 2039 1220 aliquo-

453 1263 528 1308 rum
549 1241 706 1310 instantia
723 1257 781 1310 aut
799 1240 942 1336 expelli,
962 1257 1021 1311 aut
1040 1241 1245 1311 commoveri
1264 1239 1383 1331 valeat,
1403 1269 1498 1314 more
1512 1270 1582 1340 quo
1597 1271 1715 1316 omnes
1735 1248 1844 1317 bonos
1861 1245 1989 1332 colitis,
2008 1261 2040 1312 et

453 1361 552 1430 etiam
569 1361 669 1432 istum
688 1361 866 1452 dilexistis,
886 1379 981 1433 scuto
996 1361 1201 1432 defensionis
1218 1361 1408 1457 apostolicae
1425 1367 1620 1462 protegatis.

1213 2123 1288 2211 IV.

779 2537 783 2548 ἡ
1092 2397 1415 2503 EPISTOLA

728 2571 950 2725 uiusonu
990 2644 1139 2723 curm
1179 2643 1390 2725 tuearis
1421 2643 1780 2727 euumtcuxsts

836 2865 891 2934 ΑΙ)
912 2863 1141 2934 llllLOlSSAll
1163 2863 1378 2933 lectm
1402 2863 1669 2934 mutuasset.

798 3061 875 3138 [Peg.
904 3064 1023 3117 337·338
1043 3063 1107 3120 edit.
1127 3064 1209 3154 ¹Amb.
1233 3061 1276 3116 Cl.
1301 3081 1362 3134 pag.
1385 3067 1414 3116 'll
1441 3063 1520 3135 hujus
1541 3061 1708 3137 voluminis]

466 3591 637 3654 Venerabili
651 3599 681 3654 et
699 3596 733 3653 ia
747 3583 1050 3673 Christoirlarimum
1063 3591 1182 3653 dilecta
1194 3593 1292 3653 sorori
1305 3591 1447 3654 Heloisse
1467 3591 1641 3686 abbatisse,
1654 3591 1778 3670 fratrer
1796 3591 1908 3652 Petne
1924 3587 2048 3649 temeto

671 3697 919 3759 creciacensem
932 3695 1040 3767 obbas,
1055 3697 1202 3772 amittere,
1220 3713 1312 3775 quam
1324 3699 1470 3776 promisit
1487 3697 1569 3758 Deae
1587 3695 1788 3774 diliqeattlmt
1799 3712 1841 3754 se.

511 3891 665 3985 Acceptis
688 3890 807 3963 litteris
831 3893 1003 3964 charitatis'
1025 3896 1118 3983 tuac¹,
1141 3918 1223 3988 quas
1239 3893 1322 3962 mihi
1341 3917 1450 3987 nuper
1466 3916 1528 3988 per
1551 3889 1658 3962 filium
1685 3915 1797 3960 meum
1819 3887 2049 3959 Theobaldum

463 4014 599 4102 misisti,
623 4013 771 4109 gavisus,
792 4029 826 4083 et
839 4039 893 4085 eas
910 4015 1074 4085 mittentis
1093 4015 1201 4110 gratia
1217 4012 1439 4084 amicabiliter
1452 4011 1622 4109 amplexus
1641 4037 1726 4082 sum.
1748 4010 1851 4081 Volui
1870 4012 1983 4082 statim
2000 4034 2050 4077 re·

462 4134 608 4203 scribere
626 4133 718 4228 quod
731 4135 844 4202 animo
863 4133 1030 4204 insederat
1048 4161 1057 4204 ε
1074 4133 1132 4204 sed
1145 4131 1407 4229 impedientibus
1419 4134 1622 4227 importunis
1637 4117 1793 4203 curarum
1808 4131 2049 4214 exactionibus,

463 4255 586 4350 quibus
597 4253 809 4348 plerumque,
825 4254 893 4324 imo
908 4279 994 4349 pene
1011 4279 1156 4350 semper,
1173 4255 1291 4325 cedere
1309 4253 1511 4349 compellor,
1530 4280 1600 4325 non
1619 4255 1727 4349 potui.
1748 4255 1814 4322 Vix
1831 4269 1945 4323 tamen
1963 4277 1982 4321 a
1999 4267 2051 4320 tu·

463 4375 624 4446 moltibus
647 4375 783 4445 tandem
804 4375 1007 4470 interpolata
1026 4375 1093 4465 die,
1111 4376 1204 4471 quod
1219 4400 1457 4470 conceperam,
1472 4377 1646 4446 attentavi.
1667 4375 1788 4444 Visum
1800 4389 1849 4442 est
1863 4387 1901 4443 ut
1919 4370 2052 4442 affectui

463 4511 523 4564 tuo
540 4517 621 4588 erga
633 4518 700 4582 me,
716 4518 817 4588 quem
827 4509 860 4564 et
873 4509 954 4564 tunc
966 4518 1004 4564 ex
1019 4493 1152 4582 litteris,
1166 4510 1201 4566 et
1217 4496 1311 4590 prius
1322 4519 1363 4564 ex
1380 4495 1462 4564 mihi
1482 4495 1589 4566 missis
1605 4495 1711 4564 xeniis
1724 4518 1949 4589 cognoveram
1965 4520 1973 4559 :
1988 4488 2053 4560 sal·

464 4627 531 4682 tem
544 4611 725 4682 verborum
743 4614 850 4684 vicem
871 4615 1056 4709 rependere
1076 4614 1289 4704 festinarem,
1306 4630 1341 4685 et
1357 4615 1571 4708 quantumin
1589 4613 1691 4685 corde
1710 4623 1785 4683 meo
1798 4610 1909 4682 locum
1926 4611 1987 4680 tibi
2001 4608 2053 4677 di·

463 4735 598 4808 lationis
613 4739 648 4807 in
662 4739 814 4807 Domino
834 4763 1013 4828 servarem,
1035 4740 1261 4810 ostenderem.
1288 4742 1417 4809 Revera
1436 4740 1527 4808 enim
1545 4764 1615 4808 non
1637 4763 1727 4808 nunc
1748 4737 1895 4832 primum
1915 4733 2055 4828 diligere

464 4857 604 4952 incipio,
619 4883 720 4954 quam
734 4883 774 4928 ex
792 4858 897 4930 multo
916 4875 1068 4955 tempore
1083 4885 1136 4930 me
1155 4858 1307 4930 dilexisse
1325 4861 1535 4930 reminiscor.
1559 4859 1711 4930 Necdum
1732 4855 1830 4953 plene
1847 4871 1953 4924 metas
1972 4851 2055 4923 ado·

464 4977 630 5050 lescentiae
656 5005 879 5071 excesseram,
904 4982 1047 5054 necdum
1075 4983 1110 5052 in
1132 4981 1293 5078 juveniles
1317 5007 1423 5054 annos
1446 5006 1634 5070 evaseram,
1659 4979 1796 5076 quando
1814 5003 1959 5066 nomen,
1986 4998 2056 5044 non

484 5217 491 5242 ¹
513 5215 554 5266 lla
578 5215 724 5269 litterarior
737 5227 841 5268 exstant.
