4496 6102
438 640 509 712 380
1036 647 1163 718 PETRI
1190 645 1422 719 numatam

485 779 689 852 Notandum
702 805 788 854 vero
805 782 904 880 quod
921 785 1004 858 solis
1017 785 1216 860 infantibus
1223 786 1519 860 circumcidendis
1538 801 1679 859 certum·
1695 785 1910 885 praefinitum
1928 803 2022 861 tem·

435 921 520 996 pus,
541 898 578 970 id
595 915 648 972 est
665 915 790 974 octava
807 903 902 994 dies,
924 906 1008 1002 quia
1025 931 1087 978 eos
1103 906 1216 998 solos,
1240 907 1303 1003 qui
1321 908 1531 980 innocenter
1547 907 1690 996 vivunt,
1712 908 1813 1005 quasi
1829 907 1941 979 modo
1960 933 2022 1004 ge·

434 1018 498 1090 niti
521 1019 692 1114 infantes,
715 1023 958 1118 rationabiles,
987 1028 1062 1100 sine
1085 1026 1197 1118 dolo,
1221 1042 1358 1100 certum
1378 1043 1430 1100 est
1451 1026 1498 1100 ad
1515 1026 1608 1100 illius
1626 1053 1716 1099 verae
1737 1043 1870 1100 octarae
1892 1027 2022 1125 gautfia

433 1143 620 1236 pervenire
637 1171 645 1212 :
668 1143 729 1214 ubi
745 1159 818 1218 tarn
832 1148 1032 1218 animarum
1046 1172 1155 1246 quarn
1169 1172 1362 1246 corporum
1382 1171 1502 1219 reram
1515 1171 1557 1220 ac
1569 1148 1762 1247 perfectam
1780 1147 2019 1220 circumcisio·

434 1281 518 1362 nem
536 1243 773 1360 assequimur,
796 1281 951 1339 veterem
970 1269 1112 1366 penitus
1125 1266 1313 1339 hominem
1334 1282 1406 1340 tam
1429 1291 1494 1365 per
1516 1266 1663 1365 culpam·
1679 1266 1810 1339 scilicet
1828 1291 1937 1364 quam
1956 1291 2019 1365 per

433 1385 576 1473 poenam
591 1398 774 1473 extremes,
795 1383 855 1456 ubi
874 1411 976 1458 mens
994 1387 1143 1459 omnino
1158 1386 1202 1458 sit
1215 1385 1342 1475 libera,
1359 1401 1394 1458 et
1407 1409 1490 1458 caro
1510 1410 1531 1457 a
1549 1387 1780 1485 corruptione
1798 1385 1854 1457 rel
1874 1384 2018 1484 passibi-

433 1495 530 1569 litate
542 1501 674 1597 pariter·
688 1504 813 1576 aliena.
830 1499 958 1578 Totudl
971 1508 1106 1606 quippe
1121 1522 1261 1604 tempus
1272 1505 1350 1578 vitae
1363 1507 1545 1605 praesentis
1559 1520 1695 1604 septem
1714 1505 1840 1576 diebus
1857 1529 2018 1603 compre·

433 1613 614 1692 henditur.
637 1622 740 1694 Unde
754 1605 882 1697 nierito
893 1651 1022 1726 perpes
1033 1626 1093 1698 illa
1104 1640 1310 1698 sanctorum
1321 1624 1472 1714 claritas,
1483 1649 1561 1723 quae
1573 1639 1652 1724 post
1664 1625 2017 1723 septenariumhujus

434 1735 513 1807 vitae
531 1741 707 1836 sequitur,
727 1757 852 1818 octava
869 1745 1087 1817 nominatur.
1111 1749 1214 1816 Juxta
1231 1743 1331 1840 qood
1348 1743 1475 1843 psalmi
1485 1744 1554 1844 ‚qui
1571 1742 1769 1842 specialiter
1789 1743 1835 1814 ad
1859 1769 2018 1816 resurre-

434 1858 590 1930 ctionem
602 1864 779 1959 pertinere
794 1864 971 1958 ridentur,
983 1865 1153 1938 intitulari
1166 1889 1233 1962 pro
1250 1880 1375 1936 octava
1388 1863 1568 1936 dicuntur.
1586 1864 1750 1960 Legimus
1760 1888 1781 1935 a
1792 1868 1915 1936 losue¹
1927 1864 2018 1938 filios

435 1977 540 2049 lsrael
558 1979 677 2058 cultris
695 1985 842 2080 petrinis
858 1983 1020 2056 secundo
1038 1977 1266 2056 circumcisos
1283 2007 1384 2072 esse,
1409 2007 1521 2080 quum
1539 1997 1620 2081 post
1643 1983 1830 2054 transitum
1853 1983 2019 2055 lordanis

431 2097 506 2192 jam
518 2099 556 2169 in
570 2113 661 2172 terra
675 2103 921 2200 promissionis
934 2119 1051 2176 essent
1068 2101 1275 2176 introducti.
1297 2102 1455 2201 Populus
1468 2103 1601 2200 quippe
1615 2100 1662 2173 de
1675 2105 1826 2199 AEgypto
1841 2127 2017 2199 egressus,

436 2233 471 2288 et
495 2220 532 2290 in
560 2245 682 2294 eremo
707 2217 914 2314 defunctuS,
937 2223 1028 2298 filios
1050 2226 1086 2295 in
1112 2225 1254 2297 deserto
1276 2237 1380 2295 natos
1405 2223 1670 2295 incircumcisos
1694 2222 1897 2319 reliquerat.
1920 2228 2020 2313 Quos

436 2339 671 2435 postmodum
687 2347 793 2416 losue
807 2345 1080 2434 circumcidens,
1102 2344 1262 2418 secundo
1275 2343 1538 2416 circumcidisse
1552 2341 1643 2414 filios
1656 2341 1761 2414 lsrael
1776 2341 1905 2414 dicitur
1923 2370 1930 2415 :
1946 2369 2019 2416 non

437 2459 601 2556 quidem,
619 2464 719 2559 juxta
734 2466 936 2557 historiam,
956 2468 994 2539 in
1012 2466 1147 2539 eisdem
1167 2465 1333 2564 personis
1350 2465 1620 2537 convenientius
1638 2464 1797 2560 accipere
1816 2488 2017 2562 possumus.

437 2579 537 2652 Multi
555 2585 688 2684 quippe
713 2584 772 2658 alii
796 2588 833 2658 in
851 2587 988 2686 populo
1005 2587 1208 2660 Judaeorum
1228 2586 1360 2658 multos
1379 2583 1694 2672 circumciderunt,
1715 2599 1750 2656 et
1768 2609 1877 2656 nemo
1895 2599 2022 2683 praeter

436 2704 543 2774 Josue
561 2705 755 2779 secundam
773 2707 1080 2780 circumcisionem
1096 2707 1225 2779 dicitur
1242 2706 1430 2805 peregisse.
1460 2706 1621 2802 Legimus
1647 2703 1841 2776 Abraham¹
1862 2707 2020 2803 priorem

353 2905 367 2930 ,
438 2821 644 2896 circumcidi
661 2825 718 2896 v'el
734 2827 1016 2918 circumcidisse,
1031 2827 1149 2926 primo
1165 2825 1312 2924 quidem
1325 2824 1510 2898 lsmaelem
1527 2839 1562 2896 et
1579 2824 1789 2898 vernaculos
1805 2849 1908 2916 suos,
1925 2840 2022 2923 post·

437 2965 586 3016 cavero
610 2949 717 3016 lsaac.
744 2947 962 3046 Sephoram‘
980 2973 1125 3046 quoque
1147 2971 1297 3019 uxorem
1314 2945 1426 3042 Moysi
1451 2970 1534 3017 curn
1559 2945 1759 3017 acutissima
1781 2961 1882 3044 petra
1907 2945 2022 3019 filium

437 3064 689 3139 circumcidere
707 3069 884 3141 Dominus
901 3070 1028 3166 coegit.
1052 3069 1155 3140 Nulla
1172 3083 1290 3140 tamen
1304 3067 1432 3138 harum
1450 3066 1760 3138 circumcisionum
1779 3066 1936 3139 secunda
1949 3069 2024 3140 sive

436 3187 551 3285 prima
570 3187 664 3259 dicta
678 3203 745 3279 est,
759 3187 815 3261 vel
828 3189 1009 3262 exordiae
1023 3190 1208 3278 distincta,
1228 3189 1295 3261 nisi
1308 3213 1387 3287 quae
1402 3212 1423 3260 a
1441 3192 1547 3259 losue
1566 3203 1785 3260 memoratur
1797 3187 1899 3259 facta.
1918 3188 2024 3259 Unde

437 3306 541 3403 igitur
560 3307 626 3378 iste
650 3306 746 3378 solus
769 3307 928 3380 secundo
951 3307 1212 3381 circumcidisse
1231 3308 1385 3398 dicatur,
1411 3307 1467 3380 vel
1490 3307 1591 3403 cujus
1609 3307 1731 3405 primae
1754 3307 2025 3405 comparatione

436 3426 512 3498 haec
543 3427 699 3500 secunda
722 3429 944 3500 circumcisio
970 3445 1135 3519 vocetur,
1161 3454 1235 3502 non
1264 3430 1365 3501 facile
1395 3428 1485 3500 solvi
1509 3427 1638 3516 credo,
1663 3429 1729 3499 nisi
1750 3427 1794 3498 ad
1814 3427 2025 3524 allegoriam

437 3547 527 3642 stylo
550 3571 736 3619 converso.
760 3546 812 3619 td
830 3573 939 3644 quam
966 3572 1034 3620 nos
1059 3549 1206 3647 quidem
1237 3548 1428 3648 Apostolus
1456 3549 1626 3620 invitans*
1652 3579 1659 3618 :
1693 3577 1711 3615 «
1726 3552 1824 3636 Haec,
1843 3576 1860 3614 a
1885 3549 2023 3645 inquit,

440 3696 457 3735 u
473 3667 593 3738 omnia
612 3667 647 3737 in
667 3665 778 3763 ligura
797 3667 1050 3766 contingebant
1062 3669 1142 3741 illis.
1162 3698 1179 3736 a
1198 3668 1360 3742 Secunda
1375 3684 1494 3741 autem
1506 3667 1729 3739 circumcisio
1742 3667 1888 3758 dicitur,
1909 3693 2028 3764 quum

437 3802 538 3860 terrae
552 3789 797 3885 promissionis
808 3787 966 3861 haeredes
977 3788 1163 3878 ellicimur,
1175 3790 1247 3861 hoc
1256 3804 1308 3860 est
1316 3813 1427 3886 quum
1442 3803 1573 3860 terram
1588 3789 1782 3860 viventium
1792 3789 1831 3858 in
1843 3787 1901 3860 illa
1915 3788 2025 3880 felici,

438 3931 546 4004 quam
564 3905 734 3998 diximus,
756 3921 880 3980 octava
894 3911 1158 4006 consequimur.
1183 3909 1300 3980 Prima
1316 3933 1402 3980 vero
1420 3923 1473 3980 est
1483 3908 1726 3997 circumcisio,
1747 3933 1826 4005 quae
1842 3906 1903 3978 hic
1921 3934 2028 3981 men-

436 4043 508 4100 tem
524 4041 558 4099 et
572 4049 715 4100 carnem
729 4029 870 4119 avitiis,
887 4028 943 4100 vel
957 4029 1157 4101 carnalibus
1168 4029 1359 4119 illecebris,
1375 4042 1548 4127 quantum
1564 4027 1668 4100 nobis
1681 4029 1805 4100 datum
1819 4045 1872 4100 est
1885 4029 2031 4102 abscin-

436 4147 573 4238 dimus,
596 4162 636 4218 ut
655 4146 750 4219 illam
779 4173 887 4245 qnam
912 4174 1019 4249 supra
1046 4150 1290 4240 meminimus,
1321 4173 1442 4220 veram
1460 4162 1495 4220 et
1513 4147 1687 4243 integram
1713 4150 2030 4222 circumcisionem

436 4267 505 4339 illic
517 4293 759 4366 assequamur,
774 4293 892 4341 avero
909 4270 1039 4358 scilicet
1057 4274 1182 4358 Josue,
1197 4269 1297 4341 idest
1310 4274 1392 4342 lesu
1403 4283 1541 4359 nostro,
1555 4270 1628 4340 imo
1643 4271 1807 4340 omnium
1824 4270 2027 4342 Salvatore.

396 4467 403 4478 ,
436 4390 502 4461 llic
519 4388 652 4489 quippe
666 4388 723 4461 ille
737 4393 859 4479 Josuc,
879 4392 941 4488 qui
957 4391 1070 4488 Moysi
1088 4391 1271 4479 successit,
1292 4406 1328 4463 et
1346 4391 1381 4461 in
1399 4405 1529 4462 terram
1547 4391 1794 4489 promissionis
1805 4390 2030 4482 introduxit,

435 4526 508 4584 tam
521 4511 668 4582 nomine
686 4511 765 4608 ipso
786 4535 860 4608 quo
879 4516 985 4584 losue
1003 4511 1152 4603 dicitur,
1173 4511 1210 4583 id
1226 4527 1277 4584 est
1292 4515 1411 4600 Jesus,
1432 4536 1540 4608 quarn
1556 4511 1729 4584 factorum
1748 4535 1896 4583 suorum
1911 4514 2036 4586 excel-

435 4633 543 4705 lentia
567 4631 764 4731 specialiter
790 4635 986 4732 exprimere
1010 4633 1163 4707 videtur.
1188 4635 1274 4724 Qui,
1300 4650 1340 4707 ut
1358 4634 1495 4707 dictum
1521 4649 1593 4724 est,
1620 4634 1733 4730 Moysi
1754 4632 1976 4724 succedens,
1997 4653 2038 4707 et

335 4739 339 4748 ’
436 4751 611 4851 populum
632 4751 678 4823 de
697 4755 848 4851 AEgypto
867 4753 1067 4851 profectum
1082 4754 1119 4823 in
1141 4767 1272 4824 terram
1292 4753 1538 4852 promissionis
1559 4751 1810 4840 introducens,
1833 4753 1935 4849 quod
1968 4754 2038 4828 ille

437 4871 593 4969 incoepit,
610 4874 871 4945 consummavit
888 4901 895 4944 :
913 4875 995 4972 quia
1008 4874 1065 4947 lex
1078 4900 1144 4974 per
1161 4878 1317 4971 Moysem
1338 4890 1409 4946 tam
1428 4873 1620 4972 significata
1640 4897 1747 4972 quarn
1765 4872 1868 4962 data,
1892 4874 1991 4946 nihil
2002 4881 2035 4968 ⁸,

470 5178 478 5205 ⁴
497 5179 586 5238 dorae,
598 5193 654 5244 cap.
667 5195 690 5230 r.
705 5205 734 5218 -
744 5177 755 5204 ²
767 5181 862 5237 Gener„
877 5196 931 5247 cap.
947 5199 1010 5247 xva,
1021 5199 1043 5234 r.
1057 5185 1105 5243 96,
1119 5198 1173 5249 cap.
1191 5199 1246 5244 xxi,
1258 5200 1278 5234 v.
1292 5185 1315 5233 t.
1326 5207 1358 5220 -
1372 5182 1382 5208 ⁸
1395 5183 1488 5241 Esou„
1503 5195 1557 5248 cap.
1574 5198 1606 5242 rr,
1619 5197 1641 5232 v.
1657 5183 1698 5232 25.
1710 5211 1737 5218 --
1750 5179 1760 5207 ⁸
1772 5181 1879 5231 Corium
1890 5180 1915 5236 l,
1925 5195 1994 5244 cap.
2008 5199 2041 5240 x,

404 5287 405 5290 ¹
435 5263 827 5333 v.tr.-¹ttetr.,cap.vu,v.
843 5268 881 5318 19.
