4522 6102
820 707 823 712 .
905 642 1140 714 llPlSTOLAE.
1645 715 1649 720 ,
1734 638 1802 709 145

218 807 383 856 sororum
404 785 595 874 *tamum*
613 781 847 872 resuscitans,
872 783 944 855 hoc
971 784 1134 856 immensi
1159 784 1321 857 miraculi
1339 783 1553 857 beneficium
1575 784 1728 855 maxime
1752 781 1805 852 le-

217 904 322 976 minis
348 901 534 1000 impendit.
564 900 668 973 Unde
686 899 773 974 illud
792 917 845 975 est
865 902 1023 1002 Apostoli
1041 905 1087 975 ad
1106 903 1272 978 Hebraeos
1296 903 1524 978 scribentis¹z
1557 933 1574 972 u
1586 907 1805 996 deceperunt

218 1022 382 1096 mulieres
401 1023 446 1094 de
464 1022 721 1094 resurreetione
741 1038 902 1096 mortuos
916 1049 1014 1096 suos.
1034 1053 1051 1090 ιι
1081 1029 1169 1096 Narn
1185 1040 1220 1096 et
1232 1026 1350 1123 puella
1363 1025 1529 1097 suscitata
1548 1038 1730 1095 mortuum
1750 1046 1804 1092 re·
1883 1117 1887 1124 .

216 1145 311 1241 cepit
323 1143 474 1242 eorpus,
491 1156 527 1215 et
540 1156 670 1214 caeterae
690 1142 829 1214 lemiuae
846 1144 882 1214 in
902 1143 1185 1217 consolationem
1199 1148 1273 1234 sui,
1294 1170 1386 1243 quos
1397 1142 1613 1243 plangebant
1626 1156 1800 1230 mortuos,

217 1277 427 1360 receperunt
445 1263 641 1334 suscitatos.
667 1265 718 1332 Ex
736 1287 809 1359 quo
828 1264 934 1334 etiarn
952 1263 1080 1360 liquet,
1104 1280 1275 1361 quantam
1295 1289 1435 1363 semper
1454 1265 1592 1362 feminis
1605 1261 1803 1334 exhibuerit

216 1383 381 1480 gratiam,
402 1408 491 1481 quas
509 1397 581 1456 tam
598 1405 661 1454 sua
679 1407 788 1479 quam
802 1408 949 1455 suorum
968 1387 1236 1459 resuscitatione
1251 1387 1368 1486 primo
1389 1383 1589 1474 laetificans,
1610 1383 1802 1456 novissime

215 1530 361 1603 quoque
380 1507 455 1605 ipse
473 1507 618 1604 propria
636 1507 896 1579 resurrectione
909 1532 966 1579 eas
977 1507 1173 1606 plurimum
1193 1509 1333 1598 extulit,
1355 1507 1504 1606 quibus,
1523 1522 1561 1579 ut
1579 1506 1712 1578 dictum
1734 1519 1799 1593 est,

214 1627 373 1721 primum
391 1627 569 1724 apparuit⁸
582 1626 703 1722 :quod
723 1626 829 1697 etiam
846 1626 904 1697 hic
925 1652 1029 1700 sexus
1050 1630 1087 1727 in
1108 1629 1244 1728 populo
1263 1643 1516 1727 persequente,
1540 1625 1699 1724 quodam
1721 1649 1803 1721 erga

214 1747 413 1818 Dominum
438 1746 588 1820 naturali
613 1749 872 1846 compassionis
896 1749 1042 1840 affectu,
1070 1751 1166 1822 visus
1190 1767 1242 1824 est
1261 1753 1470 1850 promereri.
1504 1755 1549 1821 Ut
1575 1749 1670 1821 enim
1690 1752 1801 1818 Lucas

215 1867 400 1957 meminit,
420 1893 534 1964 quum
555 1892 638 1940 eum
661 1868 727 1939 viri
748 1865 796 1939 ad
814 1867 1095 1966 crucifigendum
1114 1871 1306 1961 ducerent,
1328 1870 1466 1942 feminae
1491 1870 1652 1968 ipsorum
1675 1891 1799 1962 seque-

214 1985 346 2058 bantur
369 1987 577 2086 plangentes
602 1989 718 2087 ipsum
742 2003 850 2086 atque
874 1988 1120 2062 lamentantes.
1151 1990 1288 2077 Quibus
1311 1986 1386 2090 ipse
1410 2014 1624 2078 conversus,
1646 2002 1681 2059 et
1701 1988 1801 2082 quasi

212 2107 354 2205 pietatis
370 2107 477 2203 hujus
493 2108 606 2179 vicem
625 2109 660 2178 in
681 2109 758 2206 ipso
777 2109 894 2180 statim
914 2109 1087 2207 passionis
1101 2110 1250 2182 articulo
1270 2109 1544 2182 misericorditer
1563 2110 1612 2180 eis
1630 2108 1797 2194 referens,

213 2226 386 2318 futurum,
398 2241 438 2299 ut
445 2252 569 2300 cavere
578 2244 724 2326 queant,
732 2228 889 2325 praedicit
901 2229 1066 2300 exitum‘:
1082 2230 1213 2319 «ritiae,
1228 2260 1245 2297 u
1257 2231 1400 2328 inquitl,
1415 2229 1675 2318 «Hierusalem,
1691 2227 1801 2298 nolite

213 2346 300 2418 llere
319 2371 426 2446 super
445 2372 524 2436 me,
550 2347 613 2420 sed
632 2371 738 2445 super
756 2371 820 2418 vos
841 2347 936 2444 ipsas
950 2348 1108 2439 llete,.et
1127 2374 1235 2446 super
1254 2348 1346 2421 filios
1363 2364 1519 2439 vestros,
1538 2350 1620 2445 qnia
1639 2372 1722 2420 ecce
1742 2372 1801 2418 ve·

213 2469 313 2540 nient
326 2467 421 2558 dies,
436 2468 617 2566 inquibus
633 2467 753 2540 dicent
768 2493 776 2536 ι
794 2497 811 2535 u
825 2473 939 2540 Beatae
952 2469 1107 2561 steriles,
1123 2485 1159 2542 et
1170 2485 1311 2542 ventres
1322 2471 1384 2567 qui
1399 2495 1480 2550 nou
1489 2484 1698 2568 genuerunt.
1713 2496 1730 2535 ιι
1749 2466 1801 2538 hd

212 2589 316 2686 cujus
340 2591 448 2662 etiam
478 2589 725 2661 liberationem
758 2589 967 2686 iniquissimi
986 2589 1117 2685 judicis
1145 2617 1294 2663 uxorem
1322 2607 1426 2664 antea
1451 2591 1601 2662 fideliter
1623 2590 1801 2661 laborasse

212 2710 397 2782 Matthaeus
422 2725 702 2798 commemorat,
731 2709 894 2781 dicens⁶2
923 2709 1103 2783 «Sedente
1126 2728 1245 2784 autem
1271 2712 1332 2784 illo
1355 2737 1421 2811 pro
1448 2710 1614 2787 tribunali
1640 2712 1734 2782 misit
1757 2709 1802 2781 ad

212 2829 311 2900 illurn
328 2856 418 2902 uxor
431 2830 506 2926 ejus
520 2830 661 2901 dicens:
675 2858 692 2898 u
707 2828 800 2901 Nihil
816 2827 879 2900 tihi
898 2829 1039 2925 etjusto
1059 2830 1121 2902 illi.
1140 2830 1249 2904 Multa
1270 2833 1365 2904 enim
1386 2855 1489 2930 passa
1508 2855 1588 2902 sum
1608 2830 1717 2902 hodie
1737 2854 1801 2927 per

214 2981 233 3020 u
245 2953 360 3024 visum
371 2970 518 3053 propter
527 2978 648 3026 eum.»
661 2957 743 3042 Quo
753 2954 860 3040 etiam
869 2954 1096 3051 praedicante,
1111 2953 1224 3026 solam
1236 2956 1404 3027 laminam
1414 2955 1460 3026 de
1470 2969 1544 3027 tota
1559 2952 1661 3025 turba
1672 2954 1709 3024 in
1725 2967 1800 3023 tan·

212 3087 286 3146 tam
312 3073 388 3169 ejus
415 3074 558 3148 laudem
579 3075 729 3172 legimus
749 3073 915 3144 extulisse
938 3099 1083 3164 vocem,
1114 3089 1153 3147 ut
1172 3074 1316 3147 beatum
1343 3075 1553 3148 exclamaret
1574 3089 1714 3147 uterum
1739 3074 1800 3171 qui

210 3218 296 3265 etun
314 3198 526 3293 portaverit,
548 3210 584 3266 et
603 3195 714 3268 ubera
731 3219 810 3292 quae
832 3196 975 3266 suxerit.
1003 3201 1028 3267 Α
1052 3221 1126 3293 quo
1140 3211 1176 3270 et
1198 3198 1315 3269 statim
1338 3197 1434 3294 piam
1454 3195 1685 3267 consessionis
1706 3220 1796 3284 snae,

212 3312 292 3386 licet
303 3315 503 3407 verissimae,
516 3317 774 3388 correctionem
785 3315 915 3386 meruit
924 3315 1061 3404 audire,
1072 3317 1148 3413 ipso
1162 3317 1348 3388 confestim
1357 3315 1667 3416 ei-respnndente⁷:
1682 3316 1799 3402 «Quin

211 3435 286 3506 imo
311 3435 406 3508 beati
431 3437 493 3533 qui
521 3437 671 3509 audiunt
691 3435 840 3508 verbum
862 3436 948 3526 Dei,
970 3451 1006 3506 et
1026 3437 1233 3508 custodiunt
1252 3435 1379 3508 illud.»
1400 3437 1503 3508 Solus
1526 3441 1680 3508 loannes
1710 3434 1801 3506 iu'ter

209 3556 393 3653 apostolos
407 3556 536 3628 Christi
548 3557 620 3629 hoc
633 3555 855 3655 privilegium
870 3557 1001 3628 amoris
1022 3555 1199 3646 obtinuit,
1223 3573 1262 3630 ut
1276 3557 1425 3630 dilectus
1438 3557 1584 3628 Domini
1601 3569 1797 3627 vocaretur.

210 3679 263 3746 De
279 3677 418 3748 Martha
428 3692 548 3752 autem
559 3693 595 3750 et
605 3677 715 3749 Maria
728 3677 804 3775 ipse
816 3675 937 3748 scribit
949 3680 1131 3767 loannes⁸,
1149 3707 1166 3746 u
1177 3679 1262 3775 quia
1276 3677 1443 3775 diligebat
1454 3682 1553 3749 lesus
1564 3676 1751 3763 Martham,
1767 3691 1802 3746 et

209 3819 373 3868 sororem
383 3798 459 3893 ejus
468 3798 633 3888 Mariam,
649 3812 685 3870 et
693 3802 877 3870 Lazarum.
889 3826 906 3864 ιι
923 3801 1002 3893 lpse
1015 3797 1112 3868 idem
1128 3799 1326 3896 apostolus,
1342 3800 1404 3897 qui
1417 3825 1459 3872 ex
1473 3798 1676 3897 privilegiu,
1693 3815 1732 3870 ut
1753 3799 1803 3870 di·

208 3932 308 3989 ctum
320 3932 385 4006 est,
399 3919 543 4008 amoris,
555 3941 593 3990 se
607 3942 720 3990 unum
734 3942 754 3988 a
766 3917 923 3988 Domino
938 3916 1108 3988 dilectum
1122 3941 1198 3990 esse
1216 3936 1489 4011 commemorat,
1511 3920 1581 3991 hoc
1600 3921 1678 4018 ipso
1698 3920 1801 4016 privi-

209 4035 318 4136 legio,
334 4039 434 4135 quod
449 4038 538 4110 nulli
549 4038 699 4122 aliorum
718 4037 878 4132 ascripsit
892 4035 1159 4134 apostolorum,
1172 4037 1320 4133 seminas
1335 4039 1527 4136 insignivit.
1549 4043 1587 4109 ln
1601 4063 1675 4137 quo
1695 4039 1800 4110 etiam

209 4157 352 4232 honore
371 4159 435 4231 etsi
460 4159 603 4232 fratrem
625 4167 748 4232 earum
774 4157 857 4255 ipsis
875 4172 1101 4254 aggregaret,
1132 4181 1191 4230 eas
1214 4172 1333 4229 tamen
1353 4158 1403 4230 illi
1421 4160 1632 4258 praeposuit,
1655 4159 1800 4255 quasin

207 4302 335 4350 amore
349 4278 548 4375 praecellere
566 4279 729 4351 credidit.
752 4277 853 4349 Libet
869 4277 1044 4374 denique,
1069 4293 1108 4348 ut
1122 4277 1168 4348 ad
1182 4276 1305 4350 fideles
1319 4303 1381 4350 seu
1394 4279 1603 4350 christianas
1615 4276 1801 4363 redeamus

206 4398 387 4488 feminas,
414 4397 543 4470 divinae
565 4413 766 4497 respectum
790 4397 1039 4467 misericordiae
1058 4397 1094 4466 in
1125 4397 1201 4495 ipsa
1221 4399 1328 4468 etiam
1351 4397 1577 4496 publicorum
1602 4396 1800 4494 abjectione

202 4532 414 4590 scortorum
438 4532 474 4589 et
497 4517 675 4617 stupendo
693 4516 908 4615 praedicare,
934 4528 969 4588 et
994 4515 1222 4614 praedicando
1250 4530 1405 4616 stupere.
1431 4517 1527 4606 Quid
1552 4531 1605 4588 est
1630 4514 1800 4611 abjectius

198 4661 321 4736 quam
339 4637 448 4709 Maria
464 4636 671 4734 Magdalene
697 4635 754 4708 vel
780 4637 889 4707 Maria
908 4635 1114 4733 AEgyptiaca
1134 4637 1333 4710 secundum
1362 4638 1442 4709 vitae
1469 4651 1599 4708 statum
1622 4636 1798 4735 pristinae,

195 4783 300 4857 quas
318 4783 404 4830 vero
421 4758 655 4856 postmodum
672 4757 729 4828 vel
743 4757 882 4828 honore
900 4755 956 4830 vel
978 4757 1106 4828 merito
1128 4757 1249 4829 divina
1268 4757 1419 4856 amplius
1441 4759 1549 4858 gratia
1575 4756 1800 4830 sublimavit?

192 4878 312 4951 lllam
332 4879 480 4977 quidem
494 4879 595 4977 quasi
615 4879 651 4950 in
668 4877 866 4976 apostolico
886 4893 1158 4977 permanentem
1173 4880 1360 4970 coenobie,
1382 4896 1422 4953 ut
1435 4881 1510 4978 jam
1524 4905 1631 4979 supra
1644 4905 1801 4954 comme·

241 5110 253 5137 ⁶
274 5109 358 5174 loen,
377 5127 432 5178 cap.
451 5128 481 5171 ιι,
494 5127 518 5162 ι.
530 5111 572 5162 ll.
586 5137 619 5150 -
630 5109 641 5137 '
654 5113 739 5171 llebr„
753 5125 808 5178 cap.
823 5128 853 5169 ιι,
869 5127 892 5161 ιι.
905 5113 947 5162 85.
959 5135 992 5148 -·
1025 5127 1080 5180 cap.
1094 5129 1171 5172 xxru,
1185 5129 1209 5163 ιι.
1226 5115 1264 5163 19,
1278 5138 1312 5151 -
1324 5113 1333 5140 ¹
1346 5114 1418 5174 Luc,
1432 5129 1488 5180 cap.
1503 5131 1533 5173 ιι,
1550 5131 1572 5165 ιι,
1597 5117 1637 5164 28.
1650 5113 1701 5152 -'
1718 5113 1800 5174 loun,

188 5197 203 5225 ⁸
233 5193 340 5254 men..
362 5211 419 5263 cap.
441 5213 527 5247 xxrru.
538 5222 555 5234 -
566 5196 654 5256 ttae..
674 5211 730 5262 cap.
752 5211 803 5246 xvi.
817 5223 843 5232 α
857 5194 867 5222 ⁴
883 5197 992 5248 Exitium
1025 5214 1081 5265 cap.
1095 5215 1127 5260 ιι,
1138 5214 1164 5248 v.
1177 5201 1200 5248 5.

184 5279 260 5333 MS.
280 5277 351 5330 tuh.
362 5305 390 5316 -
407 5280 500 5342 'Luc.‚
512 5295 567 5347 cap.
582 5297 642 5332 xxru
650 5275 659 5342 ,
667 5296 692 5334 v.
703 5283 734 5330 ts
749 5291 775 5330 et
783 5283 825 5330 29.
835 5307 864 5316 -
874 5279 885 5307 ⁸
894 5280 992 5345 ttuth„

335 5381 345 5426 ι
1645 5372 1681 5429 19
