<?xml version="1.0" encoding="UTF-8"?>
<!DOCTYPE html PUBLIC "-//W3C//DTD XHTML 1.0 Transitional//EN"
    "http://www.w3.org/TR/xhtml1/DTD/xhtml1-transitional.dtd">
<html xmlns="http://www.w3.org/1999/xhtml" xml:lang="en" lang="en">
 <head>
  <title>
</title>
<meta http-equiv="Content-Type" content="text/html;charset=utf-8" />
  <meta name='ocr-system' content='tesseract 3.04.00' />
  <meta name='ocr-capabilities' content='ocr_page ocr_carea ocr_par ocr_line ocrx_word'/>
</head>
<body>
  <div class='ocr_page' id='page_1' title='image "./petriablardiope01despgoog_0611.png"; bbox 0 0 4536 6102; ppageno 0'>
   <div class='ocr_carea' id='block_1_1' title="bbox 1022 787 1429 956">
    <p class='ocr_par' dir='ltr' id='par_1_1' title="bbox 1022 787 1429 956">
     <span class='ocr_line' id='line_1_1' title="bbox 1022 787 1429 956; baseline 0.005 -50"><span class='ocrx_word' id='word_1_1' title='bbox 1022 935 1030 956; x_wconf 39' lang='grc'><strong>,</strong></span> <span class='ocrx_word' id='word_1_2' title='bbox 1072 787 1429 908; x_wconf 75' lang='lat' dir='ltr'><strong>nnorsnn</strong></span> 
     </span>
    </p>
   </div>
   <div class='ocr_carea' id='block_1_2' title="bbox 626 1101 1878 1374">
    <p class='ocr_par' dir='ltr' id='par_1_2' title="bbox 626 1101 1878 1374">
     <span class='ocr_line' id='line_1_2' title="bbox 626 1101 1878 1374; baseline -0.003 -58"><span class='ocrx_word' id='word_1_3' title='bbox 626 1109 1036 1374; x_wconf 79' lang='lat' dir='ltr'><strong>narni</strong></span> <span class='ocrx_word' id='word_1_4' title='bbox 1133 1101 1878 1318; x_wconf 72' lang='lat' dir='ltr'><strong>tonitrui</strong></span> 
     </span>
    </p>
   </div>
   <div class='ocr_carea' id='block_1_3' title="bbox 760 1461 1742 1607">
    <p class='ocr_par' dir='ltr' id='par_1_3' title="bbox 760 1461 1742 1607">
     <span class='ocr_line' id='line_1_3' title="bbox 760 1461 1742 1607; baseline -0.002 -3"><span class='ocrx_word' id='word_1_5' title='bbox 760 1461 1060 1607; x_wconf 82' lang='lat' dir='ltr'><strong>nrrosmo</strong></span> <span class='ocrx_word' id='word_1_6' title='bbox 1093 1511 1400 1606; x_wconf 82' lang='lat' dir='ltr'><strong>omnoms</strong></span> <span class='ocrx_word' id='word_1_7' title='bbox 1434 1511 1742 1604; x_wconf 82' lang='lat' dir='ltr'><strong>nomnen.</strong></span> 
     </span>
    </p>
   </div>
   <div class='ocr_carea' id='block_1_4' title="bbox 457 2305 2040 4538">
    <p class='ocr_par' dir='ltr' id='par_1_4' title="bbox 457 2305 2040 4538">
     <span class='ocr_line' id='line_1_4' title="bbox 506 2305 2037 2406; baseline 0.001 -29"><span class='ocrx_word' id='word_1_8' title='bbox 506 2311 603 2378; x_wconf 88' lang='lat' dir='ltr'><strong>Inter</strong></span> <span class='ocrx_word' id='word_1_9' title='bbox 619 2307 741 2379; x_wconf 88' lang='lat' dir='ltr'><strong>omnia</strong></span> <span class='ocrx_word' id='word_1_10' title='bbox 757 2331 836 2404; x_wconf 85' lang='lat' dir='ltr'><strong>quae</strong></span> <span class='ocrx_word' id='word_1_11' title='bbox 852 2306 1020 2403; x_wconf 84' lang='lat' dir='ltr'>fragilitas</span> <span class='ocrx_word' id='word_1_12' title='bbox 1035 2306 1195 2379; x_wconf 88' lang='lat' dir='ltr'><strong>humana</strong></span> <span class='ocrx_word' id='word_1_13' title='bbox 1211 2305 1327 2378; x_wconf 81' lang='lat' dir='ltr'><strong>iacere</strong></span> <span class='ocrx_word' id='word_1_14' title='bbox 1343 2321 1479 2406; x_wconf 85' lang='lat' dir='ltr'><strong>potest,</strong></span> <span class='ocrx_word' id='word_1_15' title='bbox 1497 2306 1595 2379; x_wconf 88' lang='lat' dir='ltr'><strong>unde</strong></span> <span class='ocrx_word' id='word_1_16' title='bbox 1611 2309 1752 2406; x_wconf 88' lang='lat' dir='ltr'><strong>placere</strong></span> <span class='ocrx_word' id='word_1_17' title='bbox 1767 2305 1968 2394; x_wconf 84' lang='lat' dir='ltr'><strong>conditori,</strong></span> <span class='ocrx_word' id='word_1_18' title='bbox 1986 2307 2037 2379; x_wconf 88' lang='lat' dir='ltr'><strong>vel</strong></span> 
     </span>
     <span class='ocr_line' id='line_1_5' title="bbox 458 2425 2038 2525; baseline 0.001 -28"><span class='ocrx_word' id='word_1_19' title='bbox 458 2449 541 2497; x_wconf 93' lang='lat' dir='ltr'><strong>eum</strong></span> <span class='ocrx_word' id='word_1_20' title='bbox 557 2425 699 2523; x_wconf 83' lang='lat' dir='ltr'><strong>placare</strong></span> <span class='ocrx_word' id='word_1_21' title='bbox 715 2426 846 2516; x_wconf 74' lang='lat' dir='ltr'><strong>valeat,</strong></span> <span class='ocrx_word' id='word_1_22' title='bbox 864 2426 1060 2525; x_wconf 88' lang='lat' dir='ltr'><strong>plurimum</strong></span> <span class='ocrx_word' id='word_1_23' title='bbox 1077 2426 1224 2524; x_wconf 90' lang='lat' dir='ltr'><strong>prodest</strong></span> <span class='ocrx_word' id='word_1_24' title='bbox 1239 2427 1369 2516; x_wconf 88' lang='lat' dir='ltr'><strong>oratio,</strong></span> <span class='ocrx_word' id='word_1_25' title='bbox 1388 2427 1417 2497; x_wconf 92' lang='lat' dir='ltr'><strong>si</strong></span> <span class='ocrx_word' id='word_1_26' title='bbox 1433 2451 1517 2499; x_wconf 88' lang='lat' dir='ltr'><strong>cum</strong></span> <span class='ocrx_word' id='word_1_27' title='bbox 1533 2451 1625 2525; x_wconf 88' lang='lat' dir='ltr'><strong>pura</strong></span> <span class='ocrx_word' id='word_1_28' title='bbox 1639 2427 1858 2500; x_wconf 87' lang='lat' dir='ltr'><strong>conscientia</strong></span> <span class='ocrx_word' id='word_1_29' title='bbox 1873 2441 1911 2498; x_wconf 91' lang='lat' dir='ltr'><strong>et</strong></span> <span class='ocrx_word' id='word_1_30' title='bbox 1925 2426 2038 2498; x_wconf 89' lang='lat' dir='ltr'><strong>cordis</strong></span> 
     </span>
     <span class='ocr_line' id='line_1_6' title="bbox 457 2544 2038 2645; baseline 0.001 -29"><span class='ocrx_word' id='word_1_31' title='bbox 457 2544 657 2617; x_wconf 88' lang='lat' dir='ltr'><strong>humilitate</strong></span> <span class='ocrx_word' id='word_1_32' title='bbox 679 2544 752 2618; x_wconf 85' lang='lat' dir='ltr'><strong>fiat.</strong></span> <span class='ocrx_word' id='word_1_33' title='bbox 775 2546 861 2617; x_wconf 93' lang='lat' dir='ltr'><strong>Ideo</strong></span> <span class='ocrx_word' id='word_1_34' title='bbox 882 2545 965 2618; x_wconf 88' lang='lat' dir='ltr'><strong>dico</strong></span> <span class='ocrx_word' id='word_1_35' title='bbox 982 2571 1066 2618; x_wconf 85' lang='lat' dir='ltr'><strong>curn</strong></span> <span class='ocrx_word' id='word_1_36' title='bbox 1081 2570 1173 2645; x_wconf 89' lang='lat' dir='ltr'><strong>pura</strong></span> <span class='ocrx_word' id='word_1_37' title='bbox 1189 2547 1409 2618; x_wconf 88' lang='lat' dir='ltr'><strong>conscientia</strong></span> <span class='ocrx_word' id='word_1_38' title='bbox 1429 2562 1464 2618; x_wconf 93' lang='lat' dir='ltr'><strong>et</strong></span> <span class='ocrx_word' id='word_1_39' title='bbox 1484 2571 1568 2618; x_wconf 88' lang='lat' dir='ltr'><strong>cum</strong></span> <span class='ocrx_word' id='word_1_40' title='bbox 1588 2548 1708 2620; x_wconf 88' lang='lat' dir='ltr'><strong>cordis</strong></span> <span class='ocrx_word' id='word_1_41' title='bbox 1722 2547 1938 2636; x_wconf 87' lang='lat' dir='ltr'><strong>humilitate,</strong></span> <span class='ocrx_word' id='word_1_42' title='bbox 1960 2547 2038 2644; x_wconf 87' lang='lat' dir='ltr'><strong>quia</strong></span> 
     </span>
     <span class='ocr_line' id='line_1_7' title="bbox 458 2663 2038 2766; baseline 0.001 -32"><span class='ocrx_word' id='word_1_43' title='bbox 458 2663 488 2734; x_wconf 87' lang='lat' dir='ltr'><strong>si</strong></span> <span class='ocrx_word' id='word_1_44' title='bbox 503 2663 721 2736; x_wconf 87' lang='lat' dir='ltr'><strong>conscientia</strong></span> <span class='ocrx_word' id='word_1_45' title='bbox 738 2664 844 2737; x_wconf 88' lang='lat' dir='ltr'><strong>fuerit</strong></span> <span class='ocrx_word' id='word_1_46' title='bbox 859 2665 965 2737; x_wconf 87' lang='lat' dir='ltr'><strong>sorde</strong></span> <span class='ocrx_word' id='word_1_47' title='bbox 981 2688 1100 2762; x_wconf 74' lang='lat' dir='ltr'><strong>pravae</strong></span> <span class='ocrx_word' id='word_1_48' title='bbox 1115 2664 1326 2754; x_wconf 82' lang='lat' dir='ltr'><strong>voluntatis,</strong></span> <span class='ocrx_word' id='word_1_49' title='bbox 1344 2665 1401 2736; x_wconf 86' lang='lat' dir='ltr'><strong>vel</strong></span> <span class='ocrx_word' id='word_1_50' title='bbox 1418 2667 1537 2763; x_wconf 91' lang='lat' dir='ltr'><strong>operis</strong></span> <span class='ocrx_word' id='word_1_51' title='bbox 1554 2690 1655 2738; x_wconf 83' lang='lat' dir='ltr'><strong>naevo</strong></span> <span class='ocrx_word' id='word_1_52' title='bbox 1671 2665 1830 2766; x_wconf 87' lang='lat' dir='ltr'><strong>polluta,</strong></span> <span class='ocrx_word' id='word_1_53' title='bbox 1849 2666 1879 2736; x_wconf 91' lang='lat' dir='ltr'><strong>si</strong></span> <span class='ocrx_word' id='word_1_54' title='bbox 1894 2689 1959 2736; x_wconf 88' lang='lat' dir='ltr'><strong>cor</strong></span> <span class='ocrx_word' id='word_1_55' title='bbox 1982 2689 2038 2736; x_wconf 84' lang='lat' dir='ltr'><strong>no</strong></span> 
     </span>
     <span class='ocr_line' id='line_1_8' title="bbox 457 2781 2037 2883; baseline 0.001 -29"><span class='ocrx_word' id='word_1_56' title='bbox 457 2797 571 2854; x_wconf 88' lang='lat' dir='ltr'><strong>strum</strong></span> <span class='ocrx_word' id='word_1_57' title='bbox 586 2783 685 2856; x_wconf 88' lang='lat' dir='ltr'><strong>inani</strong></span> <span class='ocrx_word' id='word_1_58' title='bbox 702 2781 807 2856; x_wconf 84' lang='lat' dir='ltr'><strong>iuerit</strong></span> <span class='ocrx_word' id='word_1_59' title='bbox 823 2782 977 2855; x_wconf 88' lang='lat' dir='ltr'><strong>elatione</strong></span> <span class='ocrx_word' id='word_1_60' title='bbox 989 2782 1180 2881; x_wconf 78' lang='lat' dir='ltr'><strong>repletum,</strong></span> <span class='ocrx_word' id='word_1_61' title='bbox 1193 2785 1309 2855; x_wconf 88' lang='lat' dir='ltr'><strong>oratio</strong></span> <span class='ocrx_word' id='word_1_62' title='bbox 1325 2799 1450 2858; x_wconf 89' lang='lat' dir='ltr'><strong>nostra</strong></span> <span class='ocrx_word' id='word_1_63' title='bbox 1458 2785 1556 2883; x_wconf 91' lang='lat' dir='ltr'><strong>apud</strong></span> <span class='ocrx_word' id='word_1_64' title='bbox 1566 2789 1683 2857; x_wconf 89' lang='lat' dir='ltr'><strong>Deum</strong></span> <span class='ocrx_word' id='word_1_65' title='bbox 1691 2810 1766 2857; x_wconf 91' lang='lat' dir='ltr'><strong>non</strong></span> <span class='ocrx_word' id='word_1_66' title='bbox 1778 2785 1962 2883; x_wconf 84' lang='lat' dir='ltr'><strong>recipitur,</strong></span> <span class='ocrx_word' id='word_1_67' title='bbox 1977 2809 2037 2856; x_wconf 89' lang='lat' dir='ltr'><strong>nee</strong></span> 
     </span>
     <span class='ocr_line' id='line_1_9' title="bbox 457 2903 2036 3000; baseline 0.002 -29"><span class='ocrx_word' id='word_1_68' title='bbox 457 2916 579 2974; x_wconf 90' lang='lat' dir='ltr'><strong>noster</strong></span> <span class='ocrx_word' id='word_1_69' title='bbox 595 2903 736 2974; x_wconf 84' lang='lat' dir='ltr'><strong>animus</strong></span> <span class='ocrx_word' id='word_1_70' title='bbox 752 2903 951 2975; x_wconf 77' lang='lat' dir='ltr'><strong>exauditur.</strong></span> <span class='ocrx_word' id='word_1_71' title='bbox 971 2903 1041 2988; x_wconf 86' lang='lat' dir='ltr'><strong>Qui</strong></span> <span class='ocrx_word' id='word_1_72' title='bbox 1061 2903 1190 2974; x_wconf 89' lang='lat' dir='ltr'><strong>avertit</strong></span> <span class='ocrx_word' id='word_1_73' title='bbox 1212 2926 1335 2975; x_wconf 86' lang='lat' dir='ltr'><strong>aurem</strong></span> <span class='ocrx_word' id='word_1_74' title='bbox 1351 2927 1454 2975; x_wconf 89' lang='lat' dir='ltr'><strong>suam</strong></span> <span class='ocrx_word' id='word_1_75' title='bbox 1476 2927 1522 2976; x_wconf 91' lang='lat' dir='ltr'><strong>ne</strong></span> <span class='ocrx_word' id='word_1_76' title='bbox 1539 2903 1660 2976; x_wconf 88' lang='lat' dir='ltr'><strong>audiat</strong></span> <span class='ocrx_word' id='word_1_77' title='bbox 1680 2905 1813 3000; x_wconf 84' lang='lat' dir='ltr'><strong>legem,</strong></span> <span class='ocrx_word' id='word_1_78' title='bbox 1831 2904 1948 2975; x_wconf 87' lang='lat' dir='ltr'><strong>oratio</strong></span> <span class='ocrx_word' id='word_1_79' title='bbox 1969 2903 2036 2999; x_wconf 89' lang='lat' dir='ltr'><strong>ejus</strong></span> 
     </span>
     <span class='ocr_line' id='line_1_10' title="bbox 458 3021 2037 3118; baseline 0.001 -26"><span class='ocrx_word' id='word_1_80' title='bbox 458 3021 524 3093; x_wconf 87' lang='lat' dir='ltr'><strong>erit</strong></span> <span class='ocrx_word' id='word_1_81' title='bbox 540 3022 757 3094; x_wconf 86' lang='lat' dir='ltr'><strong>execrabilis.</strong></span> <span class='ocrx_word' id='word_1_82' title='bbox 776 3022 950 3095; x_wconf 82' lang='lat' dir='ltr'>Mediator</span> <span class='ocrx_word' id='word_1_83' title='bbox 970 3022 1091 3118; x_wconf 90' lang='lat' dir='ltr'><strong>itaque</strong></span> <span class='ocrx_word' id='word_1_84' title='bbox 1107 3023 1174 3093; x_wconf 91' lang='lat' dir='ltr'><strong>Dei</strong></span> <span class='ocrx_word' id='word_1_85' title='bbox 1195 3036 1230 3093; x_wconf 93' lang='lat' dir='ltr'><strong>et</strong></span> <span class='ocrx_word' id='word_1_86' title='bbox 1250 3021 1441 3095; x_wconf 91' lang='lat' dir='ltr'><strong>hominum</strong></span> <span class='ocrx_word' id='word_1_87' title='bbox 1461 3023 1574 3094; x_wconf 91' lang='lat' dir='ltr'><strong>homo</strong></span> <span class='ocrx_word' id='word_1_88' title='bbox 1595 3023 1756 3095; x_wconf 89' lang='lat' dir='ltr'><strong>Christus</strong></span> <span class='ocrx_word' id='word_1_89' title='bbox 1776 3028 1858 3095; x_wconf 88' lang='lat' dir='ltr'><strong>Jesu</strong></span> <span class='ocrx_word' id='word_1_90' title='bbox 1878 3023 2037 3096; x_wconf 77' lang='lat' dir='ltr'><strong>humana</strong></span> 
     </span>
     <span class='ocr_line' id='line_1_11' title="bbox 457 3143 2036 3241; baseline -0.002 -25"><span class='ocrx_word' id='word_1_91' title='bbox 457 3144 561 3216; x_wconf 78' lang='lat' dir='ltr'><strong>saluti</strong></span> <span class='ocrx_word' id='word_1_92' title='bbox 580 3144 773 3216; x_wconf 86' lang='lat' dir='ltr'><strong>consulens</strong></span> <span class='ocrx_word' id='word_1_93' title='bbox 793 3159 829 3216; x_wconf 91' lang='lat' dir='ltr'><strong>et</strong></span> <span class='ocrx_word' id='word_1_94' title='bbox 849 3143 899 3215; x_wconf 93' lang='lat' dir='ltr'><strong>illi</strong></span> <span class='ocrx_word' id='word_1_95' title='bbox 925 3143 1203 3216; x_wconf 83' lang='lat' dir='ltr'><strong>misericorditer</strong></span> <span class='ocrx_word' id='word_1_96' title='bbox 1229 3143 1440 3241; x_wconf 82' lang='lat' dir='ltr'><strong>providens,</strong></span> <span class='ocrx_word' id='word_1_97' title='bbox 1465 3144 1558 3214; x_wconf 89' lang='lat' dir='ltr'><strong>inter</strong></span> <span class='ocrx_word' id='word_1_98' title='bbox 1580 3159 1707 3216; x_wconf 82' lang='lat' dir='ltr'><strong>caetera</strong></span> <span class='ocrx_word' id='word_1_99' title='bbox 1726 3144 1955 3216; x_wconf 76' lang='lat' dir='ltr'><strong>sanctissimae</strong></span> <span class='ocrx_word' id='word_1_100' title='bbox 1976 3143 2036 3214; x_wconf 92' lang='lat' dir='ltr'><strong>do-</strong></span> 
     </span>
     <span class='ocr_line' id='line_1_12' title="bbox 458 3261 2035 3361; baseline -0.001 -26"><span class='ocrx_word' id='word_1_101' title='bbox 458 3265 579 3336; x_wconf 84' lang='lat' dir='ltr'><strong>ctrinae</strong></span> <span class='ocrx_word' id='word_1_102' title='bbox 599 3263 710 3338; x_wconf 88' lang='lat' dir='ltr'><strong>verba</strong></span> <span class='ocrx_word' id='word_1_103' title='bbox 730 3263 884 3336; x_wconf 78' lang='lat' dir='ltr'><strong>formam</strong></span> <span class='ocrx_word' id='word_1_104' title='bbox 905 3265 1078 3336; x_wconf 85' lang='lat' dir='ltr'><strong>orationis</strong></span> <span class='ocrx_word' id='word_1_105' title='bbox 1099 3263 1267 3354; x_wconf 77' lang='lat' dir='ltr'><strong>instituit,</strong></span> <span class='ocrx_word' id='word_1_106' title='bbox 1288 3279 1324 3335; x_wconf 91' lang='lat' dir='ltr'><strong>et</strong></span> <span class='ocrx_word' id='word_1_107' title='bbox 1346 3262 1533 3361; x_wconf 90' lang='lat' dir='ltr'><strong>quomodo</strong></span> <span class='ocrx_word' id='word_1_108' title='bbox 1554 3269 1694 3337; x_wconf 87' lang='lat' dir='ltr'><strong>Patrem</strong></span> <span class='ocrx_word' id='word_1_109' title='bbox 1710 3287 1814 3336; x_wconf 89' lang='lat' dir='ltr'><strong>orare</strong></span> <span class='ocrx_word' id='word_1_110' title='bbox 1829 3261 2035 3348; x_wconf 83' lang='lat' dir='ltr'><strong>debeamus,</strong></span> 
     </span>
     <span class='ocr_line' id='line_1_13' title="bbox 458 3382 2037 3482; baseline -0.001 -28"><span class='ocrx_word' id='word_1_111' title='bbox 458 3383 603 3454; x_wconf 90' lang='lat' dir='ltr'><strong>edocuit</strong></span> <span class='ocrx_word' id='word_1_112' title='bbox 611 3383 765 3456; x_wconf 87' lang='lat' dir='ltr'><strong>dicens¹:</strong></span> <span class='ocrx_word' id='word_1_113' title='bbox 779 3388 927 3470; x_wconf 87' lang='lat' dir='ltr'><strong>«Quum</strong></span> <span class='ocrx_word' id='word_1_114' title='bbox 935 3382 1178 3472; x_wconf 90' lang='lat' dir='ltr'><strong>orabitis,n0n</strong></span> <span class='ocrx_word' id='word_1_115' title='bbox 1189 3383 1285 3455; x_wconf 90' lang='lat' dir='ltr'><strong>eritis</strong></span> <span class='ocrx_word' id='word_1_116' title='bbox 1295 3382 1670 3482; x_wconf 82' lang='lat' dir='ltr'><strong>sicuthypocritae,qui</strong></span> <span class='ocrx_word' id='word_1_117' title='bbox 1679 3397 1802 3456; x_wconf 89' lang='lat' dir='ltr'><strong>amant</strong></span> <span class='ocrx_word' id='word_1_118' title='bbox 1810 3384 1847 3454; x_wconf 94' lang='lat' dir='ltr'><strong>in</strong></span> <span class='ocrx_word' id='word_1_119' title='bbox 1858 3385 2037 3480; x_wconf 79' lang='lat' dir='ltr'><strong>synagogis</strong></span> 
     </span>
     <span class='ocr_line' id='line_1_14' title="bbox 458 3501 2038 3604; baseline 0.002 -34"><span class='ocrx_word' id='word_1_120' title='bbox 458 3515 493 3571; x_wconf 89' lang='lat' dir='ltr'><strong>et</strong></span> <span class='ocrx_word' id='word_1_121' title='bbox 510 3501 546 3572; x_wconf 93' lang='lat' dir='ltr'><strong>in</strong></span> <span class='ocrx_word' id='word_1_122' title='bbox 564 3502 701 3598; x_wconf 76' lang='lat' dir='ltr'><strong>angulis</strong></span> <span class='ocrx_word' id='word_1_123' title='bbox 718 3503 917 3599; x_wconf 84' lang='lat' dir='ltr'><strong>platearum</strong></span> <span class='ocrx_word' id='word_1_124' title='bbox 938 3517 1071 3604; x_wconf 80' lang='lat' dir='ltr'><strong>stantes</strong></span> <span class='ocrx_word' id='word_1_125' title='bbox 1093 3527 1196 3575; x_wconf 85' lang='lat' dir='ltr'><strong>orare</strong></span> <span class='ocrx_word' id='word_1_126' title='bbox 1214 3531 1222 3574; x_wconf 91' lang='lat'><strong>:</strong></span> <span class='ocrx_word' id='word_1_127' title='bbox 1239 3519 1383 3576; x_wconf 88' lang='lat' dir='ltr'><strong>orantes</strong></span> <span class='ocrx_word' id='word_1_128' title='bbox 1400 3519 1519 3577; x_wconf 88' lang='lat' dir='ltr'><strong>autem</strong></span> <span class='ocrx_word' id='word_1_129' title='bbox 1536 3503 1647 3578; x_wconf 87' lang='lat' dir='ltr'><strong>nolite</strong></span> <span class='ocrx_word' id='word_1_130' title='bbox 1663 3504 1818 3576; x_wconf 88' lang='lat' dir='ltr'><strong>multum</strong></span> <span class='ocrx_word' id='word_1_131' title='bbox 1839 3504 1939 3601; x_wconf 91' lang='lat' dir='ltr'><strong>loqui</strong></span> <span class='ocrx_word' id='word_1_132' title='bbox 1954 3505 2038 3576; x_wconf 91' lang='lat' dir='ltr'><strong>sicut</strong></span> 
     </span>
     <span class='ocr_line' id='line_1_15' title="bbox 458 3622 2034 3722; baseline -0.001 -29"><span class='ocrx_word' id='word_1_133' title='bbox 458 3622 605 3694; x_wconf 91' lang='lat' dir='ltr'><strong>ethnici.</strong></span> <span class='ocrx_word' id='word_1_134' title='bbox 622 3627 754 3695; x_wconf 84' lang='lat' dir='ltr'><strong>Putant</strong></span> <span class='ocrx_word' id='word_1_135' title='bbox 768 3624 866 3695; x_wconf 85' lang='lat' dir='ltr'><strong>enirn</strong></span> <span class='ocrx_word' id='word_1_136' title='bbox 881 3626 966 3721; x_wconf 88' lang='lat' dir='ltr'><strong>quia</strong></span> <span class='ocrx_word' id='word_1_137' title='bbox 981 3625 1018 3696; x_wconf 89' lang='lat' dir='ltr'><strong>in</strong></span> <span class='ocrx_word' id='word_1_138' title='bbox 1035 3623 1262 3722; x_wconf 91' lang='lat' dir='ltr'><strong>multiloquio</strong></span> <span class='ocrx_word' id='word_1_139' title='bbox 1279 3651 1345 3696; x_wconf 91' lang='lat' dir='ltr'><strong>suo</strong></span> <span class='ocrx_word' id='word_1_140' title='bbox 1360 3625 1607 3698; x_wconf 82' lang='lat' dir='ltr'><strong>exaudiantur.</strong></span> <span class='ocrx_word' id='word_1_141' title='bbox 1622 3627 1680 3698; x_wconf 90' lang='lat' dir='ltr'><strong>Sic</strong></span> <span class='ocrx_word' id='word_1_142' title='bbox 1694 3650 1779 3721; x_wconf 85' lang='lat' dir='ltr'><strong>ergo</strong></span> <span class='ocrx_word' id='word_1_143' title='bbox 1795 3637 1860 3696; x_wconf 81' lang='lat' dir='ltr'><strong>tos</strong></span> <span class='ocrx_word' id='word_1_144' title='bbox 1873 3624 2034 3696; x_wconf 84' lang='lat' dir='ltr'><strong>orabitis:</strong></span> 
     </span>
     <span class='ocr_line' id='line_1_16' title="bbox 461 3741 2038 3844; baseline 0.004 -37"><span class='ocrx_word' id='word_1_145' title='bbox 461 3770 478 3808; x_wconf 81' lang='lat' dir='ltr'><strong>n</strong></span> <span class='ocrx_word' id='word_1_146' title='bbox 493 3745 595 3815; x_wconf 85' lang='lat' dir='ltr'><strong>Pater</strong></span> <span class='ocrx_word' id='word_1_147' title='bbox 611 3757 746 3832; x_wconf 88' lang='lat' dir='ltr'><strong>noster,</strong></span> <span class='ocrx_word' id='word_1_148' title='bbox 762 3743 825 3840; x_wconf 92' lang='lat' dir='ltr'><strong>qui</strong></span> <span class='ocrx_word' id='word_1_149' title='bbox 838 3767 875 3814; x_wconf 88' lang='lat' dir='ltr'><strong>es</strong></span> <span class='ocrx_word' id='word_1_150' title='bbox 892 3745 928 3814; x_wconf 97' lang='lat' dir='ltr'><strong>in</strong></span> <span class='ocrx_word' id='word_1_151' title='bbox 946 3741 1056 3833; x_wconf 89' lang='lat' dir='ltr'><strong>coelis,</strong></span> <span class='ocrx_word' id='word_1_152' title='bbox 1070 3759 1138 3816; x_wconf 91' lang='lat' dir='ltr'><strong>etc.</strong></span> <span class='ocrx_word' id='word_1_153' title='bbox 1153 3773 1170 3811; x_wconf 80' lang='lat' dir='ltr'><strong>n</strong></span> <span class='ocrx_word' id='word_1_154' title='bbox 1187 3750 1227 3817; x_wconf 88' lang='lat' dir='ltr'><strong>ln</strong></span> <span class='ocrx_word' id='word_1_155' title='bbox 1244 3744 1312 3818; x_wconf 87' lang='lat' dir='ltr'><strong>hac</strong></span> <span class='ocrx_word' id='word_1_156' title='bbox 1329 3747 1493 3819; x_wconf 88' lang='lat' dir='ltr'><strong>oratione</strong></span> <span class='ocrx_word' id='word_1_157' title='bbox 1508 3745 1692 3818; x_wconf 89' lang='lat' dir='ltr'><strong>dominica</strong></span> <span class='ocrx_word' id='word_1_158' title='bbox 1703 3760 1841 3844; x_wconf 87' lang='lat' dir='ltr'><strong>septem</strong></span> <span class='ocrx_word' id='word_1_159' title='bbox 1854 3745 2038 3843; x_wconf 86' lang='lat' dir='ltr'><strong>petitiones</strong></span> 
     </span>
     <span class='ocr_line' id='line_1_17' title="bbox 458 3860 2038 3963; baseline 0.002 -33"><span class='ocrx_word' id='word_1_160' title='bbox 458 3883 534 3931; x_wconf 87' lang='lat' dir='ltr'><strong>esse</strong></span> <span class='ocrx_word' id='word_1_161' title='bbox 546 3860 817 3958; x_wconf 84' lang='lat' dir='ltr'><strong>dignoscuntur.</strong></span> <span class='ocrx_word' id='word_1_162' title='bbox 835 3864 954 3936; x_wconf 86' lang='lat' dir='ltr'><strong>Prima</strong></span> <span class='ocrx_word' id='word_1_163' title='bbox 969 3863 1094 3963; x_wconf 90' lang='lat' dir='ltr'><strong>petitio</strong></span> <span class='ocrx_word' id='word_1_164' title='bbox 1111 3880 1180 3936; x_wconf 89' lang='lat' dir='ltr'><strong>est:</strong></span> <span class='ocrx_word' id='word_1_165' title='bbox 1198 3894 1215 3934; x_wconf 79' lang='lat' dir='ltr'><strong>r</strong></span> <span class='ocrx_word' id='word_1_166' title='bbox 1232 3870 1336 3938; x_wconf 88' lang='lat' dir='ltr'><strong>Pater</strong></span> <span class='ocrx_word' id='word_1_167' title='bbox 1347 3880 1480 3955; x_wconf 85' lang='lat' dir='ltr'><strong>noster,</strong></span> <span class='ocrx_word' id='word_1_168' title='bbox 1498 3867 1610 3962; x_wconf 90' lang='lat' dir='ltr'><strong>quies</strong></span> <span class='ocrx_word' id='word_1_169' title='bbox 1625 3865 1663 3936; x_wconf 95' lang='lat' dir='ltr'><strong>in</strong></span> <span class='ocrx_word' id='word_1_170' title='bbox 1680 3865 1791 3953; x_wconf 89' lang='lat' dir='ltr'><strong>coelis,</strong></span> <span class='ocrx_word' id='word_1_171' title='bbox 1806 3863 2038 3936; x_wconf 87' lang='lat' dir='ltr'><strong>sanctificetur</strong></span> 
     </span>
     <span class='ocr_line' id='line_1_18' title="bbox 459 3983 2038 4082; baseline 0.002 -31"><span class='ocrx_word' id='word_1_172' title='bbox 459 4005 593 4054; x_wconf 91' lang='lat' dir='ltr'><strong>nomen</strong></span> <span class='ocrx_word' id='word_1_173' title='bbox 609 3996 724 4054; x_wconf 92' lang='lat' dir='ltr'><strong>tuum.</strong></span> <span class='ocrx_word' id='word_1_174' title='bbox 746 4011 762 4050; x_wconf 84' lang='lat' dir='ltr'><strong>n</strong></span> <span class='ocrx_word' id='word_1_175' title='bbox 782 3983 963 4057; x_wconf 90' lang='lat' dir='ltr'><strong>Secunda:</strong></span> <span class='ocrx_word' id='word_1_176' title='bbox 984 4013 1002 4053; x_wconf 80' lang='lat' dir='ltr'><strong>u</strong></span> <span class='ocrx_word' id='word_1_177' title='bbox 1016 3985 1189 4058; x_wconf 77' lang='lat' dir='ltr'><strong>Adveniet</strong></span> <span class='ocrx_word' id='word_1_178' title='bbox 1205 4009 1357 4082; x_wconf 86' lang='lat' dir='ltr'><strong>regnum</strong></span> <span class='ocrx_word' id='word_1_179' title='bbox 1371 4000 1486 4058; x_wconf 91' lang='lat' dir='ltr'><strong>tuum.</strong></span> <span class='ocrx_word' id='word_1_180' title='bbox 1502 4013 1520 4052; x_wconf 82' lang='lat' dir='ltr'><strong>n</strong></span> <span class='ocrx_word' id='word_1_181' title='bbox 1534 3986 1666 4057; x_wconf 88' lang='lat' dir='ltr'><strong>Tertia:</strong></span> <span class='ocrx_word' id='word_1_182' title='bbox 1689 4013 1708 4054; x_wconf 81' lang='lat' dir='ltr'><strong>n</strong></span> <span class='ocrx_word' id='word_1_183' title='bbox 1718 3986 1795 4058; x_wconf 90' lang='lat' dir='ltr'><strong>Fiat</strong></span> <span class='ocrx_word' id='word_1_184' title='bbox 1810 3984 1975 4056; x_wconf 86' lang='lat' dir='ltr'><strong>voluntas</strong></span> <span class='ocrx_word' id='word_1_185' title='bbox 1984 3999 2038 4055; x_wconf 89' lang='lat' dir='ltr'><strong>tua</strong></span> 
     </span>
     <span class='ocr_line' id='line_1_19' title="bbox 459 4101 2039 4203; baseline 0.001 -30"><span class='ocrx_word' id='word_1_186' title='bbox 459 4103 549 4174; x_wconf 90' lang='lat' dir='ltr'><strong>sicut</strong></span> <span class='ocrx_word' id='word_1_187' title='bbox 573 4105 610 4175; x_wconf 95' lang='lat' dir='ltr'><strong>in</strong></span> <span class='ocrx_word' id='word_1_188' title='bbox 636 4101 727 4175; x_wconf 89' lang='lat' dir='ltr'><strong>coelo</strong></span> <span class='ocrx_word' id='word_1_189' title='bbox 753 4117 789 4175; x_wconf 89' lang='lat' dir='ltr'><strong>et</strong></span> <span class='ocrx_word' id='word_1_190' title='bbox 813 4103 849 4174; x_wconf 92' lang='lat' dir='ltr'><strong>in</strong></span> <span class='ocrx_word' id='word_1_191' title='bbox 876 4119 1016 4176; x_wconf 81' lang='lat' dir='ltr'><strong>terra.»</strong></span> <span class='ocrx_word' id='word_1_192' title='bbox 1039 4108 1201 4192; x_wconf 89' lang='lat' dir='ltr'><strong>Quarta:</strong></span> <span class='ocrx_word' id='word_1_193' title='bbox 1224 4110 1393 4177; x_wconf 86' lang='lat' dir='ltr'><strong>«Panem</strong></span> <span class='ocrx_word' id='word_1_194' title='bbox 1411 4119 1576 4177; x_wconf 86' lang='lat' dir='ltr'><strong>nostrum</strong></span> <span class='ocrx_word' id='word_1_195' title='bbox 1600 4105 1852 4203; x_wconf 88' lang='lat' dir='ltr'><strong>quotidianum</strong></span> <span class='ocrx_word' id='word_1_196' title='bbox 1872 4105 1921 4178; x_wconf 90' lang='lat' dir='ltr'><strong>da</strong></span> <span class='ocrx_word' id='word_1_197' title='bbox 1940 4103 2039 4176; x_wconf 91' lang='lat' dir='ltr'><strong>nobis</strong></span> 
     </span>
     <span class='ocr_line' id='line_1_20' title="bbox 459 4222 2038 4310; baseline 0.001 -17"><span class='ocrx_word' id='word_1_198' title='bbox 459 4222 580 4295; x_wconf 89' lang='lat' dir='ltr'><strong>hodie.</strong></span> <span class='ocrx_word' id='word_1_199' title='bbox 593 4251 610 4290; x_wconf 82' lang='lat' dir='ltr'><strong>n</strong></span> <span class='ocrx_word' id='word_1_200' title='bbox 624 4225 758 4310; x_wconf 87' lang='lat' dir='ltr'><strong>Quinta</strong></span> <span class='ocrx_word' id='word_1_201' title='bbox 773 4249 780 4292; x_wconf 92' lang='lat'>:</span> <span class='ocrx_word' id='word_1_202' title='bbox 798 4253 815 4292; x_wconf 77' lang='lat' dir='ltr'><strong>a</strong></span> <span class='ocrx_word' id='word_1_203' title='bbox 831 4238 866 4296; x_wconf 94' lang='lat' dir='ltr'><strong>et</strong></span> <span class='ocrx_word' id='word_1_204' title='bbox 882 4223 1021 4296; x_wconf 91' lang='lat' dir='ltr'><strong>dimitte</strong></span> <span class='ocrx_word' id='word_1_205' title='bbox 1038 4224 1143 4296; x_wconf 90' lang='lat' dir='ltr'><strong>nobis</strong></span> <span class='ocrx_word' id='word_1_206' title='bbox 1160 4224 1281 4298; x_wconf 91' lang='lat' dir='ltr'><strong>debita</strong></span> <span class='ocrx_word' id='word_1_207' title='bbox 1297 4239 1421 4298; x_wconf 84' lang='lat' dir='ltr'><strong>nostra</strong></span> <span class='ocrx_word' id='word_1_208' title='bbox 1432 4227 1523 4296; x_wconf 88' lang='lat' dir='ltr'><strong>sicut</strong></span> <span class='ocrx_word' id='word_1_209' title='bbox 1539 4239 1575 4297; x_wconf 90' lang='lat' dir='ltr'><strong>et</strong></span> <span class='ocrx_word' id='word_1_210' title='bbox 1592 4250 1660 4297; x_wconf 90' lang='lat' dir='ltr'><strong>nos</strong></span> <span class='ocrx_word' id='word_1_211' title='bbox 1675 4225 1888 4297; x_wconf 90' lang='lat' dir='ltr'><strong>dimittimus</strong></span> <span class='ocrx_word' id='word_1_212' title='bbox 1904 4223 2038 4297; x_wconf 90' lang='lat' dir='ltr'><strong>debito·</strong></span> 
     </span>
     <span class='ocr_line' id='line_1_21' title="bbox 459 4343 2040 4443; baseline 0.001 -30"><span class='ocrx_word' id='word_1_213' title='bbox 459 4343 558 4415; x_wconf 89' lang='lat' dir='ltr'><strong>ribus</strong></span> <span class='ocrx_word' id='word_1_214' title='bbox 574 4343 718 4414; x_wconf 89' lang='lat' dir='ltr'><strong>nostris.</strong></span> <span class='ocrx_word' id='word_1_215' title='bbox 734 4373 752 4411; x_wconf 81' lang='lat' dir='ltr'><strong>n</strong></span> <span class='ocrx_word' id='word_1_216' title='bbox 764 4347 883 4415; x_wconf 86' lang='lat' dir='ltr'><strong>Sexta:</strong></span> <span class='ocrx_word' id='word_1_217' title='bbox 900 4359 966 4415; x_wconf 86' lang='lat' dir='ltr'><strong>«et</strong></span> <span class='ocrx_word' id='word_1_218' title='bbox 981 4369 1028 4416; x_wconf 92' lang='lat' dir='ltr'><strong>ne</strong></span> <span class='ocrx_word' id='word_1_219' title='bbox 1042 4369 1109 4418; x_wconf 89' lang='lat' dir='ltr'><strong>nos</strong></span> <span class='ocrx_word' id='word_1_220' title='bbox 1121 4343 1269 4416; x_wconf 87' lang='lat' dir='ltr'><strong>inducas</strong></span> <span class='ocrx_word' id='word_1_221' title='bbox 1283 4345 1320 4415; x_wconf 93' lang='lat' dir='ltr'><strong>in</strong></span> <span class='ocrx_word' id='word_1_222' title='bbox 1332 4346 1581 4418; x_wconf 89' lang='lat' dir='ltr'><strong>tentationem.</strong></span> <span class='ocrx_word' id='word_1_223' title='bbox 1598 4374 1616 4412; x_wconf 78' lang='lat' dir='ltr'><strong>n</strong></span> <span class='ocrx_word' id='word_1_224' title='bbox 1631 4346 1790 4443; x_wconf 85' lang='lat' dir='ltr'><strong>Septima</strong></span> <span class='ocrx_word' id='word_1_225' title='bbox 1805 4372 1813 4414; x_wconf 73' lang='grc' dir='ltr'><strong>ε</strong></span> <span class='ocrx_word' id='word_1_226' title='bbox 1828 4373 1846 4414; x_wconf 81' lang='lat' dir='ltr'><strong>r</strong></span> <span class='ocrx_word' id='word_1_227' title='bbox 1858 4344 1923 4416; x_wconf 90' lang='lat' dir='ltr'><strong>sed</strong></span> <span class='ocrx_word' id='word_1_228' title='bbox 1934 4343 2040 4416; x_wconf 88' lang='lat' dir='ltr'><strong>libera</strong></span> 
     </span>
     <span class='ocr_line' id='line_1_22' title="bbox 460 4463 869 4538; baseline 0.002 -4"><span class='ocrx_word' id='word_1_229' title='bbox 460 4489 527 4536; x_wconf 92' lang='lat' dir='ltr'><strong>nos</strong></span> <span class='ocrx_word' id='word_1_230' title='bbox 543 4489 565 4536; x_wconf 89' lang='lat' dir='ltr'><strong>a</strong></span> <span class='ocrx_word' id='word_1_231' title='bbox 581 4463 688 4538; x_wconf 87' lang='lat' dir='ltr'><strong>malo.</strong></span> <span class='ocrx_word' id='word_1_232' title='bbox 709 4468 834 4536; x_wconf 83' lang='lat' dir='ltr'><strong>Amen.</strong></span> <span class='ocrx_word' id='word_1_233' title='bbox 852 4493 869 4534; x_wconf 81' lang='lat' dir='ltr'><strong>u</strong></span> 
     </span>
    </p>
   </div>
   <div class='ocr_carea' id='block_1_5' title="bbox 1115 4665 1396 4732">
    <p class='ocr_par' dir='ltr' id='par_1_5' title="bbox 1115 4665 1396 4732">
     <span class='ocr_line' id='line_1_23' title="bbox 1115 4665 1396 4732; baseline 0 -21"><span class='ocrx_word' id='word_1_234' title='bbox 1115 4665 1225 4711; x_wconf 78' lang='lat' dir='ltr'><strong>PRIMA</strong></span> <span class='ocrx_word' id='word_1_235' title='bbox 1250 4665 1396 4732; x_wconf 69' lang='lat' dir='ltr'><strong>ennato.</strong></span> 
     </span>
    </p>
   </div>
   <div class='ocr_carea' id='block_1_6' title="bbox 461 4808 2042 5056">
    <p class='ocr_par' dir='ltr' id='par_1_6' title="bbox 461 4808 2042 5056">
     <span class='ocr_line' id='line_1_24' title="bbox 512 4808 2042 4910; baseline 0.001 -32"><span class='ocrx_word' id='word_1_236' title='bbox 512 4839 529 4878; x_wconf 80' lang='lat' dir='ltr'><strong>u</strong></span> <span class='ocrx_word' id='word_1_237' title='bbox 551 4813 652 4882; x_wconf 86' lang='lat' dir='ltr'><strong>Pater</strong></span> <span class='ocrx_word' id='word_1_238' title='bbox 675 4825 819 4899; x_wconf 86' lang='lat' dir='ltr'><strong>noster,</strong></span> <span class='ocrx_word' id='word_1_239' title='bbox 844 4812 964 4908; x_wconf 90' lang='lat' dir='ltr'><strong>quies</strong></span> <span class='ocrx_word' id='word_1_240' title='bbox 986 4813 1022 4882; x_wconf 93' lang='lat' dir='ltr'><strong>in</strong></span> <span class='ocrx_word' id='word_1_241' title='bbox 1046 4811 1160 4902; x_wconf 89' lang='lat' dir='ltr'><strong>coelis,</strong></span> <span class='ocrx_word' id='word_1_242' title='bbox 1179 4829 1248 4884; x_wconf 90' lang='lat' dir='ltr'><strong>etc.</strong></span> <span class='ocrx_word' id='word_1_243' title='bbox 1266 4841 1284 4894; x_wconf 75' lang='lat' dir='ltr'><strong>&gt;t</strong></span> <span class='ocrx_word' id='word_1_244' title='bbox 1304 4819 1414 4903; x_wconf 89' lang='lat' dir='ltr'><strong>Ecce,</strong></span> <span class='ocrx_word' id='word_1_245' title='bbox 1440 4813 1629 4903; x_wconf 85' lang='lat' dir='ltr'><strong>carissimi,</strong></span> <span class='ocrx_word' id='word_1_246' title='bbox 1653 4812 1800 4910; x_wconf 84' lang='lat' dir='ltr'><strong>singulis</strong></span> <span class='ocrx_word' id='word_1_247' title='bbox 1821 4810 1894 4883; x_wconf 80' lang='lat' dir='ltr'><strong>iere</strong></span> <span class='ocrx_word' id='word_1_248' title='bbox 1919 4808 2042 4884; x_wconf 88' lang='lat' dir='ltr'><strong>diebus</strong></span> 
     </span>
     <span class='ocr_line' id='line_1_25' title="bbox 461 4931 2041 5056; baseline 0.002 -55"><span class='ocrx_word' id='word_1_249' title='bbox 461 4931 575 5002; x_wconf 87' lang='lat' dir='ltr'><strong>clerus</strong></span> <span class='ocrx_word' id='word_1_250' title='bbox 590 4946 626 5004; x_wconf 93' lang='lat' dir='ltr'><strong>et</strong></span> <span class='ocrx_word' id='word_1_251' title='bbox 641 4932 813 5031; x_wconf 75' lang='lat' dir='ltr'><strong>populun,</strong></span> <span class='ocrx_word' id='word_1_252' title='bbox 827 4933 894 5004; x_wconf 86' lang='lat' dir='ltr'><strong>viri</strong></span> <span class='ocrx_word' id='word_1_253' title='bbox 910 4948 946 5006; x_wconf 92' lang='lat' dir='ltr'><strong>et</strong></span> <span class='ocrx_word' id='word_1_254' title='bbox 960 4933 1142 5024; x_wconf 84' lang='lat' dir='ltr'><strong>mulieres,</strong></span> <span class='ocrx_word' id='word_1_255' title='bbox 1155 4934 1220 5007; x_wconf 90' lang='lat' dir='ltr'><strong>sed</strong></span> <span class='ocrx_word' id='word_1_256' title='bbox 1236 4936 1413 5034; x_wconf 89' lang='lat' dir='ltr'><strong>praecipue</strong></span> <span class='ocrx_word' id='word_1_257' title='bbox 1430 4933 1557 5008; x_wconf 86' lang='lat' dir='ltr'><strong>diebus</strong></span> <span class='ocrx_word' id='word_1_258' title='bbox 1573 4933 1794 5056; x_wconf 86' lang='lat' dir='ltr'><strong>solemnibus</strong></span> <span class='ocrx_word' id='word_1_259' title='bbox 1811 4933 1979 5031; x_wconf 85' lang='lat' dir='ltr'><strong>gregatim</strong></span> <span class='ocrx_word' id='word_1_260' title='bbox 1996 4931 2041 5004; x_wconf 89' lang='lat' dir='ltr'><strong>ad</strong></span> 
     </span>
    </p>
   </div>
   <div class='ocr_carea' id='block_1_7' title="bbox 496 5177 813 5246">
    <p class='ocr_par' dir='ltr' id='par_1_7' title="bbox 496 5177 813 5246">
     <span class='ocr_line' id='line_1_26' title="bbox 496 5177 813 5246; baseline 0.006 -16"><span class='ocrx_word' id='word_1_261' title='bbox 496 5177 505 5207; x_wconf 81' lang='lat'>¹</span> <span class='ocrx_word' id='word_1_262' title='bbox 523 5178 621 5242; x_wconf 66' lang='lat' dir='ltr'><strong>lauh..</strong></span> <span class='ocrx_word' id='word_1_263' title='bbox 632 5194 688 5246; x_wconf 78' lang='lat' dir='ltr'><strong>cap.</strong></span> <span class='ocrx_word' id='word_1_264' title='bbox 702 5195 740 5244; x_wconf 86' lang='lat' dir='ltr'><strong>u,</strong></span> <span class='ocrx_word' id='word_1_265' title='bbox 751 5197 774 5233; x_wconf 82' lang='lat' dir='ltr'><strong>v.</strong></span> <span class='ocrx_word' id='word_1_266' title='bbox 788 5181 813 5232; x_wconf 79' lang='lat'><strong>5.</strong></span> 
     </span>
    </p>
   </div>
   <div class='ocr_carea' id='block_1_8' title="bbox 0 0 2280 6100">
    <p class='ocr_par' dir='ltr' id='par_1_8' title="bbox 0 0 2280 6100">
     <span class='ocr_line' id='line_1_27' title="bbox 0 0 2280 6100; baseline 0 0"><span class='ocrx_word' id='word_1_267' title='bbox 0 0 2280 6100; x_wconf 95' lang='lat' dir='ltr'><strong> </strong></span> 
     </span>
    </p>
   </div>
  </div>
 </body>
</html>
