4522 6102
924 576 1163 651 artstotAE.
1760 571 1828 644 403

249 699 348 795 quod
382 701 441 776 alii
466 703 680 803 deliquerint
706 708 815 782 luam.
845 717 923 812 lpse
954 732 1073 789 autem
1100 732 1153 794 est
1183 718 1242 794 via
1263 741 1329 816 per
1356 737 1464 813 quam
1498 711 1620 788 fatales
1652 711 1700 786 de
1727 711 1832 788 exilio

251 833 434 894 transeunt
447 825 493 895 ad
507 829 670 924 patriam.
684 832 756 917 Qui
770 834 877 904 etiam
889 859 1032 908 crucem
1045 892 1054 928 ,
1068 838 1114 909 de
1125 863 1196 935 qua
1211 839 1259 910 sic
1278 839 1425 926 clamat,
1447 833 1493 906 ad
1512 835 1582 906 boc
1600 835 1834 908 nobiserexit

252 940 393 1012 scalam.
416 944 482 1014 llio
499 969 567 1044 pro
587 963 623 1020 te
643 952 780 1025 occisus
801 969 854 1026 est
876 956 1078 1052 unigenitus
1096 959 1181 1048 Dei,
1211 957 1350 1029 oblatus
1370 971 1441 1045 est,
1471 956 1554 1052 quia
1573 955 1697 1026 voluit.
1720 957 1834 1052 Super

253 1057 324 1132 boc
345 1087 417 1134 uno
436 1069 688 1165 compatiendo
705 1070 806 1162 dole,
834 1073 995 1148 dolendo
1019 1093 1236 1176 compatere.
1260 1081 1303 1148 Et
1328 1074 1428 1174 quod
1448 1099 1513 1173 per
1530 1075 1734 1146 Zachariam
1752 1099 1834 1172 pro-

255 1181 398 1277 phetam
422 1184 468 1257 de
490 1188 675 1261 animabus
698 1191 836 1264 devotis
858 1189 1066 1293 pradictum
1086 1212 1140 1269 est
1166 1197 1336 1295 comple:
1370 1226 1388 1264 u
1413 1194 1602 1291 plangent,
1627 1223 1646 1262 n
1674 1195 1832 1290 inquit¹,

259 1327 278 1368 a
294 1301 478 1400 planctum
495 1310 596 1404 quasi
623 1335 728 1410 super
750 1315 989 1414 unigenitum,
1014 1331 1049 1388 et
1067 1315 1241 1388 dolebunt
1262 1339 1471 1414 supereum
1498 1329 1537 1385 ut
1560 1313 1672 1384 doleri
1690 1313 1779 1384 solet
1798 1314 1834 1383 in

258 1437 374 1496 morte
398 1425 637 1522 primogeniti.
658 1457 676 1496 a
697 1431 805 1521 Vide,
832 1457 952 1523 soror,
975 1451 1129 1532 quantus
1147 1437 1191 1507 sit
1209 1434 1371 1533 planctus
1389 1433 1444 1504 bis
1465 1433 1527 1529 qui
1545 1456 1664 1529 regern
1687 1429 1837 1528 diligunt

256 1565 365 1640 super
390 1559 506 1616 morte
527 1547 754 1646 primogeniti
777 1553 852 1649 ejus
874 1569 910 1626 et
938 1557 1119 1653 unigeniti.
1146 1561 1287 1628 Intuere
1310 1580 1383 1654 quo
1405 1555 1549 1654 planctu
1578 1551 1730 1642 familia,
1763 1576 1836 1648 quo

259 1683 413 1734 moerore
431 1677 505 1736 tota
522 1685 792 1743 consummatur
813 1673 935 1764 curia;
956 1691 1008 1764 et,
1029 1701 1142 1772 quum
1164 1675 1210 1748 ad
1227 1701 1396 1774 sponsam
1410 1670 1581 1770 unigeniti
1601 1671 1733 1742 mortui
1751 1696 1837 1769 per-

262 1783 418 1872 veneris,
445 1784 684 1860 intolerabiles
704 1789 859 1864 ululatus
879 1793 954 1889 ejus
981 1819 1055 1866 non
1075 1793 1274 1868 sustinebis.
1298 1795 1363 1865 Hic
1386 1809 1485 1883 tuus,
1508 1816 1627 1880 soror,
1651 1789 1834 1890 planctus,

258 1896 317 1970 bic
333 1914 414 1972 tuus
432 1903 476 1974 sit
493 1905 664 1998 ululatus,
695 1935 774 2007 quae
800 1928 834 1983 te
861 1913 945 1984 huic
963 1939 1097 2013 sponso
1119 1913 1210 1986 felici
1230 1897 1665 2013 copulasti'matrimonio.
1689 1911 1781 1981 Emit
1801 1924 1835 1980 te

259 2020 326 2091 iste
341 2045 412 2093 non
436 2027 525 2116 suis,
545 2027 608 2099 sed
622 2031 751 2129 seipso.
769 2032 917 2132 Proprio
936 2035 1106 2131 sangnine
1124 2037 1209 2106 emit
1227 2049 1281 2123 te,
1299 2049 1334 2106 et
1347 2032 1509 2105 redemit.
1528 2033 1711 2119 Quantum
1724 2030 1783 2125 jus
1801 2028 1838 2097 in

262 2151 297 2208 te
308 2137 437 2214 babeat
449 2144 552 2236 vide,
567 2163 603 2219 et
616 2173 724 2245 quam
737 2153 893 2250 pretiosa
906 2153 953 2225 sis
965 2154 1114 2227 intuere.
1132 2159 1208 2226 Hoc
1219 2153 1365 2251 quidem
1377 2153 1530 2253 pretium
1543 2175 1648 2223 suum
1660 2148 1841 2250 apostolus

261 2261 466 2352 attendens,
488 2279 524 2336 et
541 2267 576 2336 in
594 2267 665 2340 boc
683 2271 799 2367 pretio
814 2272 937 2368 quanti
955 2274 997 2344 sit
1017 2275 1112 2371 ipse,
1129 2293 1197 2372 pro
1219 2299 1292 2370 quo
1310 2273 1426 2373 ipsum
1449 2271 1570 2362 datur,
1590 2270 1838 2370 perpendens,

260 2390 296 2446 et
314 2403 422 2475 quarn
436 2395 541 2455 tantae
554 2388 671 2482 gratiae
686 2389 798 2460 vicem
810 2390 937 2462 referat
949 2391 1163 2464 adnectens?
1180 2423 1197 2460 u
1215 2392 1311 2464 Absit
1325 2391 1429 2480 mihi,
1446 2421 1463 2458 n
1479 2392 1615 2488 inquit,
1635 2419 1652 2458 u
1665 2388 1840 2486 gloriari',

263 2498 329 2568 nisi
347 2499 383 2569 in
402 2525 507 2573 cruce
520 2506 663 2576 Domini
680 2510 793 2579 nostri
809 2513 891 2581 lesu
904 2509 1051 2599 Christi,
1073 2537 1138 2610 per
1156 2538 1265 2607 quem
1287 2511 1372 2582 mihi
1394 2509 1548 2581 mundus
1562 2507 1748 2581 crucifixus
1766 2521 1840 2595 est,

263 2631 299 2686 et
316 2641 382 2714 ego
405 2621 555 2694 mundo.
577 2653 595 2690 »
615 2627 728 2720 Major
748 2651 785 2697 es
798 2627 908 2716 coelo,
929 2629 1043 2723 major
1057 2653 1094 2700 es
1108 2630 1266 2721 mund03
1292 2631 1393 2727 cujus
1410 2629 1564 2728 pretium
1587 2631 1662 2727 ipse
1681 2625 1847 2700 conditor

266 2738 392 2810 mundi
411 2740 523 2813 Faetus
546 2758 610 2814 est.
629 2745 725 2831 Quid
744 2747 778 2817 in
799 2761 850 2836 te,
874 2772 979 2843 rogo,
1000 2747 1147 2839 viderit,
1174 2747 1385 2845 quintillius
1407 2765 1504 2844 eget,
1528 2763 1565 2819 ut
1582 2775 1656 2848 pro
1657 2749 1659 2757 '
1671 2764 1704 2818 te
1723 2734 1849 2843 acqui-

264 2858 374 2930 renda
405 2885 519 2958 usque
544 2862 589 2934 ad
615 2865 759 2961 agonias
783 2879 855 2936 tam
878 2866 1066 2938 horrendae
1086 2883 1194 2965 atque
1215 2867 1458 2965 ignominiosae
1486 2859 1849 2958 mortisu'certaverit?

265 2981 360 3067 Quid
374 2983 411 3052 in
425 2997 479 3074 te,
501 2986 665 3081 inquam,
688 2987 811 3083 quaerit
831 2987 899 3058 nisi
918 2988 1089 3085 teipsam?
1101 2991 1216 3060 Verus
1230 3004 1281 3060 est
1295 2987 1450 3078 amicus,
1475 2988 1536 3084 qui
1560 3001 1593 3057 te
1614 2987 1749 3085 ipsam,
1775 3008 1849 3054 non

266 3113 346 3190 tua,
369 3101 575 3176 desiderat’.
599 3109 713 3178 Verus
738 3120 791 3178 est
811 3107 962 3198 amicus,
984 3107 1046 3204 qui
1063 3133 1129 3206 pro
1148 3121 1183 3179 te
1202 3108 1395 3180 moriturus
1420 3105 1609 3177 dicebat‘:
1640 3134 1658 3173 u
1677 3098 1848 3199 Majorem

267 3219 335 3293 bac
358 3222 586 3298 dilectionem
611 3251 718 3300 nemo
738 3227 868 3318 babet,
890 3245 929 3300 ut
951 3230 1106 3300 animam
1133 3252 1233 3300 suam
1257 3243 1368 3326 ponat
1391 3229 1469 3324 quis
1498 3251 1564 3324 pro
1584 3225 1705 3296 amicis
1725 3223 1808 3295 suis.
1830 3253 1847 3290 u

270 3342 418 3416 Amabat
430 3359 465 3418 te
476 3345 534 3418 ille
548 3349 737 3438 veraciter,
763 3375 838 3421 non
857 3375 935 3448 ego.
960 3354 1067 3421 Amor
1085 3375 1205 3440 meus,
1227 3351 1289 3446 qui
1307 3365 1499 3445 utrumque
1520 3360 1681 3417 nostrum
1700 3345 1853 3444 peccatis

274 3463 490 3556 involvebat,
505 3469 804 3569 concupiscentia,
820 3495 894 3542 non
907 3495 1010 3542 amor
1021 3469 1195 3541 dicendus
1208 3485 1271 3542 est.
1289 3469 1434 3541 Miseras
1448 3469 1531 3539 inte
1545 3491 1642 3537 meas
1655 3465 1853 3571 voluptates

270 3583 484 3682 implebam,
508 3606 543 3661 et
561 3588 633 3660 hoc
658 3605 732 3662 erat
756 3606 871 3662 totum
895 3589 994 3688 quod
1019 3589 1195 3662 amabam.
1219 3595 1287 3662 Pro
1310 3605 1366 3680 te,
1391 3589 1527 3686 inquis,
1551 3611 1673 3686 passus
1697 3610 1795 3674 sum,
1820 3599 1855 3655 et

272 3705 428 3779 fortassis
444 3735 569 3782 verum
581 3727 656 3782 est:
679 3711 742 3784 sed
756 3713 866 3809 magis
879 3696 943 3810 per
955 3726 1008 3801 te,
1026 3727 1060 3782 et
1076 3709 1148 3782 hoc
1162 3713 1281 3809 ipsum
1300 3709 1451 3800 invitus;
1470 3734 1544 3820 non
1564 3733 1686 3780 amore
1699 3707 1770 3797 tui,
1792 3702 1861 3782 sed,

271 3829 458 3900 coactione
472 3831 561 3922 mei3
584 3856 649 3902 nec
662 3831 708 3904 ad
727 3847 825 3904 tuam
844 3831 1012 3920 salutem,
1037 3829 1101 3902 sed
1123 3829 1169 3903 ad
1189 3829 1366 3901 dolorem.
1389 3827 1449 3901 llle
1464 3852 1550 3900 vero
1569 3826 1775 3917 salubriter,
1796 3824 1855 3896 ille

273 3970 339 4042 pro
364 3961 400 4019 te
425 3965 552 4049 sponte
575 3977 697 4050 passus
721 3967 792 4042 est,
820 3951 880 4048 qui
904 3951 1068 4051 passione
1087 3974 1150 4021 sua
1170 3939 1317 4020 ornnem
1338 3965 1438 4022 curat
1456 3949 1683 4048 languorem,
1710 3970 1855 4017 ornnem

274 4086 435 4142 removet
447 4072 663 4167 passionem.
679 4077 718 4143 ln
737 4073 827 4164 boc,
847 4073 1015 4161 obsecm,
1032 4071 1158 4144 nonin
1179 4095 1237 4142 me
1254 4083 1314 4142 tua
1327 4086 1403 4142 tota
1422 4071 1467 4141 sit
1484 4069 1646 4157 devotio,
1665 4082 1739 4139 tota
1751 4091 1857 4137 com·
1928 4135 1930 4140 .

199 4226 207 4243 ·
272 4191 407 4283 passio,
432 4207 506 4264 tota
525 4195 768 4292 compunctio.
785 4195 874 4266 Dole
888 4195 924 4266 iu
937 4209 1010 4266 tam
1024 4195 1255 4269 innocentem
1269 4206 1374 4263 tantae
1391 4189 1607 4263 crudelitatis
1620 4201 1856 4287 perpetratam

272 4309 496 4407 iniquitatem
515 4341 523 4382 :
543 4337 617 4385 non
626 4313 758 4408 justam
777 4315 812 4384 in
833 4339 890 4384 me
901 4315 1072 4412 requitatis
1085 4313 1299 4402 vindictam,
1316 4311 1391 4382 imo
1405 4309 1574 4410 gratiam,
1590 4323 1630 4379 ut
1642 4307 1778 4378 dictum
1790 4319 1855 4414 est,

270 4431 313 4501 in
338 4447 506 4530 utrosque
529 4457 718 4506 summam.
737 4434 862 4531 Iniqua
882 4433 978 4504 enim
998 4457 1061 4522 es,¹
1073 4433 1102 4504 si
1120 4432 1320 4530 aequitatem
1334 4456 1408 4502 non
1424 4455 1537 4520 amas;
1561 4443 1597 4499 et
1616 4425 1857 4522 iniquissima,

267 4553 306 4622 si
319 4548 513 4644 voluntati,
531 4554 603 4624 imo
619 4569 724 4625 tantae
737 4555 855 4652 gratiae
866 4555 932 4625 Dei
944 4555 1095 4624 scienter
1109 4579 1147 4625 es
1157 4551 1317 4625 adversa.
1338 4551 1467 4648 Plange
1480 4564 1582 4620 tuum
1594 4561 1834 4645 reparatorem
1848 4601 1857 4635 ‚

265 4697 353 4742 non
366 4689 633 4770 corruptorem3
650 4673 935 4773 redemptorem,
949 4698 1024 4744 non
1042 4688 1294 4762 scortatorem3
1309 4696 1376 4772 pro
1395 4685 1427 4743 te
1441 4685 1621 4741 mortuum
1640 4665 1857 4754 Dominum,

260 4817 355 4863 non
374 4793 551 4864 viventem
565 4819 727 4886 servum,
744 4795 817 4868 imo
834 4819 931 4866 nunc
944 4793 1102 4894 primum
1116 4793 1162 4898 de
1175 4809 1289 4865 morte
1308 4816 1391 4864 vere
1409 4790 1609 4864 liberatum.
1630 4791 1742 4874 Cave,
1758 4783 1861 4855 obse·

306 5091 318 5118 ⁴
351 5089 464 5153 zachar„
497 5105 552 5158 cap.
579 5109 631 5153 ru,
660 5107 682 5143 r.
712 5094 750 5142 to.
773 5090 835 5130 ·-¹
860 5091 952 5149 Galat„
977 5100 1093 5156 capeat,
1119 5103 1144 5140 r.
1171 5088 1208 5140 tt.
1231 5115 1261 5126 -
1285 5089 1296 5118 ³
1321 5087 1429 5151 asopus
1447 5081 1520 5137 aas.
1548 5084 1708 5173 -floana
1735 5097 1790 5146 cap.
1818 5095 1865 5140 xv,

253 5199 288 5232 v.
313 5179 369 5230 ta.
1021 5191 1024 5199 '
1250 5175 1253 5186 '
