4522 6104
735 585 967 658 expositio
992 587 1036 660 lN
1060 587 1354 660 nnxtnntton.
1768 585 1838 658 645

256 726 328 799 hoc
349 741 402 798 est
423 725 476 798 vis
497 724 661 824 quaedam
683 723 933 798 conferebatur
949 723 1016 798 illis
1036 724 1144 796 rebus
1160 750 1239 823 quae
1254 741 1340 796 tunc
1357 722 1504 797 fiebant.
1526 723 1630 796 Unde
1647 725 1723 822 ipsa
1739 740 1839 824 post·

256 848 407 921 modum
432 846 478 919 ad
506 847 840 946 multiplicationem
866 846 921 917 sui
947 845 1125 918 sufficeret
1148 847 1205 918 vel
1233 846 1279 918 ad
1306 869 1554 944 quoscumque
1583 844 1729 918 effectus
1753 846 1838 918 inde

255 991 485 1065 processuros
497 967 554 1040 vel
570 979 742 1064 tanquam
759 965 970 1038 nascituros.
989 966 1151 1064 Quippe,
1170 980 1210 1036 ut
1226 965 1446 1054 dictumest,
1462 963 1551 1035 nihil
1562 989 1659 1035 nunc
1673 979 1838 1038 naturam

254 1087 351 1160 aliud
376 1087 544 1177 dicimus,
567 1087 636 1161 nisi
656 1087 731 1158 vim
755 1099 791 1158 et
815 1084 1020 1159 facultatem
1044 1084 1112 1158 illis
1138 1084 1306 1184 operibus
1327 1102 1413 1156 tunc
1443 1083 1630 1174 collatam,
1661 1083 1757 1157 unde
1779 1085 1838 1158 illa

252 1206 457 1280 sufficerent
472 1207 519 1280 ad
535 1206 765 1280 efficiendum
780 1206 856 1278 haec
871 1231 951 1314 que
967 1206 1200 1306 postmodum
1216 1206 1302 1278 inde
1316 1207 1558 1303 contigerunt.

300 1330 419 1396 Potest
436 1323 594 1398 fortassis
610 1339 646 1396 et
661 1323 837 1397 nonnulla
852 1339 988 1397 naturae
1004 1324 1096 1398 ratio
1112 1324 1234 1414 reddi,
1252 1349 1324 1422 qua
1341 1339 1427 1395 tunc
1444 1338 1538 1395 terra
1553 1324 1753 1422 producere
1770 1327 1837 1398 ista
1954 1353 1955 1358 ¹

251 1445 425 1541 potuerit,
441 1443 541 1542 quod
558 1443 692 1518 scilicet
706 1444 766 1516 illa
782 1459 884 1516 terrae
900 1445 1040 1516 novitas
1056 1445 1094 1516 in
1109 1443 1352 1543 producendis
1367 1442 1422 1516 vel
1433 1444 1689 1516 conservandis
1705 1443 1836 1542 plantis

250 1566 343 1636 vires
359 1564 512 1660 majores
527 1565 694 1638 habuerit
705 1589 814 1662 quam
830 1543 973 1662 postea,
987 1579 1024 1636 et
1039 1565 1192 1636 maxime
1204 1565 1275 1636 hoc
1289 1564 1467 1662 accepisse
1477 1588 1520 1635 ex
1532 1565 1642 1636 nimia
1653 1565 1836 1638 humecta-

249 1684 348 1756 tione
364 1685 437 1775 sui,
460 1709 570 1782 quam
592 1710 766 1784 aquarum
783 1685 1005 1758 abundantia
1021 1686 1053 1757 ei
1069 1685 1221 1760 contulit
1244 1701 1437 1782 antequam
1454 1703 1769 1784 congregarentur,
1799 1705 1835 1760 et

248 1827 291 1874 ex
306 1804 425 1878 calore
441 1805 526 1878 solis
542 1805 602 1878 die
617 1807 784 1905 proximo
800 1805 939 1878 conditi
954 1805 1001 1877 ad
1018 1805 1094 1878 haec
1109 1805 1359 1879 conservanda
1377 1804 1588 1904 profecisse,
1607 1808 1669 1904 qui
1686 1807 1834 1880 fortasse

247 1925 415 1998 conditus
431 1928 551 1999 statim
568 1926 688 2000 calore
704 1929 759 1999 sui
776 1927 979 2000 universam
996 1927 1207 2025 temperiem
1223 1927 1306 1999 fecit
1322 1929 1360 1999 in
1376 1925 1495 2026 aliqua
1515 1943 1693 2000 terrarum
1709 1945 1830 2028 parte,

247 2067 345 2134 non,
380 2059 420 2116 ut
450 2045 619 2135 arbitror,
653 2046 800 2144 ubique.
834 2049 1024 2142 Nunquam
1049 2047 1147 2118 enirn
1172 2045 1301 2118 eodem
1327 2060 1491 2144 tempore
1516 2071 1642 2120 omnes
1669 2048 1832 2145 regiones

244 2164 427 2261 equaliter
450 2166 569 2239 calent
592 2181 627 2239 et
648 2166 860 2264 frigescunt,
886 2191 953 2238 nec
969 2155 1099 2239 eodem
1116 2181 1279 2264 tempore
1297 2191 1376 2265 quae
1397 2168 1434 2240 in
1456 2169 1507 2240 eis
1530 2182 1615 2240 sunt
1637 2188 1832 2244 nascuntur

245 2286 301 2357 vel
317 2289 555 2377 revirescunt,
575 2311 642 2359 nec
663 2286 768 2358 simul
789 2286 836 2359 ad
856 2287 1100 2359 maturitatem
1126 2284 1260 2358 fructus
1282 2287 1417 2384 ubique
1440 2290 1673 2386 perveniunt,
1701 2315 1768 2362 nec
1792 2293 1830 2362 in

243 2404 413 2478 omnibus
431 2406 533 2477 terris
550 2405 684 2478 eaedem
700 2404 821 2477 herbae
837 2404 894 2478 vel
911 2404 1057 2479 arbores
1075 2419 1283 2478 nascuntur.
1311 2405 1348 2475 Si
1368 2405 1476 2502 igitur
1492 2430 1618 2478 omnes
1636 2406 1831 2482 herbarum

243 2523 299 2596 vel
325 2526 497 2599 arborum
522 2527 658 2625 species
675 2523 743 2599 hac
760 2526 819 2598 die
836 2540 932 2598 terra
947 2525 1116 2624 protulit,
1134 2540 1174 2597 ut
1189 2527 1227 2597 in
1248 2549 1309 2598 sex
1334 2525 1462 2598 diebus
1484 2531 1579 2599 Deus
1605 2553 1716 2628 opera
1740 2555 1829 2603 con·

241 2660 472 2734 summasset,
503 2669 620 2742 neque
642 2645 747 2718 simul
770 2669 882 2717 verna
903 2646 1094 2743 temperies
1110 2644 1280 2726 omnibus
1306 2646 1408 2716 terris
1433 2647 1549 2719 inesse
1573 2663 1714 2745 posset,
1740 2651 1828 2747 quid

242 2787 386 2838 necesse
408 2778 477 2854 est,
506 2767 600 2838 utin
618 2763 757 2838 veneid
773 2764 891 2854 fieret,
919 2765 987 2837 nisi
1005 2765 1042 2836 in
1060 2789 1103 2837 ea
1119 2763 1211 2837 forte
1231 2780 1334 2863 parte
1354 2780 1456 2836 terrae
1478 2765 1541 2838 ubi
1557 2791 1620 2838 ver
1637 2771 1753 2840 esset?
1778 2774 1828 2842 Ex

241 2910 314 2982 qua
338 2884 486 2983 quidem
513 2899 615 2983 parte
640 2885 686 2958 ad
711 2899 837 2958 caetera
861 2899 1038 2958 terrarum
1059 2884 1140 2957 loca
1160 2899 1286 2983 postea
1307 2884 1489 2956 transferri
1514 2900 1550 2957 ct
1575 2887 1827 2986 transplantari

240 3020 449 3104 potuerunt.
470 3009 589 3078 Verna
609 3019 729 3078 autem
750 3005 940 3103 temperies
963 3005 1000 3075 in
1021 3002 1188 3103 paradiso
1212 3005 1306 3100 jugis
1326 3029 1403 3077 esse
1427 3003 1596 3096 creditur,
1617 3023 1653 3078 et
1677 3007 1728 3080 ibi
1750 3010 1825 3082 for·

240 3126 340 3198 tassis
365 3126 488 3199 omnia
514 3141 598 3199 tunc
624 3125 730 3198 simul
757 3140 853 3199 terra
877 3124 1078 3225 producere
1102 3141 1139 3198 et
1163 3149 1376 3199 conservare
1401 3127 1541 3226 potuit,
1578 3111 1640 3200 ubi
1667 3144 1704 3200 et
1730 3146 1825 3205 terra

239 3247 408 3322 omnibus
425 3263 508 3347 apta
524 3263 561 3321 et
575 3249 653 3347 ipsa
667 3248 857 3346 temperies
874 3246 954 3320 coeli
970 3248 1218 3320 convenirent.
1238 3248 1376 3319 Scimus
1396 3263 1517 3319 autem
1533 3248 1646 3321 multa
1663 3249 1709 3321 de
1730 3266 1825 3326 terra

238 3367 355 3455 nasci,
369 3383 527 3463 quorum
544 3367 614 3440 alia
629 3364 783 3440 calidam
799 3381 933 3438 terram
949 3365 1175 3456 desiderant,
1194 3364 1263 3438 alia
1279 3364 1464 3462 frigidam,
1479 3365 1548 3439 alia
1562 3381 1796 3466 temperatam
1812 3399 1820 3440 :

237 3500 272 3557 ct
290 3485 340 3558 sic
363 3484 440 3558 fieri
465 3487 600 3585 potuit,
627 3499 669 3558 ut
691 3509 923 3584 quocumque
941 3499 1105 3584 tempore
1130 3499 1224 3557 terra
1245 3486 1480 3582 germinaret,
1507 3488 1545 3557 in
1566 3486 1715 3560 diversis
1735 3486 1824 3561 locis

237 3605 376 3680 diversa
405 3608 634 3705 produceret.
670 3611 742 3679 Nec
774 3622 849 3679 tam
879 3608 1078 3680 necessaria
1106 3605 1248 3678 videtur
1276 3607 1466 3706 temperies
1495 3607 1554 3694 ad,
1571 3608 1822 3707 producendas

236 3724 394 3822 plantas,
416 3751 525 3824 quam
548 3726 595 3798 ad
616 3726 885 3798 conservandos
907 3725 1055 3797 fructus.
1080 3726 1264 3823 Scriptura
1285 3740 1406 3799 autem
1426 3727 1472 3799 dc
1494 3715 1668 3800 fructibus
1686 3730 1822 3803 nullam

236 3844 294 3917 hic
311 3846 534 3918 mentionem
547 3844 643 3916 facit.
656 3843 727 3915 Sed
738 3843 784 3916 de
799 3843 988 3916 fructuosis
999 3842 1130 3941 plantis
1141 3843 1178 3914 iu
1196 3844 1364 3942 paradiso
1380 3845 1443 3916 ubi
1459 3845 1572 3918 homo
1589 3847 1821 3923 collocandus

235 3977 327 4053 erat,
347 3962 483 4036 fructus
505 3961 624 4036 subito
646 3985 729 4034 curn
752 3959 941 4034 arboribus
962 3959 1115 4058 produci
1136 3959 1316 4032 credimus
1338 3976 1514 4060 quantum
1536 3964 1677 4036 homini
1696 3991 1819 4039 neces-

233 4083 366 4154 sarium
383 4095 475 4154 esset
491 4109 500 4152 ε
517 4069 614 4153 unde
632 4094 668 4153 ct
687 4105 750 4154 eos
769 4082 806 4153 in
827 4079 943 4152 fructu
959 4080 1075 4152 vetitae
1093 4069 1232 4152 arboris
1254 4091 1491 4178 transgressos
1513 4081 1618 4155 fuisse
1637 4084 1819 4182 Scriptura

232 4215 511 4290 commemorat,
534 4215 570 4272 et
596 4200 997 4290 caeterarumarborum
1026 4199 1161 4272 fructus
1188 4201 1221 4273 ei
1249 4200 1354 4274 fuisse
1381 4224 1571 4274 concessos
1600 4202 1637 4273 in
1660 4227 1761 4274 esum
1784 4207 1817 4277 ei

232 4321 463 4394 necessarios.
489 4319 584 4392 Nihil
605 4335 725 4393 nmen
747 4319 918 4420 impedit,
950 4321 981 4392 si
1000 4321 1038 4392 in
1062 4319 1210 4392 diversis
1230 4321 1332 4392 terris
1354 4345 1423 4420 pro
1441 4321 1612 4420 qualitate
1630 4346 1754 4395 earum
1775 4347 1816 4396 ac

232 4442 373 4514 diversa
399 4442 572 4541 temperie
594 4442 674 4514 coeli
698 4441 847 4514 diversae
873 4441 1004 4540 ptantae
1027 4441 1161 4514 fructus
1183 4467 1268 4514 suos
1289 4442 1419 4515 eodem
1442 4457 1605 4542 tempore
1624 4469 1815 4517 conserva·

232 4576 331 4651 rent,
351 4562 407 4634 vel
427 4562 561 4634 eaedem
580 4562 710 4661 plantae
723 4565 761 4635 in
782 4563 851 4636 alia
870 4577 964 4636 terra
983 4588 1066 4635 cum
1085 4563 1225 4652 fructu,
1244 4565 1281 4635 in
1302 4564 1371 4637 alia
1389 4565 1465 4636 sine
1486 4564 1603 4637 fructu
1621 4582 1708 4638 tunc
1725 4592 1814 4639 con·

230 4680 395 4752 sisterent
415 4680 533 4754 donec
553 4683 742 4780 temperies
763 4681 970 4772 adveniret,
997 4683 1089 4754 sicut
1104 4681 1266 4781 quotidie
1281 4683 1474 4782 contingit,
1492 4709 1606 4783 quum
1631 4685 1814 4759 videamus

231 4821 305 4869 non
322 4823 423 4896 aque
439 4800 510 4872 cito
527 4814 638 4875 terras
655 4825 781 4873 omnes
797 4801 944 4873 eosdem
960 4800 1094 4873 fructus
1110 4801 1324 4876 ministrare.

280 4923 358 4990 «Et
375 4918 563 4992 facientem
583 4945 720 4992 semen.
739 4949 756 4986 n
781 4921 862 4992 Sive
883 4935 923 4992 ut
941 4935 1025 4992 nata
1046 4923 1165 4993 statim
1187 4947 1309 4994 semen
1329 4947 1435 4995 suum
1458 4921 1624 5014 haberet,
1649 4926 1740 4997 acsi
1766 4927 1811 4998 ad

142 5038 146 5046 ’
230 5038 471 5110 maturitatem
486 5041 722 5138 pervenisset,
742 5040 815 5112 sive
831 5053 871 5112 ut
887 5055 970 5140 apta
985 5041 1032 5112 ad
1048 5040 1258 5114 habendum
1273 5065 1395 5114 semen
1413 5057 1606 5116 crearetur.

280 5187 298 5225 a
311 5162 354 5230 Et
364 5159 501 5256 lignum
517 5161 747 5258 pomiferum.
759 5190 776 5230 n
788 5166 865 5236 Hoc
877 5177 930 5234 est
941 5161 1087 5236 arbores
1104 5162 1323 5257 fructuosas,
1337 5164 1411 5237 sive
1427 5164 1546 5237 statim
1559 5189 1673 5263 quum
1689 5188 1810 5238 nasce-
