4574 6110
467 606 539 677 3t8
1065 609 1191 680 PETRl
1219 609 1454 684 ABAEnlnnt

466 746 634 819 stulantes
650 746 705 818 vel
719 747 946 844 accipientes,
963 763 1063 821 tanto
1082 775 1149 822 nos
1162 749 1229 822 sibi
1242 775 1305 823 eos
1318 750 1561 824 familiariores
1574 750 1788 844 reddebant,
1806 767 1941 850 quanto
1954 753 2048 828 intir-

465 869 578 940 mitati
593 881 722 938 nostrae
740 868 851 964 magis
867 868 1220 962 condescendebant,
1241 887 1418 946 eteorum
1436 871 1483 944 ad
1500 896 1593 970 quos
1610 872 1802 945 veniebant
1819 875 2046 946 consuetudi-

464 1013 547 1062 nem
565 1013 640 1060 non
657 989 884 1087 respuebant.
910 995 1010 1064 Hanc
1029 1007 1064 1064 et
1080 995 1256 1066 Dominus
1274 993 1535 1092 providentiam
1555 1008 1697 1084 tenens,
1721 994 1809 1066 nihil
1831 995 1866 1064 in
1886 993 1973 1066 cibis
1992 997 2046 1068 vel

462 1114 498 1182 in
516 1111 674 1183 humana
688 1113 957 1186 couversatione
976 1131 1103 1213 praeter
1119 1131 1306 1214 peccatum
1318 1130 1392 1188 tam
1409 1141 1429 1188 a
1446 1141 1484 1189 se
1502 1140 1611 1213 quam
1628 1141 1649 1188 a
1666 1115 1849 1214 discipulis
1867 1117 1969 1187 vitari
1987 1116 2047 1188 de·

461 1233 582 1304 crevit.
606 1233 677 1321 Qui
698 1235 725 1304 si
747 1235 853 1338 etiarn
876 1235 961 1332 legis
981 1261 1092 1308 onera
1112 1261 1186 1307 non
1207 1237 1434 1335 suscepisset,
1454 1261 1681 1334 nequaquam
1701 1234 1935 1334 postmodum
1957 1233 2047 1308 hanc

461 1354 654 1424 removisse
673 1353 864 1445 videretur,
886 1371 958 1426 tam
980 1371 1128 1455 propter
1151 1357 1410 1430 mutilationem
1434 1357 1527 1452 ejus,
1544 1361 1672 1454 quam²
1689 1370 1837 1456 propter
1859 1379 2045 1452 gravamen

459 1470 580 1567 ipsius.
602 1475 673 1560 Qui
690 1499 789 1547 nunc
807 1474 967 1572 profecto
986 1475 1138 1575 amplius
1158 1501 1179 1547 a
1195 1475 1301 1548 nobis
1319 1474 1521 1573 diligendus
1538 1474 1692 1566 videtur,
1713 1473 1887 1571 quoniam
1905 1488 1941 1544 et
1957 1473 2046 1546 illius

459 1616 568 1664 onera
593 1611 741 1695 propter
763 1620 829 1666 uos
853 1597 927 1693 ipse
950 1598 1121 1696 suscepit,
1137 1613 1182 1670 -et
1204 1597 1251 1669 ab
1269 1599 1354 1697 ipsis
1374 1596 1608 1696 postmodum
1624 1621 1693 1667 nos
1710 1594 1886 1668 liberavit.
1907 1596 1998 1665 Sunt
2014 1611 2046 1668 et

460 1709 526 1783 alia
548 1715 738 1807 nonnulla,
759 1739 839 1812 quae
860 1731 895 1786 et
912 1717 1107 1788 Dominum
1125 1719 1236 1814 egisse
1255 1717 1500 1807 meminimus,
1522 1730 1557 1786 et
1580 1739 1622 1786 ea
1642 1729 1762 1786 tamen
1785 1711 1972 1784 salubriter
1989 1711 2046 1784 de-

459 1829 632 1904 clinamus
650 1835 818 1925 omniun,
839 1835 896 1906 vel
913 1835 983 1907 alio
1005 1851 1167 1936 tempore
1188 1852 1224 1909 et
1240 1837 1312 1908 alio
1332 1835 1443 1908 modo
1462 1834 1718 1907 convenienter
1734 1830 1965 1904 celebramus.
1988 1835 2046 1902 le·

459 1952 589 2047 gimus'
606 1953 741 2052 quippe
754 1953 800 2026 ad
819 1956 961 2053 nuptias
979 1957 1177 2028 Dominum
1196 1958 1384 2028 invitatum
1401 1979 1484 2026 cum
1504 1968 1617 2026 matre
1633 1967 1669 2024 et
1687 1950 1870 2048 discipulis
1883 1949 2045 2021 convivio

459 2071 509 2144 illi
529 2075 751 2148 interfuisse:
776 2075 876 2173 quod
901 2102 999 2149 nunc
1021 2077 1167 2174 quidem
1191 2076 1343 2177 provida
1368 2076 1633 2176 dispensatione
1656 2070 1901 2146 sacerdotibus
1922 2071 2045 2146 Christi

459 2194 546 2268 locis
571 2197 769 2297 specialiter
794 2198 1039 2272 obtinentibus
1062 2223 1083 2270 a
1108 2202 1238 2272 sanctis
1261 2197 1426 2298 patribus
1450 2196 1678 2269 interdictum
1705 2209 1757 2268 est
1785 2195 1939 2294 penitus.
1977 2193 2045 2266 Alia

458 2320 591 2417 quippe
609 2319 647 2390 in
667 2317 728 2389 illo
741 2320 831 2391 ratio
846 2319 935 2413 fuit,
948 2321 1017 2394 alia
1033 2323 1069 2392 in
1088 2321 1206 2394 nobis.
1227 2326 1355 2394 Nostra
1372 2344 1529 2418 namque
1546 2317 1735 2389 infirmitas
1750 2314 1796 2388 ad
1815 2313 2044 2387 tentationem

459 2461 589 2538 prona,
617 2440 653 2510 in
674 2443 847 2514 conviviis
866 2445 1112 2516 maximenon
1135 2443 1252 2516 solum
1273 2441 1471 2538 religionis,
1494 2440 1742 2511 verumetiam
1761 2435 1964 2507 communis
1981 2433 2045 2506 ho·

458 2563 600 2632 nestatis
623 2562 774 2634 modum
803 2564 952 2637 excedit.
984 2570 1056 2637 Nec
1083 2565 1140 2637 ille
1169 2565 1215 2636 ad
1243 2565 1386 2662 nuptias
1411 2577 1484 2634 tam
1511 2575 1659 2661 propter
1686 2559 1910 2647 convivium,
1939 2580 2043 2653 quam

457 2700 605 2782 propter
627 2686 789 2757 miraculi
811 2686 1046 2777 beneficium,
1069 2713 1143 2784 quo
1168 2712 1206 2758 se
1231 2686 1490 2774 manifestaret,
1514 2685 1609 2755 etin
1635 2705 1673 2754 se
1697 2678 1891 2778 discipulos
1913 2677 2044 2750 confir-

457 2821 587 2895 maret,
609 2808 729 2878 venire
755 2807 989 2904 dedignatus¹
1012 2825 1075 2881 est.
1098 2807 1206 2896 Quod
1224 2807 1411 2904 diligenter
1430 2804 1653 2901 Evangelista
1674 2800 1922 2890 considerans,
1950 2801 2040 2871 ait‘:

459 2957 474 2993 a
490 2929 532 2998 Et
546 2925 775 2998 crediderunt
787 2927 823 2998 in
839 2953 922 3000 eum
937 2929 1100 3028 discipuli
1114 2929 1202 3024 ejus.
1218 2956 1235 2995 u
1256 2928 1395 2999 Scimus
1407 2941 1444 2997 et
1457 2927 1575 3024 ipsum
1593 2938 1676 3022 post
1694 2921 1913 3020 baptismum
1930 2921 2042 2991 statim

457 3048 492 3118 in
513 3071 672 3120 eremum
692 3048 1007 3142 condescendisse,
1024 3065 1064 3122 et
1083 3048 1317 3147 quadraginta
1335 3047 1486 3126 dierum.
1490 3045 1666 3142 jejunium
1685 3056 1770 3113 tunc
1789 3039 1992 3129 inchoasse,
2013 3055 2043 3110 et

456 3169 505 3238 sic
534 3191 819 3260 consummasse,
846 3195 914 3242 nec
942 3171 1039 3269 ipsos
1066 3169 1247 3271 apostolos
1278 3167 1324 3240 ab
1354 3191 1399 3239 eo
1429 3179 1690 3240 sacramentum
1721 3160 1882 3260 corporis
1906 3174 1942 3230 et
1969 3183 2042 3230 san·

456 3288 570 3386 guinis
592 3289 647 3360 sui
661 3289 805 3385 jejunos
823 3292 1011 3390 accepisse.
1033 3295 1120 3380 Quae
1136 3307 1222 3362 tunc
1236 3288 1383 3388 quidem
1398 3289 1448 3360 sie
1462 3286 1537 3359 fieri
1553 3282 1759 3384 oportebat,
1779 3295 1813 3352 et
1832 3304 1931 3352 nunc
1947 3279 2043 3350 aliter

456 3405 523 3477 alia
543 3406 681 3480 ratione
697 3409 735 3478 in
752 3409 1048 3482 consuetudinem
1072 3423 1248 3482 venerunt
1272 3407 1446 3480 Ecclesiae.
1474 3407 1530 3476 Sic
1552 3419 1588 3476 et
1611 3403 1806 3486 DominuS,
1835 3424 1882 3472 ue
1907 3397 2042 3469 Judaeos

457 3526 726 3620 scandalizaret,
746 3531 1052 3604 circumcisionem
1068 3531 1239 3628 suscepit,
1253 3545 1288 3602 et
1304 3553 1371 3601 nos
1389 3542 1526 3627 postea,
1546 3540 1587 3595 ut
1602 3523 1739 3596 dictum
1758 3534 1811 3592 est
1818 3525 1840 3610 ⁸,
1861 3517 2043 3616 repellere·

457 3669 553 3735 urus,
585 3646 680 3718 hanc
705 3651 856 3722 omnino
882 3651 1092 3749 respuimus.
1123 3651 1231 3722 ltlulta
1257 3649 1390 3749 quippe
1416 3663 1517 3737 sunt,
1546 3667 1625 3742 quae
1650 3638 1850 3714 seeundum
1876 3637 2042 3735 temporis

456 3769 760 3865 opportunitatem
775 3771 844 3844 alio
859 3787 1022 3870 tempore
1034 3787 1116 3842 sunt
1128 3770 1335 3869 probanda,
1356 3768 1472 3842 etalio
1490 3760 1747 3866 improbanda,
1769 3759 1833 3832 etsi
1847 3759 1893 3830 ab
1911 3757 2040 3830 eisdem

454 3889 554 3985 prius
567 3902 602 3958 et
617 3891 850 3986 postmodum
873 3907 1040 3989 gerantur
1061 3893 1234 3990 personis.
1257 3890 1398 3964 Habent
1415 3889 1549 3988 quippe
1567 3888 1605 3957 in
1624 3880 1793 3956 omnibus
1810 3879 1890 3951 loca
1908 3895 1943 3951 et
1958 3893 2042 3952 tem·

455 4032 542 4106 pora
564 4035 644 4082 suas
664 4014 837 4102 rationes,
859 4012 1058 4088 secundum
1077 4015 1219 4112 quasin
1239 4014 1289 4085 eis
1307 4011 1433 4084 eadem
1452 4007 1564 4081 modo
1582 4005 1675 4097 fieri,
1697 4003 1809 4076 modo
1833 3998 1935 4070 vitari
1957 4025 2040 4072 oon·

454 4130 563 4203 venit.
594 4135 693 4206 Adeo
718 4159 785 4233 pro
811 4132 986 4205 scandalis
1009 4133 1065 4206 vel
1090 4133 1294 4232 reptdsione
1323 4131 1482 4229 gentium
1507 4127 1680 4218 vitandis,
1707 4123 1871 4225 quaedam
1900 4144 2040 4192 nunca

454 4252 559 4327 nobis
583 4256 738 4354 legitima
764 4258 880 4328 caveri
908 4257 1135 4329 manifestum
1159 4269 1233 4346 est,
1260 4268 1384 4352 utpote
1418 4252 1726 4324 circumcisionem
1752 4261 1788 4318 et
1809 4243 1947 4317 sabbati
1982 4265 2038 4311 seu

454 4378 624 4451 festorum
643 4379 926 4468 observationes,
946 4395 981 4451 et
1004 4377 1258 4450 sacrificiorum
1283 4377 1410 4464 ritum,
1436 4377 1510 4446 sive
1533 4369 1775 4470 quorumdam
1793 4365 2038 4438 abstinentiam

453 4497 638 4592 ciborum3
665 4497 764 4598 quod
784 4498 821 4570 in
838 4497 968 4596 quibus
985 4499 1137 4599 apostoli
1156 4497 1210 4571 vel
1233 4497 1343 4569 sancti
1364 4511 1483 4596 patres
1506 4493 1645 4564 nullum
1667 4503 1927 4591 praesenserunt
1945 4512 2040 4560 scan-

453 4626 592 4715 dalum,
616 4627 690 4695 irno
711 4621 845 4719 aliquid
863 4621 1019 4694 utilitatis
1037 4620 1094 4692 vel
1117 4619 1257 4692 decoris
1280 4617 1548 4706 intellexerunt,
1575 4637 1617 4684 ea
1642 4611 1794 4684 retinere
1816 4633 1891 4680 non
1915 4607 2040 4683 abhor-

454 4761 613 4817 ruerunt.
637 4743 740 4815 Unde
762 4757 797 4814 et
814 4741 932 4814 adhuc
948 4743 1112 4827 Quatuor
1128 4743 1344 4838 Temporum
1358 4737 1493 4834 jejunia
1507 4733 1746 4820 celebramus,
1768 4743 1800 4802 et
1817 4728 1914 4827 ipsos
1934 4726 2039 4800 eccle·

452 4866 674 4936 siasticorum
693 4861 894 4933 officiorum
915 4860 1063 4958 gradus,
1089 4859 1134 4930 ab
1153 4859 1297 4930 ostiario
1318 4857 1468 4947 sedicet,
1492 4854 1549 4930 vel
1567 4853 1613 4924 ab
1635 4853 1710 4950 ipsa
1729 4851 1836 4922 etiarn
1859 4846 2038 4918 clericatus

452 5001 728 5097 tonsurausque
746 4983 792 5056 ad
812 4985 1041 5084 episcopum,
1067 5005 1209 5054 necnon
1230 4996 1265 5052 et
1282 4979 1509 5052 sacerdotalis
1530 4977 1585 5048 vel
1608 4971 1832 5048 ecclesiastici
1852 4968 1968 5040 cultus
1985 4993 2037 5039 or·

486 5179 493 5204 ⁸
512 5179 583 5232 bmb.
601 5167 730 5240 Ortbtttttm.
744 5174 794 5213 -'
808 5175 889 5237 loen„
903 5191 958 5240 cap.
970 5191 1003 5237 u,
1016 5191 1038 5223 v.
1053 5175 1075 5224 t.
1085 5173 1137 5212 -³
1148 5173 1219 5225 lmb.
1232 5177 1353 5237 elipantus.
1367 5201 1398 5210 -
1408 5173 1419 5199 ⁸
1429 5171 1510 5232 toan„
1522 5185 1577 5235 cap.
1589 5185 1619 5229 n,
1639 5185 1662 5217 v.
1680 5171 1718 5216 tt.
1730 5163 1778 5202 -⁸
1791 5163 1835 5214 llic
1849 5160 1939 5227 aliquid
1955 5159 2036 5210 decute

450 5267 552 5319 videtur.
