4522 6102
822 741 828 748 .
881 683 1118 756 EPlSTOLAE.
1720 689 1790 760 tta

221 819 295 915 ipsa
307 819 385 913 ejus
394 822 628 918 conceptione
639 821 837 896 delibutum
849 831 858 866 ¹
870 826 997 898 mulier
1009 849 1153 922 quoque
1167 826 1374 924 inungeret,
1395 829 1540 926 etquasi
1549 825 1793 926 corporalibus

222 941 449 1011 sacramentis
467 967 550 1012 eum
566 943 601 1012 in
616 967 735 1040 regem
753 960 789 1016 et
805 947 1026 1018 sacerdotem
1044 969 1272 1037 consecrans,
1289 949 1486 1038 Christum,
1505 947 1610 1022 idest
1627 965 1789 1041 unctum,

222 1057 453 1154 corporaliter
471 1061 587 1158 ipsum
601 1061 754 1134 efficeret
769 1064 783 1132 l
802 1067 939 1136 Scimus
956 1067 1110 1164 primum
1129 1088 1150 1136 a
1167 1064 1365 1162 patriarcha
1382 1068 1514 1139 lacoh'
1524 1069 1562 1138 in
1578 1083 1704 1166 typum
1714 1073 1795 1140 Dn-
1886 1043 1892 1054 ⁸

225 1177 312 1248 mini
328 1176 482 1274 lapidem
496 1195 644 1251 unctum
661 1181 776 1252 luisse.
803 1187 847 1254 Et
861 1182 1093 1281 postmodum
1108 1207 1231 1280 regum
1250 1185 1323 1256 sive
1345 1183 1568 1258 sacerdotum
1588 1187 1793 1276 unctiones,

226 1321 286 1368 seu
301 1295 464 1392 quaelibet
482 1286 692 1370 unctionum
710 1318 928 1374 sacramenta
945 1326 1021 1374 non
1034 1303 1103 1374 nisi
1120 1301 1205 1374 viris
1216 1301 1394 1376 celebrare
1406 1303 1619 1401 permissum
1632 1320 1703 1395 cst3
1718 1305 1799 1375 licet

228 1413 403 1512 baptizare
415 1441 676 1514 nonnunquam
691 1420 855 1492 mulieres
865 1435 1092 1519 praesumaut.
1114 1421 1282 1519 lapidem
1296 1422 1382 1494 olim
1393 1423 1591 1521 patriarcha
1603 1424 1798 1521 templum,

227 1559 323 1606 nunc
344 1550 380 1606 et
401 1535 509 1608 altare
531 1538 687 1634 pontifex
717 1539 798 1610 olen
823 1540 1028 1612 sanctificat.
1060 1541 1135 1612 Vin'
1158 1542 1278 1638 itaque
1298 1555 1516 1614 sacramenta
1539 1541 1660 1638 figuris
1680 1544 1801 1640 impri-

228 1669 350 1743 munt3
367 1654 495 1726 mulier
509 1681 595 1728 vero
614 1657 652 1728 in
674 1658 749 1755 ipsa
768 1675 914 1757 operata
935 1675 989 1732 est
1005 1661 1168 1750 veritate,
1183 1661 1274 1732 sicut
1290 1663 1414 1758 etipsa
1432 1676 1648 1758 protestatur
1669 1663 1802 1732 Veritas

228 1771 394 1842 dicens³z
418 1803 435 1840 u
453 1779 592 1846 Bontm
616 1801 709 1874 opus
719 1793 865 1876 operata
882 1781 984 1850 estin
1003 1805 1074 1852 me.
1095 1807 1113 1846 n
1130 1779 1290 1852 Christus
1302 1781 1378 1878 ipse
1394 1805 1415 1852 a
1432 1781 1597 1869 muliere,
1614 1781 1802 1852 Christiani

225 1915 246 1958 a
261 1892 343 1962 viris
354 1893 591 1988 inunguntur:
607 1911 714 1992 caput
731 1897 848 1993 ipsum
864 1897 1032 1970 sciliceta
1052 1898 1200 1987 semina,
1223 1899 1383 1976 membra
1403 1923 1422 1968 a
1444 1899 1539 1970 viris.
1566 1903 1661 1970 liene
1684 1913 1803 1970 autem

229 2008 391 2080 elludisse
405 2025 640 2107 unguentum,
652 2037 726 2084 non
740 2014 885 2086 stillasse
898 2039 1004 2114 super
1013 2016 1204 2115 captitejus
1213 2017 1341 2088 mulier
1353 2023 1582 2088 memoratur.
1601 2015 1805 2088 Secundum

229 2128 329 2222 quod
352 2128 399 2198 de
419 2130 497 2226 ipso
515 2154 645 2228 sponsa
659 2133 697 2203 in
717 2134 862 2206 canticis
880 2135 1037 2232 praecinit
1056 2135 1200 2206 diceus:
1223 2140 1486 2232 «Unguentum
1507 2135 1658 2207 effusum
1675 2158 1808 2206 nomen

230 2263 331 2318 tuum
341 2251 363 2317 ⁸.
379 2251 514 2344 »Hujus
528 2276 672 2348 quoque
686 2256 856 2350 unguenti
875 2257 1015 2352 copiam
1029 2279 1093 2352 per
1105 2255 1210 2346 illud,
1231 2256 1331 2352 quod
1346 2281 1367 2328 a
1380 2257 1495 2354 capite
1508 2261 1624 2352 'usque
1641 2255 1687 2325 ad
1705 2279 1805 2325 oram

229 2369 612 2458 vesunnntidetluxttt
629 2373 809 2470 psalmista
822 2375 968 2468 mystice
979 2374 1178 2472 prefigurat
1187 2429 1197 2463 ,
1207 2375 1331 2446 dicens
1344 2378 1355 2413 ⁶
1374 2403 1383 2444 :
1400 2405 1417 2442 n
1429 2377 1524 2446 Sicut
1537 2389 1759 2470 unguentum
1770 2375 1807 2442 in

232 2489 364 2584 capite,
385 2488 484 2585 qnod
509 2489 694 2562 descendit
710 2492 746 2562 in
761 2489 930 2580 barbam,
950 2493 1099 2566 barbam
1114 2498 1242 2567 Aaron.
1259 2493 1367 2580 Quod
1380 2493 1563 2566 descendit
1581 2494 1618 2563 in
1634 2515 1735 2562 oram
1752 2515 1809 2562 ve-

232 2609 385 2680 stimenti
402 2608 490 2703 ejus.
516 2637 534 2674 »
556 2611 697 2682 Trinam
721 2610 838 2682 David
850 2613 1074 2702 unctionem,
1095 2614 1187 2684 sicut
1204 2627 1240 2686 et
1255 2614 1492 2708 lliernnymus
1511 2613 1547 2682 in
1569 2610 1706 2708 psalmo
1725 2635 1807 2680 xxvi
1867 2593 1877 2616 ⁸

233 2728 408 2816 meminit,
430 2729 605 2824 accepisse
618 2727 787 2823 legimus;
809 2729 937 2800 trinam
951 2744 988 2802 et
998 2730 1178 2802 Christum
1196 2732 1269 2803 sive
1287 2731 1505 2802 Christianos
1522 2757 1529 2800 :
1546 2729 1655 2826 pedes
1677 2729 1809 2825 quippe

235 2849 396 2934 Domini,
417 2847 490 2918 sive
513 2862 638 2943 caput,
666 2847 839 2918 muliebre
857 2863 1089 2946 susceperuut
1111 2865 1353 2946 unguentum
1379 2865 1564 2920 mortuum
1586 2873 1671 2918 vero
1694 2850 1810 2944 ipsum

235 2966 364 3064 Joseph
382 2965 429 3036 ab
442 2965 634 3036 arimathia
647 2981 681 3038 et
695 2965 929 3056 Nicodemus,
943 2967 1033 3040 sicut
1050 2969 1157 3040 refert
1169 2973 1322 3040 ioannes
1336 2972 1360 3058 ⁷,
1374 2992 1457 3039 cum
1474 2966 1691 3038 aromatibus
1710 2989 1807 3063 sepe·

236 3085 376 3156 lierunt.
402 3085 591 3158 Christiani
613 3109 758 3182 quoque
782 3086 875 3158 trina
894 3086 1157 3160 sanctificantur
1176 3089 1369 3160 unctione:
1391 3111 1543 3184 quarum
1562 3110 1633 3156 una
1649 3084 1689 3156 fit
1701 3086 1738 3156 in
1752 3084 1812 3154 ba·

235 3209 382 3302 ptismo,
403 3205 511 3278 altera
525 3206 561 3276 in
576 3205 864 3293 confirmatione,
879 3208 980 3278 tertia
989 3231 1076 3280 vero
1088 3207 1312 3280 infirmomm
1327 3223 1392 3278 est.
1411 3204 1596 3304 Perpende
1606 3204 1725 3301 itaque
1736 3228 1814 3274 mu·

237 3327 330 3400 lieris
354 3325 561 3421 dignitatem
572 3328 595 3412 ⁸,
616 3351 722 3422 aqua
749 3326 871 3398 vivens
897 3325 1057 3398 Christus
1078 3326 1134 3399 bis
1151 3329 1336 3417 inunctus,
1364 3327 1493 3397 tamin
1513 3324 1666 3422 pedibus
1683 3324 1814 3396 scilicet

237 3467 345 3540 quam
368 3445 405 3514 in
424 3447 557 3541 capite,
578 3444 668 3540 regis
686 3457 722 3514 et
749 3443 941 3516 sacerdotis
958 3445 1113 3542 suscepit
1137 3459 1367 3517 sacramenta.
1391 3443 1541 3540 Myrrbae
1563 3467 1649 3514 vero
1667 3458 1702 3514 et
1720 3442 1815 3514 aloes

238 3579 476 3661 unguentum,
493 3563 594 3662 quod
611 3563 656 3634 ad
675 3563 920 3636 conservanda
940 3587 1093 3662 empore
1110 3581 1336 3636 mortuorum
1354 3563 1557 3652 adhibetur,
1576 3562 1687 3660 ipsius
1702 3562 1817 3636 domi·

233 3689 308 3758 'uici
323 3686 485 3782 corporis
499 3684 802 3780 incorruptionem
816 3683 971 3754 futuram
985 3685 1240 3782 praesignabat,
1256 3710 1364 3782 quam
1382 3685 1489 3756 etiam
1499 3681 1649 3780 quilibet
1659 3681 1761 3752 electi
1779 3681 1817 3751 in

236 3805 496 3878 resurrectione
525 3817 609 3874 sunt
631 3801 750 3901 adepti
767 3805 788 3870 ⁰.
818 3803 941 3874 Priora
961 3816 1079 3874 autem
1099 3804 1255 3875 mulieris
1272 3809 1292 3844 ¹⁰
1307 3818 1488 3900 unguenta
1509 3801 1722 3900 singularem
1743 3801 1818 3896 ejus

237 3941 313 3998 tam
326 3924 427 4020 regni
443 3945 551 4018 quam
568 3920 755 3994 sacerdotii
768 3921 1015 3992 demonstrant
1028 3921 1256 4016 dignitatem:
1274 3923 1397 3995 unctio
1408 3921 1553 4018 quidem
1568 3921 1692 4019 capitis
1709 3943 1816 4016 supe-

231 4046 389 4132 riorem,
404 4043 539 4141 pedum
554 4065 639 4112 vero
657 4040 872 4115 inferiorem.
891 4044 982 4112 Ecce
995 4041 1109 4137 regis¹¹
1124 4042 1231 4112 etiam
1243 4056 1503 4112 sacramentum
1515 4039 1693 4112 amuliere
1712 4039 1819 4109 susci-

229 4167 310 4260 pit,
332 4164 394 4259 qui
413 4179 532 4234 tamen
559 4160 720 4232 oblatum
738 4184 760 4232 a
778 4160 860 4232 viris
885 4159 952 4231 sibi
978 4185 1127 4257 regnum
1146 4160 1326 4259 suscipere
1350 4161 1501 4258 respuit,
1522 4174 1559 4230 et
1576 4160 1660 4258 ipsis
1681 4182 1763 4229 enm
1781 4157 1818 4226 in

233 4309 362 4380 regem
376 4307 501 4380 rapere
514 4280 716 4354 volentibus
728 4281 874 4378 aufugit.
889 4281 1065 4370 Coelestis,
1086 4305 1160 4354 non
1179 4281 1310 4352 terreni
1322 4281 1414 4378 regis
1422 4280 1549 4352 mulier
1561 4292 1819 4350 sacramentum

229 4407 398 4504 peragit3
415 4404 507 4500 ejus,
522 4405 689 4500 inquam,
705 4401 824 4500 quide
836 4404 1028 4502 semetipso
1041 4403 1274 4502 postmodum
1287 4403 1336 4474 ait
1344 4407 1363 4440 ¹²
1378 4429 1421 4479 :n
1439 4404 1599 4497 Regnum
1612 4421 1732 4470 meum
1745 4419 1819 4466 non

224 4543 291 4600 est
304 4527 349 4600 de
362 4527 433 4598 hoc
448 4524 596 4596 mundo.
616 4553 634 4591 n
649 4523 855 4596 Gloriantur
866 4524 1024 4622 episcopi
1034 4549 1160 4621 quum,
1173 4521 1470 4623 applaudentibus
1482 4521 1644 4620 populis,
1662 4535 1822 4590 terrenos

222 4653 419 4744 inungunt
434 4671 549 4744 reges,
570 4669 682 4743 quum
707 4645 875 4718 mortales
900 4661 1112 4718 consecrant
1135 4646 1354 4731 sacerdotes,
1384 4641 1580 4742 splendidis
1602 4656 1638 4713 et
1655 4638 1823 4711 inauratis

222 4767 398 4840 vestibus
419 4765 603 4870 adornati,
624 4781 659 4838 et
677 4789 769 4864 saepe
787 4766 842 4836 his
861 4764 1098 4856 benedicunt,
1118 4765 1248 4864 quibus
1265 4763 1440 4836 Dominus
1462 4761 1652 4834 maledicit.
1673 4755 1823 4831 Humilis

265 5023 275 5047 ¹
300 5020 374 5080 lsai..
386 5035 443 5086 cap.
457 5035 497 5080 ιι,
510 5037 534 5070 v.
549 5021 574 5068 2.
587 5017 640 5056 -'
654 5019 750 5077 Getes„
769 5033 825 5084 cap.
837 5033 928 5077 xxrtn,
940 5033 965 5067 r.
981 5019 1020 5068 18.
1053 5019 1134 5077 lom..
1150 5033 1206 5084 cap.
1220 5033 1269 5078 ιιι,
1282 5033 1306 5068 s.
1321 5012 1409 5067 3.·-“
1422 5013 1574 5078 Δαφηιήῐ)
1595 5023 1620 5064 et
1638 5011 1690 5063 tts.
1711 5009 1826 5060 emb.-

221 5133 259 5142 -
274 5105 288 5130 ³
307 5103 398 5164 liare,
408 5119 464 5171 cap.
478 5119 529 5165 xiv,
542 5119 565 5153 r.
577 5103 665 5154 6.-⁴
678 5105 749 5154 cant.
763 5105 844 5163 canc,
857 5119 913 5170 cap.
925 5121 946 5162 t,
960 5117 983 5152 r.
996 5105 1020 5153 2.
1055 5102 1078 5132 ¹⁰
1091 5103 1131 5154 Sic
1143 5103 1315 5154 balatum
1327 5098 1390 5150 ttdd.
1403 5113 1541 5165 perperam.
1551 5125 1580 5136 -
1591 5097 1611 5125 “
1627 5099 1681 5147 lisa
1693 5094 1743 5146 lis.
1754 5091 1825 5145 hmb.

222 5223 252 5232 -
273 5195 287 5220 ⁵
302 5194 396 5260 Deflete
407 5192 448 5242 cn
461 5203 486 5242 et
498 5191 550 5242 llS.
563 5190 634 5242 Amb.
647 5217 676 5228 -
687 5190 697 5218 ·
708 5191 795 5242 num.
807 5207 906 5250 cxxxn,
919 5207 942 5239 v.
955 5193 978 5240 2.
992 5213 1023 5226 -·
1056 5215 1086 5226 -
1100 5186 1122 5215 ¹¹
1135 5187 1217 5249 ioan„
1231 5201 1286 5253 cap.
1299 5199 1374 5245 xun,
1385 5199 1410 5234 r.
1423 5185 1464 5233 36.

220 5279 230 5306 ¹
252 5278 358 5337 luam,
376 5291 431 5342 cap.
452 5292 508 5336 ιιι,
527 5292 548 5324 v.
563 5277 603 5324 ³8.
617 5300 644 5318 ν-
657 5273 667 5301 ⁸
682 5275 753 5336 Luc,
767 5289 822 5339 cap.
844 5289 889 5332 tn,
910 5289 933 5325 v.
955 5275 1025 5322 ³8.-
