4510 6108
766 583 810 655 ΙΝ
834 581 910 654 ula
934 581 1120 654 PASCHAE
1144 582 1307 655 SERMO.
1761 586 1833 659 tea

246 725 423 826 paschalis
449 723 681 801 solemnitatis
703 724 829 797 laetitiae
853 749 928 797 nou
959 724 1075 797 solum
1104 727 1308 824 proximum
1330 727 1502 799 moestitiae
1523 726 1673 799 biduum
1696 754 1834 828 praepo·

247 848 355 936 nitur,
377 847 610 943 verumetiam
627 847 735 918 totius
753 843 1031 942 quadragesimae
1047 844 1259 918 abstinentia
1275 847 1511 944 praemittitur.
1537 851 1576 918 ln
1595 871 1666 945 qua
1688 849 1854 946 quidem‘

246 965 535 1065 quadragesima,
557 989 664 1038 voces
688 965 754 1038 illa
773 964 917 1064 gaudii:
945 963 1145 1053 «Alleluia,
1167 964 1289 1036 Gloria
1313 964 1349 1036 in
1372 963 1516 1037 excelsis
1539 971 1636 1056 Deo,
1653 995 1670 1035 u
1687 981 1721 1038 et
1738 969 1834 1066 apud

246 1087 394 1158 clericos
409 1085 540 1158 etiam:
564 1113 582 1153 u
596 1087 644 1158 Te
657 1089 774 1156 Deum
788 1084 992 1173 laudamus,
1008 1112 1026 1150 u
1046 1079 1251 1170 reticentur,
1271 1097 1307 1176 et
1325 1083 1548 1183 paschalibus
1569 1085 1705 1182 gaudiis
1722 1111 1835 1158 reser-

246 1184 387 1297 vantur,
402 1220 443 1277 ut
455 1227 499 1278 eo
512 1221 598 1278 tunc
609 1206 779 1304 gratiores
793 1206 865 1276 sint
876 1205 979 1301 quasi
990 1229 1105 1293 novae,
1115 1204 1310 1301 quominus
1320 1219 1424 1276 antea
1436 1203 1575 1276 fuerant
1585 1205 1730 1278 usitatae.
1746 1211 1836 1280 Con·

246 1343 315 1400 stat
331 1328 466 1428 quippe
484 1328 792 1426 quadragesimam
811 1327 1001 1399 dominicae
1020 1327 1256 1418 abstinentiae,
1278 1327 1323 1398 ad
1341 1327 1442 1422 cujus
1461 1325 1664 1426 exemplum
1682 1328 1737 1401 rel
1756 1331 1835 1400 imi-

167 1521 172 1530 ,
246 1451 418 1530 tationem
431 1464 552 1521 nostra
564 1465 617 1522 est
629 1450 804 1541 instituta,
825 1469 1052 1547 nequaquam
1069 1472 1114 1521 eo
1130 1463 1293 1546 tempore
1309 1448 1484 1537 extitisse,
1506 1472 1579 1544 quo
1598 1472 1695 1520 nunc
1713 1466 1834 1523 nostra
1919 1531 1926 1544 ⁸

245 1567 451 1664 peragitur,
481 1569 587 1642 seda
618 1569 677 1642 die
704 1567 943 1667 Theophaniae
972 1570 1047 1667 ipsa
1078 1568 1284 1666 incoepisse,
1311 1569 1500 1666 ipsumque
1530 1569 1726 1640 Dominum
1753 1585 1864 1668 post⁸
1898 1552 1912 1582 ⁹

245 1684 463 1789 baptismum
481 1692 599 1764 statim
621 1691 667 1763 ad
686 1690 865 1765 desertum
882 1691 1083 1780 transiisse,
1111 1690 1202 1761 sicut
1222 1693 1360 1760 Marcus
1387 1694 1684 1780 commemorat¹,
1713 1690 1834 1788 ibique

222 1804 478 1908 'quadraginta
498 1809 638 1882 dierum
660 1825 696 1883 et
716 1811 877 1882 noctium
894 1810 1143 1882 abstinentiam
1164 1808 1347 1899 hahuisse;
1370 1833 1446 1880 non
1467 1809 1503 1880 iu
1523 1807 1649 1880 diebus
1666 1811 1835 1908 proximis
1931 1857 1939 1876 .

246 1928 406 2020 Paschae,
426 1932 517 2002 sicut
530 1957 627 2006 nuuc
641 1947 763 2003 nostra
776 1931 819 2004 fit
830 1931 1117 2030 quadragesima;
1132 1955 1173 2003 ea
1188 1915 1297 2028 quam
1311 1930 1464 2002 diximus
1482 1953 1640 2026 congrua
1653 1929 1835 2028 dispensa·

244 2049 361 2142 tione,
383 2064 424 2120 ut
439 2050 602 2123 videlicet
624 2076 668 2124 eo
687 2053 817 2149 gratior
838 2052 1028 2124 dominicae
1047 2053 1315 2124 resurrectionis
1333 2050 1502 2124 exultatio
1524 2048 1601 2139 frat,
1626 2075 1699 2146 quo
1721 2052 1836 2146 major

245 2167 465 2241 abstinentiae
482 2171 692 2262 maceratio,
713 2171 770 2244 vel
787 2172 1003 2271 poenitentiae
1020 2172 1197 2270 praecessit
1214 2170 1371 2242 afflictio.
1396 2169 1492 2258 Quid
1510 2171 1617 2266 igitur
1635 2172 1784 2260 mirum,
1806 2174 1833 2242 si

245 2303 280 2360 et
292 2288 444 2360 biduum
457 2290 546 2363 illud
560 2291 749 2364 dominicae
760 2292 935 2390 passionis
949 2317 990 2363 ac
1004 2292 1192 2390 sepulturae
1212 2292 1247 2361 in
1265 2291 1361 2363 luctu
1380 2291 1636 2389 compassionis
1656 2293 1834 2390 praecipue

245 2406 426 2499 ducimus,
450 2425 487 2480 ut
503 2426 585 2510 post
603 2411 727 2482 fletum
745 2412 876 2508 gratior
890 2409 1064 2482 habeatur
1081 2413 1192 2500 usus,
1213 2435 1280 2482 uec
1292 2411 1368 2504 jam
1390 2409 1578 2481 dominicae
1590 2436 1762 2509 pressurae
1779 2437 1834 2484 re·

244 2529 448 2618 corde'mur,
481 2530 748 2601 resurrectionis
775 2528 885 2625 gloria
911 2529 1207 2627 superveniente?
1239 2527 1343 2598 Unde
1369 2543 1404 2598 et
1434 2529 1648 2625 Apostolus¹
1677 2558 1684 2600 :
1721 2560 1738 2598 u
1764 2533 1837 2602 Etsi

244 2647 426 2719 Christum
441 2649 647 2719 noverimus
669 2645 868 2718 secuudum
892 2670 1055 2734 carnem,
1077 2646 1140 2715 sed
1157 2645 1232 2739 jam
1256 2670 1332 2715 non
1355 2646 1532 2716 novimus.
1549 2674 1566 2712 u
1590 2653 1638 2716 Ac
1661 2649 1690 2718 si
1715 2666 1835 2746 aperte

244 2766 358 2839 dicat:
377 2769 421 2837 Et
437 2768 465 2839 si
484 2766 571 2838 olim
585 2783 721 2866 'corpus
743 2765 871 2838 Cluisti
890 2765 1048 2854 carnale,
1064 2764 1136 2835 hoc
1153 2781 1206 2836 est
1225 2763 1407 2836 infirmum
1422 2790 1463 2836 ao
1480 2765 1644 2864 passibile
1656 2793 1717 2840 seu
1737 2796 1833 2842 mor-

244 2887 312 2958 tale
328 2870 432 2960 suisse
449 2911 525 2959 non
540 2887 763 2977 dubitemus,
781 2888 856 2983 jam
876 2887 993 2984 ipsum
1012 2887 1114 2982 quasi
1130 2884 1311 2984 spirituale
1328 2885 1460 2957 factum
1476 2877 1657 2980 norimus3
1678 2913 1745 2960 nec
1760 2891 1833 2988 jam

246 3021 318 3078 tam
339 3008 581 3080 infirmitatem
608 3007 704 3080 illam
730 3031 810 3104 quae
834 3007 1031 3105 praecessit,
1058 3030 1167 3104 quam
1194 3006 1305 3103 gloria
1329 3007 1615 3098 resurrectionis,
1646 3034 1724 3107 qua
1750 3010 1833 3082 sub-

243 3142 363 3200 secuta
381 3143 449 3218 est,
470 3128 698 3205 attendimus.
719 3131 806 3213 Quae
826 3125 972 3223 quidem
995 3126 1108 3222 gloria
1128 3125 1158 3196 si
1176 3126 1212 3196 in
1235 3126 1320 3223 ipsis
1337 3151 1483 3224 quoque
1498 3126 1667 3200 memhris
1684 3129 1829 3222 Christi,

245 3248 334 3319 sicut
348 3249 386 3318 in
406 3248 486 3348 ipso
502 3229 617 3347 capite
629 3248 705 3344 jam
721 3262 812 3320 esset
828 3246 1023 3345 completa,
1045 3271 1274 3344 nequaquam
1291 3273 1418 3320 eorum
1435 3250 1618 3347 passiones
1631 3251 1688 3322 vel
1700 3251 1833 3324 dormi·

245 3366 359 3438 tiones
370 3366 568 3440 solemnem
576 3366 749 3439 haberent
759 3364 1046 3438 celebrationem.
1064 3394 1082 3433 u
1093 3369 1214 3453 Quum
1224 3367 1333 3457 enim,
1345 3393 1363 3434 u
1380 3368 1495 3465 inquit
1505 3369 1719 3467 Apostolus³,
1739 3401 1756 3440 a
1771 3396 1831 3443 ve-

244 3490 335 3561 nerit
348 3487 449 3586 quod
459 3489 656 3587 perfectum
669 3505 739 3578 est,
758 3487 987 3560 evacuabitur
1000 3487 1100 3587 quod
1116 3511 1158 3560 ex
1176 3503 1277 3587 parte
1293 3504 1357 3561 est.
1372 3519 1403 3562 a.
1414 3491 1570 3562 Perfecta
1589 3508 1707 3566 autem
1727 3493 1833 3590 glori-

244 3590 361 3684 ficatio
381 3627 586 3684 sanctorum
613 3610 649 3682 in
675 3611 933 3682 resurrectione
957 3623 1009 3680 est
1030 3609 1164 3701 sutura,
1190 3609 1251 3682 ubi
1277 3625 1362 3684 tunc
1387 3613 1532 3709 singulis
1557 3630 1661 3686 erunt
1686 3618 1833 3712 geminae

245 3733 357 3824 stolae,
378 3732 508 3830 quihus
523 3731 598 3827 jam
619 3729 709 3803 datoe
727 3745 810 3803 sunt
832 3730 988 3827 singulae.
1017 3730 1115 3802 Adeo
1141 3746 1260 3802 autem
1282 3748 1429 3830 propter
1451 3733 1694 3806 excellentiam
1721 3763 1834 3809 resur·

246 3855 410 3925 rectionis
427 3852 597 3952 proximae
614 3851 689 3922 dies
709 3848 947 3922 crucifixionis
970 3848 1232 3920 solemnitatem
1250 3851 1472 3944 nonhabet,
1491 3854 1591 3952 quod
1611 3856 1673 3928 ubi
1692 3859 1832 3930 Paschae

244 3973 448 4046 solemnitas
470 3974 649 4063 imminet,
669 3972 789 4045 festiva
803 3970 1024 4068 jocunditate
1044 3970 1166 4041 Crucis
1184 3973 1450 4044 venerationem
1468 3975 1709 4068 celebramus,
1734 3981 1832 4075 quod

246 4109 362 4165 totum
379 4093 426 4164 ad
444 4093 631 4200 dominicae
645 4092 820 4192 passionis
834 4091 1012 4162 honorem
1026 4091 1203 4189 pertinere
1217 4087 1367 4160 dubium
1380 4115 1454 4162 non
1470 4106 1546 4182 est,
1564 4112 1831 4193 propterquam

244 4212 475 4285 solummodo
500 4212 575 4283 haec
602 4225 678 4286 tota
704 4211 899 4284 reverentia
925 4211 1029 4282 Cruci
1055 4209 1252 4282 exhibetur.
1282 4209 1386 4281 Unde
1415 4227 1450 4283 et
1474 4211 1599 4307 hymni
1627 4214 1682 4285 vel
1707 4230 1829 4287 caetera

244 4358 322 4432 quae
338 4331 384 4403 de
402 4333 567 4431 passione
584 4346 686 4423 sunt,
705 4331 839 4404 ibidem
854 4331 1100 4403 decantantur.

295 4453 384 4528 thud
398 4477 542 4551 quoque
565 4478 640 4524 non
656 4453 998 4553 pretermittendum
1012 4455 1164 4543 aestimo,
1186 4453 1358 4550 primitias
1378 4451 1632 4525 dormientium
1651 4455 1829 4529 Christum

245 4576 291 4648 ab
316 4574 485 4675 Apostolo
519 4573 654 4647 dictum
677 4579 793 4666 esse‘,
820 4573 920 4673 quod
942 4576 1079 4673 primus
1106 4576 1141 4646 in
1166 4573 1260 4646 hano
1281 4574 1554 4648 immortalitatis
1576 4577 1725 4675 gloriam
1751 4604 1828 4649 sur-

246 4687 385 4769 rexerit.
412 4701 500 4768 Nam
517 4699 582 4768 etsi
598 4697 719 4796 plures
744 4713 942 4787 antaeum,
968 4696 1024 4769 vel
1047 4696 1207 4794 abipso,
1229 4696 1284 4768 vel
1307 4697 1530 4796 aprophetis
1553 4701 1707 4772 suscitati
1725 4717 1825 4792 sunt,

245 4815 374 4887 iterum
390 4816 522 4888 mortui
534 4839 611 4888 esse
630 4841 706 4887 non
724 4813 943 4887 dubitantur.
963 4815 1017 4887 llli
1029 4839 1192 4912 quoque,
1209 4841 1300 4913 quos
1313 4816 1350 4887 in
1369 4819 1611 4891 testimouium
1625 4843 1696 4890 suae
1712 4845 1829 4891 resur-

282 5107 291 5132 ‘
308 5107 392 5165 Marc..
414 5123 469 5173 cap.
484 5125 509 5172 ι,
529 5123 553 5158 v.
572 5111 609 5158 tt.
622 5135 649 5146 -
660 5106 670 5134 ¹
683 5109 789 5159 Comum.
809 5109 848 5169 ll,
866 5123 921 5174 cap.
939 5123 963 5168 r,
980 5123 1004 5158 r.
1022 5110 1061 5158 td.
1074 5135 1102 5176 .··
1114 5107 1124 5133 ⁸
1137 5107 1246 5160 Corinth.
1264 5109 1290 5166 l,
1310 5124 1364 5174 cap.
1385 5126 1441 5172 xur,
1456 5125 1478 5160 r.
1502 5113 1540 5160 10.
1552 5137 1581 5146 -
1593 5111 1603 5137 ⁴
1615 5111 1688 5175 ibid„
1707 5127 1761 5178 cap.
1781 5130 1827 5173 xv,

247 5211 271 5244 r.
283 5195 323 5242 20.
1538 5195 1543 5203 ⁸
