4510 6108
1053 598 1180 670 PETRI
1207 599 1438 672 temtator

878 1027 935 1115 IN
970 1027 1198 1119 OCTAVA
1230 1030 1605 1121 ASCENSIONIS.

1138 1308 1249 1354 SERMO
1274 1309 1345 1354 xvl.
1374 1313 1389 1338 ⁰

499 1479 527 1544 Α
546 1477 701 1574 minimis
718 1473 894 1553 Dominus
910 1483 1098 1574 inchoans,
1117 1501 1156 1557 ut
1173 1485 1219 1558 ad
1236 1487 1370 1583 majora
1387 1489 1585 1586 perveniat,
1604 1501 1777 1585 tanquam
1794 1513 1815 1558 a
1832 1487 1970 1559 minore
1987 1487 2032 1559 ad

451 1595 564 1689 majus
585 1615 835 1693 argumentum
851 1601 1008 1692 ducens,
1031 1602 1141 1675 fidem
1162 1630 1203 1675 ex
1224 1604 1356 1678 infimis
1377 1608 1503 1678 astruit
1523 1607 1692 1695 summis3
1712 1621 1752 1677 ut
1771 1632 1884 1704 quum
1901 1607 1937 1677 in
1959 1609 2032 1677 istis

451 1737 579 1810 magna
596 1717 802 1808 viderimus,
817 1721 854 1790 in
871 1721 938 1792 illis
955 1722 1039 1794 talia
1055 1725 1176 1795 mirari
1188 1724 1412 1796 desistamus.
1429 1725 1532 1796 Unde
1546 1739 1672 1796 contra
1683 1724 1882 1796 infidelium
1895 1751 2032 1796 errores

449 1833 495 1904 de
510 1833 583 1923 his,
600 1839 731 1932 quaein
748 1839 865 1937 seipso
882 1840 1090 1913 mirabiliter
1106 1843 1228 1938 gessit,
1243 1843 1408 1941 quaedam
1424 1845 1461 1915 in
1478 1845 1649 1916 creaturis
1666 1845 1828 1942 exempla
1842 1845 2028 1942 praemisit,

450 1953 581 2048 quibus
601 1955 767 2052 quaelibet
781 1956 956 2031 haereseos
972 1959 1164 2032 schismata
1187 1962 1304 2033 scindi
1329 1987 1370 2034 ac
1395 1962 1560 2060 dissipari
1583 1965 1734 2062 possint.
1767 1964 1876 2035 Verbi
1901 1964 2028 2058 gratia,

447 2088 591 2169 partum
616 2078 761 2172 virginis
782 2079 873 2149 adeo
895 2080 1060 2150 nonnulli
1088 2080 1354 2153 abhorruerunt
1384 2082 1559 2172 haeretici,
1583 2098 1623 2154 ut
1643 2084 1803 2156 dicerent
1833 2111 1840 2154 :
1866 2086 1902 2155 Si
1931 2084 2031 2180 virgo

447 2197 603 2294 peperit,
620 2197 836 2295 phantasma
851 2198 928 2270 luit.
948 2201 1055 2296 Cujus
1072 2202 1220 2298 quidem
1236 2203 1365 2274 erroris
1381 2203 1521 2274 vulneri
1538 2204 1840 2276 medicamentum
1856 2205 2031 2276 Dominus

447 2340 654 2412 apponens,
673 2340 938 2414 nonnunquam
953 2343 1080 2414 equas,
1099 2334 1139 2391 ut
1153 2319 1280 2392 beatus
1296 2321 1333 2392 in
1353 2323 1499 2392 Ciuitate
1514 2326 1586 2392 Dei
1603 2324 1726 2394 asserit
1745 2323 1992 2418 Augustinus¹,
2010 2348 2030 2395 a

446 2438 573 2534 spiritu
589 2451 782 2526 ventorum
802 2439 991 2536 concipere
1014 2438 1114 2529 facit;
1142 2467 1215 2538 quo
1241 2443 1362 2513 mirari
1385 2441 1614 2532 desistamus,
1641 2444 1672 2515 si
1695 2469 1736 2514 ex
1753 2445 1886 2541 Spiritu
1906 2458 2029 2516 sancto

446 2555 548 2651 virgo
568 2557 786 2653 conceperit.
810 2559 946 2628 Corvos
966 2582 1112 2654 quoque
1132 2559 1170 2629 in
1192 2559 1315 2631 osculo
1337 2561 1527 2659 concipere
1548 2575 1584 2632 et
1606 2585 1793 2658 nunquam
1812 2561 1932 2650 coire,
1958 2561 2030 2660 plu·

446 2675 544 2746 ribus
560 2701 636 2747 non
652 2701 728 2747 esse
744 2676 908 2772 ignotum
924 2679 1102 2750 novimus,
1123 2683 1214 2778 Apes
1230 2705 1376 2778 quoque
1397 2683 1473 2753 sine
1494 2682 1710 2754 detrimento
1730 2707 1802 2752 suae
1822 2683 2029 2777 integritatis

445 2795 563 2868 fructu
572 2822 647 2868 non
657 2798 844 2895 privantur
855 2798 978 2896 prolis.
991 2799 1161 2886 Quotidie
1170 2802 1316 2900 insuper
1327 2828 1370 2873 ex
1378 2802 1643 2874 insensibilibus
1659 2818 1695 2874 et
1710 2803 1887 2874 vilissimis
1903 2803 2025 2892 rebus,

326 2965 333 2981 ·
444 2942 583 2990 vermes
598 2919 824 3008 innumeros,
843 2933 880 2989 et
895 2919 1131 2992 animantium
1148 2920 1287 2993 diversa
1304 2946 1434 3018 genera
1449 2924 1630 3021 procreari
1646 2922 1821 2994 videmus.
1842 2923 1946 2993 Unde
1963 2947 2026 2993 nec

443 3038 557 3107 vermi
566 3038 769 3136 comparari
778 3039 954 3109 Dominus
966 3037 1193 3134 dedignatur,
1209 3041 1267 3111 cui
1277 3040 1442 3112 dicitur¹z
1461 3070 1477 3108 a
1489 3041 1568 3112 Noli
1580 3025 1719 3129 timere,
1735 3042 1867 3112 vermis
1877 3041 2023 3113 Jacob.»

444 3158 514 3245 Qui
530 3157 638 3228 etiam
650 3156 695 3227 de
706 3158 898 3255 semetipso
910 3156 1029 3228 dicere
1042 3183 1116 3228 non
1131 3158 1343 3230 erubescis:
1361 3164 1467 3256 «Ego
1481 3185 1561 3232 sum
1578 3159 1726 3249 vermis,
1738 3175 1774 3231 et
1785 3185 1859 3230 non
1869 3159 1995 3230 homo.
2007 3188 2022 3226 u

442 3278 739 3374 Desperationem
748 3301 893 3374 quoque
902 3279 1172 3350 resurrectionis
1182 3278 1356 3375 pboenicis
1368 3279 1527 3350 defuncti
1539 3281 1665 3377 saepius
1676 3281 1713 3349 in
1727 3293 1825 3351 tanta
1836 3277 2024 3350 vivificatio

442 3397 547 3469 tollit.
580 3397 742 3494 Denique
771 3411 806 3467 et
833 3398 979 3468 Domini
1008 3399 1254 3469 ascensionem
1283 3414 1405 3498 raptus
1430 3399 1513 3470 Eliae
1544 3400 1742 3498 praecessit,
1778 3401 1840 3496 qui
1876 3399 2024 3470 mortale

442 3516 561 3589 adhuc
578 3542 709 3615 corpus
724 3531 760 3588 et
779 3516 1012 3614 corruptibile
1028 3532 1185 3612 gestans,
1209 3542 1316 3590 curru
1332 3521 1438 3614 igneo
1454 3519 1646 3591 translatus
1663 3519 1768 3590 estin
1789 3519 2019 3617 paradisum‘.

441 3640 589 3708 Constat
608 3636 703 3732 ignei
723 3634 890 3707 elementi
911 3650 1078 3707 naturam
1097 3637 1231 3708 caeteris
1247 3637 1353 3734 longe
1369 3637 1592 3709 subtiliorem
1613 3662 1688 3709 esse
1711 3652 1818 3735 atque
1838 3637 2018 3710 leviorem.

441 3761 476 3832 Si
497 3786 583 3858 ergo
603 3759 687 3831 Eliae
702 3783 833 3857 corpus
853 3758 971 3830 adhuc
987 3774 1126 3831 terrena
1144 3761 1314 3857 gravitate
1330 3759 1578 3859 ponderosum
1598 3760 1658 3832 illa
1678 3761 1769 3858 ignis
1787 3760 1911 3832 levitas
1927 3763 2023 3833 susti·

440 3907 543 3972 nere,
571 3907 639 3953 nec
663 3879 875 3953 comburere
899 3881 1034 3978 potuit,
1064 3880 1152 3980 quid
1178 3883 1309 3952 mirum
1334 3882 1364 3952 si
1389 3881 1518 3953 Christi
1541 3881 1597 3951 vel
1622 3895 1745 3952 nostra
1773 3905 1926 3979 corpora
1949 3882 2020 3977 jam

440 4001 655 4074 immortalia
679 4000 788 4088 facta,
817 4023 884 4069 nec
910 4013 984 4070 tam
1010 4000 1177 4071 animalia
1208 4024 1318 4098 quam
1342 3998 1537 4099 spiritualia
1562 3999 1732 4086 dicenda,
1759 3998 1846 4070 illud
1878 4024 2021 4097 quoque

438 4124 584 4218 igneum
608 4135 644 4191 et
669 4142 877 4217 supremum
902 4117 1050 4207 coelum,
1078 4117 1178 4216 quod
1201 4119 1301 4214 agnis
1321 4119 1464 4215 contegi
1489 4133 1647 4208 constat,
1675 4141 1886 4190 conservare
1911 4119 2021 4216 possit

388 4267 389 4270 ’
438 4241 574 4313 illaesa?

486 4363 667 4450 Quoniam
691 4341 812 4433 autem
833 4361 878 4432 ad
904 4361 1121 4432 ascensionis
1148 4361 1337 4433 dominicae
1362 4361 1489 4450 fidem,
1518 4361 1601 4432 Eliae
1627 4361 1897 4433 translationem
1922 4360 2020 4432 indu·

436 4489 568 4578 ximus,
598 4485 700 4582 juvat
731 4481 886 4582 denique
919 4485 1127 4581 mysterium
1160 4481 1266 4580 hujus
1298 4483 1515 4556 ascensionis
1547 4484 1593 4557 ab
1619 4483 1694 4555 Elia
1723 4508 1875 4554 sumere.
1905 4483 2017 4570 Quem

437 4633 522 4704 ergo
546 4607 676 4679 rectius
697 4604 790 4676 Elias
812 4631 853 4676 ex
869 4606 947 4703 ipsa
967 4630 1112 4702 quoque
1134 4606 1291 4677 nominis
1312 4605 1606 4704 interpretatione
1627 4603 1683 4675 vel
1704 4602 1892 4691 affinitate,
1910 4627 2016 4699 quam

436 4707 615 4799 (lhristum
631 4751 757 4798 verum
783 4725 984 4796 animarum
1007 4724 1121 4795 solem
1146 4722 1293 4819 figurat?
1318 4729 1371 4795 De
1387 4749 1483 4821 quo,
1506 4737 1546 4794 ut
1566 4723 1691 4794 beatus
1711 4723 1875 4794 meminit
1890 4726 2016 4818 Grego-

434 4848 533 4935 riusl,
552 4848 589 4918 in
611 4846 752 4918 cantico
773 4844 941 4916 Habacuc
962 4844 1146 4943 prophetae
1159 4845 1170 4880 ⁶
1184 4843 1234 4914 ita
1253 4845 1479 4916 continetur:
1500 4872 1517 4910 n
1530 4842 1694 4915 Elevatus
1710 4858 1763 4914 est
1790 4841 1863 4931 sol,
1883 4856 1918 4913 et
1933 4841 2013 4912 luna

469 5131 475 5160 '
495 5131 548 5184 Lib.
560 5131 626 5192 xm,
638 5147 694 5198 cap.
709 5148 747 5193 u,
764 5133 823 5195 θρρ.
840 5141 857 5181 t.
869 5128 930 5192 llll,
943 5129 991 5182 col.
1005 5124 1104 5180 62l.'-
1116 5127 1126 5154 ⁸
1139 5127 1206 5179 lsaiae
1247 5144 1303 5194 cap.
1316 5145 1347 5190 n,
1357 5145 1380 5178 v.
1397 5133 1434 5180 tt.
1448 5129 1634 5181 -⁸110mu.2·n
1649 5123 1746 5194 Eueno.
1760 5129 1803 5180 lib.
1814 5129 1854 5192 ll,
1869 5144 1925 5196 cap.
1939 5145 2010 5190 xxix,

433 5233 488 5285 rap.
510 5233 564 5276 xm,
588 5233 610 5269 v.
635 5218 672 5267 tl.
684 5243 716 5256 —
729 5216 739 5244 ⁸
753 5215 841 5268 Psalm.
862 5232 919 5278 xxi,
938 5231 960 5268 v.
982 5217 1007 5264 7.
1020 5241 1047 5250 ·-
1060 5213 1071 5241 ⁴
1083 5215 1142 5278 Ray.
1161 5215 1205 5274 tr,
1250 5213 1310 5277 Opp.
1325 5223 1342 5264 t.
1356 5213 1381 5276 l,
1394 5213 1443 5265 ool.
1460 5213 1587 5266 lara—⁸
1599 5213 1703 5276 habac..
1718 5229 1773 5280 cap.
1788 5231 1829 5277 m,
1841 5230 1864 5264 r.
1880 5219 1918 5264 tt.
