4590 6106
476 552 523 624 30
907 553 1038 628 Perat
1066 555 1302 630 ABAEttnnt
1327 556 1383 630 nt
1407 553 1634 637 HELOfSSAE

475 717 597 768 meum
620 693 678 767 die
703 719 746 768 ac
773 709 877 768 nocte
900 697 1091 790 cruciaret,
1113 721 1228 797 quum
1246 713 1320 772 tam
1344 697 1470 770 animae
1491 719 1579 768 mere
1600 719 1708 793 quam
1726 697 1887 794 corporis
1905 699 2061 796 pericula

473 837 681 912 pensarem,
702 815 884 888 nemiuem
898 815 974 912 jam
995 815 1105 890 latere
1128 815 1293 890 arbitror.
1316 820 1461 890 Certum
1483 815 1617 914 quippe
1634 811 1811 888 lrabebam
1828 815 1930 914 quod
1949 817 1979 890 si
1996 841 2058 892 eos

474 933 521 1007 ad
547 935 744 1030 regularem
767 935 878 1008 vitam
906 959 1016 1034 quam
1040 937 1192 1036 professi
1210 937 1350 1010 fueraut
1370 934 1585 1034 compellere
1609 939 1825 1026 tentarem¹,
1856 959 1915 1008 me
1938 937 2057 1010 vivere

473 1076 549 1124 non
567 1077 692 1150 posse,
713 1056 766 1126 et'
782 1055 813 1126 si
829 1055 901 1130 boo
916 1056 953 1128 in
974 1072 1150 1156 quantum
1172 1081 1316 1156 possem
1333 1081 1409 1129 non
1426 1079 1587 1154 agerem,
1608 1079 1667 1127 me
1683 1053 1946 1129 damnandum·
1966 1079 2054 1130 esse.

474 1175 591 1270 Ipsam
605 1174 711 1246 etiam
724 1173 905 1248 abbatiam
917 1191 1089 1273 tyrannus
1099 1177 1248 1276 quidam
1261 1179 1297 1250 in
1312 1192 1405 1250 terra
1418 1175 1478 1249 illa
1489 1175 1754 1276 potentissimus
1764 1176 1813 1248 ita
1826 1176 1902 1272 jam
1914 1175 1977 1249 diu
1992 1177 2060 1250 sibi

474 1289 739 1388 subjugaverat,
760 1317 804 1366 ex
822 1294 1087 1370 inordinatione
1104 1297 1237 1370 scilicet
1255 1297 1365 1396 ipsius
1387 1295 1593 1368 monasterii
1610 1309 1735 1367 nactus
1754 1296 1999 1387 occasionn,
2020 1312 2060 1368 ut

474 1414 597 1484 omnia
618 1412 697 1485 loca
723 1415 940 1488 monasterio
962 1416 1161 1513 adjacentia
1183 1419 1221 1488 in
1244 1441 1328 1489 usus
1351 1417 1518 1516 proprios
1540 1413 1746 1512 redegisset,
1772 1439 1815 1488 ac
1838 1415 2057 1511 gravioribus

472 1531 718 1604 exactionibus
737 1533 935 1606 monachos
959 1535 1057 1635 ipsos
1077 1560 1185 1635 quam
1204 1535 1409 1608 tributarios
1422 1535 1560 1632 judaeos
1578 1534 1780 1630 exagitaret.
1805 1532 1983 1630 Urgebant
1999 1559 2057 1608 me

471 1649 641 1722 monaehi
666 1675 735 1749 pro
761 1652 1080 1728 necessitudinibus
1105 1653 1339 1754 quotidianis,
1361 1679 1472 1752 quum
1502 1653 1591 1726 nihil
1613 1654 1650 1724 in
1672 1677 1865 1724 coronatae
1886 1651 2060 1726 traherent

472 1769 572 1866 quod
588 1770 638 1842 eis
652 1771 907 1863 ministrarem,
923 1772 987 1846 sed
1001 1774 1245 1874 unusquisque
1258 1774 1305 1848 de
1315 1775 1470 1874 propriis
1483 1773 1569 1846 olim
1581 1773 1769 1870 marsupiis
1786 1795 1824 1844 se
1841 1785 1879 1844 et
1890 1771 2057 1846 concubi·

472 1911 537 1960 nas
555 1913 635 1962 suas
650 1913 734 1962 curn
752 1890 832 1963 filiis
849 1895 905 1966 et*
917 1892 1058 1966 filiabus
1075 1909 1299 1968 sustentaret.
1328 1891 1541 1966 Gaudebant
1560 1917 1620 1966 me
1635 1915 1743 1990 super
1763 1891 1834 1966 boo
1851 1892 2001 1984 anxbri,
2020 1909 2057 1966 et

472 2008 539 2105 ipsi
553 2032 698 2106 quoque
711 2009 922 2082 furabantur
933 2026 969 2084 et
979 2012 1211 2112 asportabant
1222 2037 1302 2111 quae
1314 2025 1499 2111 poterant,
1514 2026 1555 2082 ut
1566 2034 1679 2108 quum
1697 2010 1734 2080 iu
1752 2008 2056 2084 administratione

473 2130 550 2225 ipsa
575 2128 785 2220 deficerem,
815 2130 1066 2230 compellerer'
1085 2146 1148 2203 aut
1168 2157 1191 2203 a
1217 2130 1402 2231 disciplina
1429 2153 1583 2219 cessare,
1612 2144 1675 2201 aut
1698 2130 1847 2202 omnino
1876 2130 2053 2204 recedere.

473 2251 595 2334 Quum
620 2263 741 2320 autem
761 2263 837 2321 tota
859 2265 960 2322 terrae
986 2250 1081 2322 illius
1100 2249 1282 2325 barbaries
1303 2251 1436 2350 pariter
1461 2249 1562 2322 exlex
1587 2263 1622 2320 et
1651 2247 1928 2347 indisciplinata⁸
1948 2266 2056 2342 esset,

473 2365 562 2438 nulli
573 2380 676 2439 eraut
687 2367 880 2439 hominum
897 2366 1114 2466 adquorum
1124 2368 1317 2465 confugere
1327 2391 1471 2467 possem
1482 2367 1718 2463 adjutorium,
1735 2391 1848 2464 quum
1865 2367 2059 2442 amoribus

473 2483 637 2556 omnium
654 2486 787 2582 pariter
799 2484 1020 2558 dissiderem.
1038 2485 1138 2558 Foris
1149 2511 1210 2558 me
1226 2501 1399 2584 tyrannus
1411 2487 1471 2560 ille
1484 2501 1519 2560 et
1536 2485 1701 2559 satellitm
1715 2485 1770 2558 sui
1784 2485 1926 2559 assidue
1937 2488 2058 2585 oppri-

471 2603 636 2696 mebant,
657 2605 753 2678 intus
764 2605 853 2678 mibi
866 2606 989 2678 fratres
1002 2606 1219 2679 incessanter
1230 2604 1524 2680 insidiabantur':
1543 2621 1582 2678 ut
1594 2605 1682 2678 illud
1694 2605 1847 2704 apostoli
1860 2607 1896 2678 in
1910 2631 1968 2678 me
1979 2631 2057 2705 spe-

472 2722 607 2795 cialiter
620 2724 756 2796 dictum
767 2749 823 2798 res
837 2725 914 2824 ipsa
925 2723 1098 2796 indicaret
1113 2753 1121 2795 :
1137 2753 1156 2794 u
1166 2726 1265 2797 Foris
1281 2750 1422 2825 pugnae,
1437 2726 1531 2798 intus
1542 2725 1712 2798 timorest
1724 2752 1743 2792 u
1758 2723 2054 2816 Considerabam,

473 2842 733 2942 etphngebam
745 2868 855 2941 quarn
868 2844 1258 2918 inutilemetm'ueraan
1275 2847 1384 2918 vitam
1399 2845 1631 2937 ducerem,et
1643 2869 1751 2943 quam
1760 2844 2057 2918 infructuosetam

473 2959 563 3032 mihi
580 2985 690 3060 quarn
703 2961 779 3034 aliis
791 2962 968 3054 viverem,
984 2977 1020 3036 et
1037 2977 1214 3062 quantum
1230 2979 1334 3041 antea
1351 2964 1487 3038 clericis
1505 2963 1750 3063 profecissem,
1771 2978 1807 3037 et
1823 2963 1923 3060 quod
1939 2987 2054 3054 nunc,

472 3083 522 3154 eis
542 3097 691 3180 propter
712 3082 910 3155 monachos
927 3082 1099 3175 dimissis,
1116 3109 1184 3156 nec
1196 3085 1234 3154 in
1251 3085 1353 3182 ipsis,
1374 3108 1442 3156 nec
1462 3085 1500 3155 in
1522 3084 1708 3156 monachis
1729 3083 1883 3182 aliquem
1904 3083 2057 3156 fructum

473 3200 660 3291 haberem,
680 3215 715 3272 et
726 3225 836 3298 quam
851 3199 1014 3274 inefficax
1033 3201 1071 3274 in
1085 3202 1255 3276 omnibus
1271 3205 1435 3302 incoeptis
1451 3217 1559 3300 atque
1571 3203 1759 3279 conatibus
1771 3204 1861 3276 meis
1874 3203 2055 3294 redderer,

473 3333 513 3389 ut
534 3319 610 3415 jam
638 3317 727 3390 mibi
747 3319 793 3391 de
812 3319 982 3392 omnibus
1012 3320 1101 3392 illud
1129 3322 1364 3421 improperari
1392 3325 1588 3395 rectissime
1607 3323 1754 3396 deberet
1779 3350 1787 3392 ι
1815 3351 1834 3392 rr
1858 3321 1923 3393 Hic
1947 3321 2058 3394 bomo

473 3439 582 3536 coepit
606 3438 799 3529 aedificare,
825 3453 863 3512 et
890 3463 966 3512 non
990 3441 1109 3540 potuit
1137 3445 1414 3516 consummaret
1441 3471 1459 3510 rr
1487 3443 1731 3542 Desperabam
1757 3442 1918 3542 penitus,
1945 3465 2058 3539 qaum

474 3557 684 3630 recordarer
696 3582 775 3655 quae
788 3558 964 3656 fugeram,
979 3574 1016 3632 et
1033 3560 1299 3634 considerarem
1309 3587 1389 3660 quse
1401 3562 1656 3654 incurrerem¹⁰;
1677 3577 1713 3634 et
1731 3562 1868 3661 priores
1879 3561 2058 3634 molestias

474 3676 576 3771 quasi
588 3676 663 3770 jam
685 3675 802 3748 nullas
822 3691 1009 3776 reputans,
1035 3677 1161 3752 crebro
1178 3679 1276 3780 epod
1299 3705 1357 3754 me
1380 3682 1615 3780 ingemiscens
1638 3679 1822 3752 dicebam:
1839 3681 1966 3752 Merito
1983 3679 2058 3750 baec

475 3796 605 3893 patior,
620 3796 719 3892 quifl,
737 3797 975 3888 Paracletum,
991 3798 1029 3871 id
1041 3814 1095 3872 est
1105 3801 1387 3893 consolatorem,
1409 3802 1590 3891 deserens,
1607 3801 1645 3873 in
1657 3800 1916 3874 desolationem
1926 3813 2059 3872 certam

475 3939 536 3986 me
547 3915 692 4007 intrusi,
707 3930 744 3987 et
756 3918 871 3988 minas
882 3917 1013 3991 evitare
1026 3921 1186 4020 cupiens,
1201 3923 1248 3994 ad
1261 3937 1357 3996 certa
1372 3922 1517 4019 confugi
1533 3920 1702 4020 pericula.
1718 3918 1939 3992 llludautem
1951 3919 2061 4018 pluri·

478 4057 579 4106 nrum
596 4059 656 4108 me
670 4034 867 4128 cruciabat,
882 4037 981 4134 quod
999 4040 1158 4112 oratorio
1179 4056 1303 4113 nostro
1321 4041 1487 4132 dimisso,
1504 4041 1550 4112 de
1570 4039 1682 4112 divini
1699 4037 1936 4112 celebratione
1952 4035 2060 4108 officii

477 4157 526 4226 ita
538 4168 577 4225 ut
590 4168 772 4252 oporteret
785 4155 973 4253 providere
988 4182 1064 4230 non
1082 4173 1262 4256 poteram,
1278 4162 1449 4258 quoniam
1466 4159 1537 4233 loci
1553 4160 1662 4232 nimia
1677 4171 1865 4258 paupertas
1879 4155 1935 4226 vix
1952 4155 2059 4229 unius

477 4273 634 4345 hominis
650 4273 903 4346 necessitudini
918 4277 1105 4350 sufficeret.
1123 4277 1193 4350 Sed
1211 4280 1286 4376 ipse
1303 4304 1449 4378 quoque
1466 4305 1570 4352 verus
1585 4265 1784 4352 Paracletus
1802 4275 1891 4350 mihi
1906 4276 2059 4348 maxime

476 4417 583 4492 super
600 4393 671 4465 hoc
689 4394 850 4466 desolato
867 4421 989 4468 veram
1014 4397 1131 4470 attulit
1147 4400 1446 4493 consolationem,
1464 4415 1500 4472 et
1515 4401 1663 4500 proprio
1680 4413 1790 4499 prout
1805 4397 1959 4472 debebat
1977 4419 2059 4495 pro-

477 4513 566 4585 vidit
586 4515 756 4587 oratorio.
779 4515 915 4589 Accidit
932 4541 1088 4614 namque
1105 4534 1146 4590 ut
1162 4519 1272 4592 abbas
1291 4536 1413 4595 noster
1430 4523 1549 4594 Sancti
1566 4521 1727 4617 Dyonisii
1744 4518 1949 4619 pradictum
1963 4515 2059 4588 illam

478 4634 706 4729 argenteoli¹¹
717 4634 915 4727 abbatiam,
931 4637 966 4707 in
985 4661 1057 4734 qua
1074 4638 1255 4736 religionis
1271 4637 1434 4714 habitum
1447 4657 1570 4714 nostra
1586 4640 1645 4712 illa
1659 4641 1734 4737 jam
1748 4641 1785 4710 in
1799 4637 1939 4713 Christo
1957 4659 2060 4708 soror·

478 4752 719 4848 potiusquam
735 4779 825 4825 uxor
843 4755 1000 4826 Heloissa
1019 4772 1239 4856 susceperat,
1255 4774 1425 4857 tanquam
1438 4760 1484 4831 ad
1500 4761 1558 4856 jus
1577 4759 1780 4831 monasterii
1794 4759 1849 4830 sui
1866 4756 2060 4854 antiquitus

512 4981 519 5006 ¹
537 4981 642 5032 Gonnrer·
660 4983 731 5034 ltttS.
748 5009 775 5019 -
788 4983 798 5011 ⁸
811 4985 851 5036 Sic
865 4987 957 5038 attn.-
969 4991 1039 5049 Quod
1050 4993 1071 5040 ef
1084 4989 1130 5040 ltoc
1144 4989 1208 5041 Edit.
1220 5017 1251 5027 -
1283 4991 1353 5042 aas.
1368 5017 1392 5028 -·
1406 4993 1416 5020 ⁸
1429 4991 1537 5044 Corinth.
1550 4994 1588 5051 ll,
1600 5007 1752 5057 cap.rrr‚v.
1766 4992 1829 5038 5.·-
1841 4991 1919 5040 ”Luc
1937 5003 1995 5054 cap.
2010 5001 2058 5048 rat,

478 5065 702 5128 'beneficentiam
708 5067 883 5120 ussurus*
893 5073 1250 5137 vnn-'competerentta
1284 5091 1308 5126 r.
1323 5075 1365 5125 80.
1420 5075 1442 5104 ¹⁰
1461 5077 1488 5125 frr
1503 5087 1594 5138 morra
1613 5079 1670 5127 odr'n
1690 5080 1817 5127 inctdmrrr
1831 5074 1902 5126 asts,
1912 5099 1944 5114 --
1959 5073 1979 5102 ⁴¹
1997 5075 2057 5133 (luia

478 5148 582 5200 tmu-
593 5149 689 5202 ‘Rudis
700 5151 821 5204 altu-¹
835 5156 994 5215 Orrotidr'error
1003 5169 1142 5210 rrrownrrt
1153 5163 1254 5210 medina
1285 5160 1313 5212 G.
1328 5187 1353 5198 ·
1368 5159 1388 5188 '²
1401 5163 1533 5224 Aroenrettt
1542 5161 1592 5212 llS.
1605 5159 1677 5212 lturb.
1688 5159 1778 5210 -Vide
1791 5169 1841 5210 not.
1855 5171 1920 5208 aux.
