4486 6100
476 603 549 676 ‘282
994 602 1219 676 HELOlSSAE
1243 606 1535 679 Pronuntiari

479 743 598 840 potius
618 764 725 836 quam
743 739 909 812 sacerdos
934 742 1102 833 extiterit,
1122 747 1323 816 communis
1337 747 1460 843 opinio
1474 760 1538 835 est,
1560 769 1626 818 nee
1645 745 1796 818 domum
1817 747 1893 841 ejus
1911 747 2045 820 fidelem

480 861 653 950 extitisse,
675 859 774 955 cujus
800 857 861 930 filii
884 859 1063 959 reprobati
1085 878 1178 935 sunt.
1205 865 1313 950 Quod
1342 866 1450 966 ¹etiarn
1473 865 1604 938 dicitur
1627 894 1633 935 :
1659 895 1678 934 <c
1709 865 1911 939 ambulabit
1934 891 2047 940 coram

479 980 619 1052 Christo
638 1005 737 1069 meo,
757 1007 775 1046 u
793 994 914 1052 utrum
931 981 977 1072 de
993 983 1071 1080 ipso
1086 984 1287 1075 sacerdote,
1313 1009 1358 1056 an
1376 985 1423 1057 de
1446 985 1557 1058 domo
1579 987 1655 1082 ejus
1670 986 1918 1085 accipiendum
1940 989 2003 1075 sit,
2020 1005 2048 1060 et

479 1100 558 1194 quis
578 1098 636 1172 ille
656 1099 814 1172 Christus
832 1101 888 1189 sit,
902 1101 1103 1196 quaerimus.
1124 1105 1286 1200 Denique
1303 1103 1403 1200 quod
1421 1106 1633 1203 supponitur
1645 1106 1696 1197 ‚de
1716 1105 1896 1178 oblatione
1919 1109 2049 1178 nummi

378 1207 402 1330 ’θ
478 1221 653 1316 argentei,
673 1236 708 1292 ct
722 1235 822 1292 tortae
833 1221 954 1318 panis,
970 1235 1141 1319 tanquam
1157 1221 1337 1295 oblatione
1353 1249 1465 1314 nova,
1486 1249 1595 1322 quam
1613 1226 1668 1298 lex
1687 1251 1759 1298 non
1779 1225 1923 1314 habuit,
1945 1241 1981 1298 et
1995 1251 2051 1298 ce·

479 1343 573 1431 teris,
589 1365 668 1439 quae
681 1340 875 1431 adduntur,
891 1344 1022 1438 exponi
1035 1343 1267 1440 postulamus.

1089 1531 1223 1602 Solutr'o
1247 1529 1441 1618 Abaelurdi.

525 1694 587 1762 Vir
605 1692 663 1764 ille
677 1693 744 1762 Dei
765 1690 920 1762 creditur
936 1691 1082 1788 angelus
1101 1691 1205 1762 fuisse
1222 1715 1398 1789 apparens
1415 1691 1451 1762 in
1469 1692 1626 1762 hnmana
1645 1693 1774 1790 specie.
1795 1691 1969 1762 Sacerdos
1985 1718 2053 1762 suc·

479 1839 641 1886 cessurus
667 1813 741 1904 Eli,
768 1838 840 1884 non
864 1827 937 1884 tam
965 1811 1119 1888 Samuel.
1131 1813 1194 1911 qui
1216 1813 1322 1886 levita
1344 1814 1469 1902 fuerit,
1496 1838 1563 1884 nec
1590 1812 1753 1904 fidelem,
1778 1815 1841 1885 sed
1867 1815 2051 1912 reprobam

480 1935 631 2006 domum
648 1932 789 2019 habuit,
804 1957 913 2030 quam
931 1934 1135 2030 quicunque
1155 1932 1244 2004 alius
1260 1933 1315 2004 vir
1328 1939 1489 2024 sanctus,
1511 1934 1573 2030 qni
1595 1934 1631 2004 in
1646 1933 1772 2004 ordine
1795 1933 1987 2004 sacerdotii
2007 1933 2054 2003 Eli

480 2054 704 2142 successerit,
724 2051 971 2148 intelligendus
989 2077 1065 2124 esse
1086 2051 1239 2141 videtur,
1263 2052 1376 2148 qualis
1397 2053 1552 2124 fortassis
1572 2031 1773 2124 ltbinadab¹
1794 2051 1877 2142 suit,
1898 2054 1935 2124 in
1962 2053 2056 2148 cujus
2176 2065 2178 2070 ’

480 2172 630 2244 domum
648 2197 728 2244 arca
746 2173 892 2243 Domini
909 2171 1153 2244 Cariathiarim
1172 2171 1317 2244 reducta
1336 2187 1388 2244 est
1409 2197 1430 2243 a
1450 2172 1646 2263 Philistaeis,
1667 2171 1724 2243 vel
1743 2172 1953 2244 Eleazarus¹
1970 2172 2056 2244 filius

480 2293 555 2388 ejus
568 2291 805 2366 sanctificatus
823 2292 872 2364 ibi
889 2292 935 2364 ad
948 2291 1221 2368 custodiendam
1238 2317 1370 2383 arcam,
1390 2293 1447 2364 vel
1460 2293 1613 2390 denique
1626 2295 1701 2391 ipse
1719 2292 1933 2382 Achimelec,
1954 2317 2056 2390 quern

480 2437 561 2483 cum
577 2412 652 2484 aliis
672 2411 914 2484 sacerdotibus
932 2411 1015 2482 Saul
1035 2411 1208 2482 interfecit
1225 2413 1260 2481 in
1285 2410 1404 2482 Nobe³
1420 2393 1559 2485 civitate
1581 2413 1819 2484 sacerdotum.
1846 2411 1955 2499 Quod
1977 2437 2058 2482 vero

482 2532 686 2604 dictumest
704 2560 712 2601 ε
731 2562 748 2600 a
766 2531 969 2604 Ambulabit
986 2555 1108 2602 coram
1125 2531 1265 2604 Christo
1283 2555 1384 2621 meo,
1405 2559 1423 2598 u
1440 2557 1514 2603 non
1531 2533 1577 2604 de
1589 2533 1792 2624 sacerdote,
1806 2531 1870 2603 sed
1888 2530 1934 2602 de
1951 2524 2063 2603 domo'
2083 2544 2090 2558 “

481 2655 557 2749 ejus
586 2655 706 2753 accipe
736 2653 803 2726 sub
829 2655 906 2750 ipso
936 2652 1167 2724 ministrante.
1206 2654 1368 2751 Denique
1399 2652 1500 2751 quod
1517 2653 1676 2728 'additur
1707 2681 1715 2723 ε
1753 2682 1770 2720 a
1806 2657 1981 2724 Futurum
2013 2666 2060 2722 est
2164 2704 2168 2714 .

374 2783 416 2806 ·‘
483 2774 591 2862 enim,
607 2787 691 2863 etc.,
717 2803 735 2841 r
749 2775 797 2844 ita
815 2772 1003 2845 Hebraeum
1016 2771 1209 2869 quemdam
1229 2772 1351 2844 audivi
1373 2789 1625 2872 exponentem.
1653 2778 1827 2845 Nummus
1850 2787 2060 2869 argenteus,
2173 2793 2179 2804 ·

481 2892 584 2965 siclus
601 2909 788 2990 argenteus
806 2907 875 2981 est,
897 2918 969 2989 quc
994 2893 1236 2990 unusquisque
1255 2891 1454 2964 redimebat
1477 2918 1515 2965 se
1533 2918 1554 2963 a
1576 2892 1773 2965 sacerdote.
1802 2897 1909 2963 Torta
1936 2892 2062 2990 panis,

481 3015 615 3109 quicar,
629 3015 666 3085 id
677 3029 863 3112 estquarta
872 3014 973 3110 panis
985 3037 1080 3110 pars,
1090 3037 1169 3109 quae
1183 3037 1381 3111 pauperum
1395 3013 1528 3085 oblatio
1542 3030 1629 3084 erat.
1647 3018 1731 3086 Pars
1743 3013 1930 3085 sacerdotii
1943 3035 2065 3082 armus

481 3132 616 3226 dexter,
637 3150 673 3206 et
688 3113 955 3233 pectusculum,
978 3134 1014 3205 id
1032 3150 1084 3205 est
1103 3131 1264 3231 sliperior
1282 3135 1437 3232 pectoris
1461 3159 1560 3235 pars,
1584 3134 1751 3223 maxillae,
1777 3133 2017 3220 ventriculus,
2034 3147 2067 3202 ct

482 3255 608 3346 cauda,
625 3279 703 3352 quae
721 3270 838 3328 tamen
858 3277 932 3324 non
946 3278 1087 3351 semper
1105 3253 1231 3326 eadem
1243 3269 1317 3326 erat
1328 3256 1412 3352 quia
1424 3255 1623 3326 secundum
1637 3254 1796 3327 diversos
1807 3253 2066 3326 sacrificiorum

484 3375 590 3464 ritus,
609 3375 702 3445 utin
723 3376 868 3446 levitico
880 3372 1007 3468 legitur
1021 3374 1043 3462 ⁸,
1065 3397 1146 3471 pars
1163 3373 1338 3444 sacerdoti
1355 3373 1515 3477 dabatur.
1543 3377 1730 3446 Nuntiatur
1746 3375 1867 3470 itaque
1879 3372 1947 3463 Eli,
1965 3372 2066 3470 quod

483 3493 613 3566 domus
632 3493 708 3588 ejus
731 3491 778 3565 ad
800 3507 933 3564 tantam
955 3507 1104 3564 ventura
1125 3493 1186 3564 sit⁵
1205 3508 1467 3591 paupertatem,
1498 3497 1616 3592 utqui
1635 3495 1745 3566 modo
1769 3493 2066 3592 redemptionum

482 3627 516 3681 et
535 3611 756 3682 oblationum
775 3626 996 3710 susceptores
1008 3627 1125 3701 erant,
1141 3612 1271 3709 quibus
1290 3615 1396 3685 etiarn
1413 3627 1561 3711 propter
1573 3616 1693 3711 ipsum
1719 3614 1772 3683 Eli
1785 3638 1870 3712 pars
1882 3614 2061 3686 sacerdo-

485 3730 564 3801 talis
587 3729 748 3820 dabatur,
771 3729 817 3801 ab
834 3730 910 3801 aliis
930 3756 967 3802 se
985 3730 1213 3803 redimendos
1233 3732 1491 3824 sacerdotibus,
1513 3733 1719 3805 alimoniam
1739 3747 1878 3831 petant,
1901 3749 2071 3820 orantes,

492 3867 531 3921 ut
548 3854 597 3921 eis
613 3849 926 3948 quantulacunque
945 3852 1131 3923 sacerdotii
1147 3852 1331 3950 particula,
1352 3869 1386 3924 et
1400 3853 1560 3925 buccella
1573 3856 1687 3951 panis,
1704 3879 1782 3950 quae
1798 3868 1891 3925 torta
1905 3855 2077 3952 superius

488 3969 662 4067 appellata
680 3985 750 4059 est,
771 3968 979 4042 dimittatur.

964 4137 965 4142 ¹
1007 4170 1187 4218 raonnnut
1212 4171 1377 4218 mmrssrn
1403 4172 1537 4217 xxxvrr.

536 4308 631 4394 Quid
644 4323 696 4379 est
713 4307 800 4378 illud
817 4310 852 4379 in
868 4309 1015 4380 exordio
1033 4310 1139 4380 Marci
1162 4309 1409 4406 Evangelistae,
1431 4309 1530 4408 quod
1548 4311 1616 4381 ait⁸
1637 4337 1644 4378 :
1669 4339 1687 4377 u
1698 4310 1805 4406 *Sicut
1823 4309 2006 4405 scriptum
2026 4323 2082 4379 est

491 4430 525 4499 in
546 4429 633 4500 lsaia
657 4456 664 4498 ε
688 4459 704 4496 a
721 4433 811 4499 Ecce
829 4431 930 4500 mitto
949 4429 1113 4525 angelum
1128 4455 1249 4501 meum
1269 4445 1350 4501 ante
1371 4430 1496 4501 faciem
1521 4445 1638 4520 tuam,
1665 4429 1725 4526 qui
1743 4425 1959 4527 praeparabit
1982 4429 2087 4499 viam

491 4564 588 4620 tuam
603 4564 685 4628 ante
699 4563 745 4619 te.
766 4553 842 4620 Vox
859 4548 1041 4620 clamantis
1057 4549 1094 4619 in
1108 4547 1267 4639 deserte,
1285 4565 1350 4620 etc.
1375 4578 1392 4616 u
1413 4555 1484 4620 Cur
1497 4551 1593 4621 enirn
1609 4549 1724 4620 dicit«
1742 4549 1779 4618 in
1792 4546 1893 4636 lsaia,
1916 4575 1934 4612 n
1961 4571 2089 4644 quum

491 4671 646 4767 primurn
668 4667 938 4764 testimonium,
963 4668 1060 4766 quod
1080 4671 1196 4740 statim
1216 4668 1333 4758 addit,
1361 4670 1405 4740 sit
1425 4668 1620 4760 Malachiae,
1640 4668 1837 4740 secundum
1865 4667 1998 4738 tsaiae?
2025 4671 2091 4738 Sin

491 4803 607 4859 autem
623 4813 827 4860 econverso
842 4789 990 4877 lecisset,
1007 4803 1097 4859 stare
1109 4789 1235 4860 veritas
1252 4804 1389 4886 posset3
1408 4787 1613 4879 itascilicet,
1635 4803 1674 4859 ut
1693 4787 1793 4875 illud,
1812 4783 1912 4883 quod
1930 4788 2095 4882 praemi·

492 4921 583 4977 serat
601 4935 608 4975 :
627 4936 645 4974 <‹
666 4909 763 4979 Sicut
776 4909 946 5006 scriptum
958 4923 1010 4981 est
1022 4909 1057 4980 in
1071 4910 1170 5000 lsaia,
1192 4937 1208 4975 >r
1223 4907 1268 4979 ad
1282 4909 1438 5007 primum
1452 4923 1589 4980 tantum
1606 4908 1799 5007 pertineret
1810 4907 2091 4979 testimonium.

525 5128 532 5153 ¹
549 5129 609 5192 Περ.
626 5129 652 5186 l,
669 5143 723 5194 cap.
736 5145 789 5192 tn,
804 5145 829 5179 r.
847 5135 869 5180 l.
880 5127 929 5168 -'
942 5129 1004 5181 lbid.
1018 5159 1047 5168 -
1059 5130 1070 5158 ⁸
1082 5129 1156 5192 lbid.,
1169 5145 1227 5205 pap.
1241 5145 1306 5193 xxu,
1319 5145 1342 5180 r.
1358 5129 1408 5181 9et
1419 5129 1614 5196 sq.-‘Levit.,
1638 5145 1693 5197 cap.
1710 5148 1743 5190 x,
1759 5146 1782 5182 v.
1805 5132 1845 5180 tt.
1860 5156 1887 5168 ·-
1903 5128 2006 5180 'Erat
2027 5131 2097 5182 Cod.

492 5216 555 5268 Vict.
564 5243 595 5253 -
604 5215 615 5245 ⁰
624 5215 711 5278 liare„
721 5232 776 5282 cap.
788 5235 811 5281 r,
821 5235 845 5268 r.
857 5219 881 5267 2.
