4522 6104
944 1193 1190 1308 INDEX

496 1473 635 1545 EORUM
659 1475 752 1556 QUAE
775 1477 818 1546 IN
841 1477 922 1545 HOC
945 1479 1085 1548 PRIORI
1108 1479 1316 1550 VOLUMINE
1339 1480 1634 1550 CONTINENTUR.

279 2217 390 2270 Lucrum
409 2214 511 2274 Vrcroa
530 2215 626 2270 Guusm
635 2253 843 2268 ............
868 2215 971 2286 Pagina
1034 2232 1041 2268 r

274 2303 970 2361 444444444144440444Η44044440044404034444044.
1026 2307 1037 2358 4

309 2393 432 2465 Epistola
443 2394 472 2462 Ι,
485 2411 546 2467 quae
557 2404 599 2450 est
609 2393 727 2448 historia
738 2392 925 2448 calamitatum
937 2393 973 2448 ad

343 2484 465 2538 amicum
482 2484 583 2557 scripta
588 2521 969 2541 ......................
1028 2487 1043 2537 3

276 2571 439 2628 -Andreae
460 2573 629 2643 Quercctani
653 2573 825 2627 Turonensis
847 2582 917 2626 notae
939 2572 974 2626 ad

1118 2215 1243 2287 Magistri
1262 2215 1295 2270 P.
1308 2214 1445 2271 Abaelardi
1463 2215 1590 2288 planctus
1610 2217 1682 2290 varii
1684 2255 1779 2269 ......
1804 2221 1854 2272 333

1118 2303 1223 2360 Versus
1245 2302 1279 2360 P.
1305 2303 1443 2359 Abaelardi
1469 2303 1504 2359 ad
1532 2303 1719 2360 Astralabium
1752 2303 1783 2357 44-

1149 2393 1219 2448 lium
1226 2433 1778 2451 ...............................
1805 2397 1856 2450 340

1117 2483 1214 2540 Altera
1225 2482 1350 2556 ejusdcm
1368 2484 1499 2539 carminis
1517 2486 1642 2540 recensio
1649 2524 1780 2540 ........
1805 2486 1855 2538 344

345 2661 491 2717 historiam
511 2662 712 2717 calamitatum.
730 2698 969 2716 ..............
1011 2663 1044 2715 38
1084 2663 1216 2716 Manrsrnr
1228 2663 1309 2718 Parui
1327 2665 1466 2718 Aanaaanr
1486 2679 1614 2715 suasorias
1635 2679 1679 2714 rss
1698 2679 1784 2714 aruum

311 2751 433 2823 Epistola
444 2752 490 2819 Π,
504 2769 564 2826 que
576 2761 617 2806 est
629 2750 760 2806 Heloissae
771 2747 807 2804 ad
822 2749 968 2804 Petrum..
1009 2751 1044 2806 72

312 2840 501 2912 Epistulam,
522 2858 583 2916 qua
601 2829 650 2896 est¹
661 2839 827 2912 rescriptum
847 2837 924 2896 Petri
941 2837 976 2893 ad

347 2929 501 2986 Heloissam
507 2966 969 2987 ..........................
1009 2929 1045 2987 79

311 3017 434 3091 Epistola
445 3019 500 3089 IV,
521 3037 581 3094 quae
599 3029 641 3074 est
659 3017 827 3092 rescriptum
846 3015 976 3074 Heloiasae

345 3107 381 3163 ad
391 3109 507 3165 Petrum
513 3145 969 3163 ..........................
1010 3111 1045 3164 85

311 3197 433 3268 Epistola
445 3198 482 3267 V,
493 3215 554 3271 quae
561 3207 604 3252 est
613 3197 780 3269 rescriptum
791 3196 867 3251 Petri
880 3213 977 3250 rursus

346 3285 381 3339 ad
396 3285 549 3342 Heloissam
554 3321 972 3341 ........................
1013 3287 1046 3343 94

313 3374 436 3446 Epistola
450 3376 494 3433 VI
502 3417 509 3442 ,
523 3393 584 3449 qua
595 3385 636 3431 est
648 3374 773 3448 ejusdem
792 3373 922 3430 Heloissae
941 3374 976 3429 ad

345 3463 476 3519 eumdem
488 3465 603 3520 Petrum
608 3502 971 3520 .....................
994 3467 1046 3523 406

310 3552 435 3625 Epistola
447 3553 523 3621 vn,
536 3570 597 3626 quae
608 3563 650 3608 est
661 3570 773 3607 rursum
786 3552 863 3606 Petri
875 3551 909 3606 ud
922 3553 977 3607 lle-

345 3643 471 3710 loissam,
485 3642 520 3698 de
532 3642 641 3715 origine
653 3641 953 3697 sanctimonialium...
964 3682 971 3695 .
995 3645 1043 3702 444

312 3731 435 3802 Epistola
453 3731 548 3801 Vlll,
566 3741 686 3803 quaeest
704 3729 828 3800 ejusdem
846 3731 922 3784 Petri
942 3729 977 3783 acl

348 3822 521 3891 Heloissam,
536 3823 677 3878 institutio
696 3840 743 3877 scu
763 3822 859 3892 regula
877 3821 977 3875 sancti·

348 3910 510 3965 monialium
517 3946 971 3966 ..........................
995 3911 1047 3964 tos

317 4001 441 4076 Magistri
452 4000 528 4056 Petri
541 3998 657 4072 epistola
669 3998 703 4053 ad
721 3999 843 4071 virgines
853 3997 976 4054 Paracli·

348 4101 438 4144 tenses
450 4088 485 4143 de
501 4087 594 4144 studio
605 4088 763 4143 litterarum
769 4126 971 4142 ............
995 4089 1048 4146 225

315 4179 444 4233 Heloissae
452 4177 894 4250 Paraclitcnsisproblematacum
901 4195 975 4250 mag.

348 4270 380 4324 P.
392 4267 530 4325 Abalardi
547 4267 732 4323 solutionibus
735 4305 972 4324 ..............
994 4267 1047 4326 stt

391 4415 526 4470 lllscrsrar
545 4416 628 4470 Pnrsr
645 4415 789 4472 4444444404
808 4416 942 4470 ciram.

314 4534 469 4606 Sequentia
480 4543 508 4588 et
520 4534 618 4606 hymni
631 4551 681 4607 per
691 4544 783 4590 totum
802 4534 868 4589 anni
886 4535 978 4590 circu-

350 4623 409 4676 lum
422 4625 451 4677 in
463 4642 543 4678 usum
558 4625 699 4696 virginum
717 4625 877 4680 monasterii
892 4626 976 4680 Para-

350 4712 473 4767 clitensis
479 4751 973 4770 ............................
995 4717 1048 4772 295

317 4802 347 4854 P.
361 4799 497 4856 Abalardi
511 4801 545 4857 de
563 4801 642 4858 beata
655 4803 761 4876 virgine
773 4821 854 4876 prosa
860 4841 974 4860 .......
998 4809 1049 4862 328

317 4889 423 4951 Versus
446 4893 571 4965 magistri
595 4893 627 4947 P.
653 4891 790 4948 Abalardi
815 4894 845 4949 in
869 4893 975 4948 beatam

350 4980 501 5054 virginem.
517 5019 975 5039 ..........................
999 4983 1051 5042 329

319 5068 478 5142 Rhythmus
486 5072 613 5144 magistri
621 5069 759 5126 Abaillart
768 5070 802 5127 de
811 5081 904 5126 sancta
917 5072 981 5127 Tri·

353 5159 452 5216 nitatc.
468 5198 976 5220 .............................
1000 5167 1046 5219 334

1120 2769 1228 2806 stonum
1234 2790 1777 2808 ...............................
1803 2754 1853 2807 349

1119 2840 1527 2898 -lnllnuuntiationebcatae
1537 2839 1665 2912 Virginis
1668 2879 1778 2892 .......
1803 2843 1849 2894 354

1118 2959 1156 2974 ·-
1166 2931 1200 2985 lu
1213 2929 1304 2986 Natali
1316 2931 1428 2985 Domini
1433 2968 1776 2986 ....................
1802 2933 1853 2984 339

1119 3019 1200 3075 -In
1211 3019 1431 3076 circumcisione
1442 3017 1555 3074 Domini
1559 3056 1777 3074 .............
1802 3022 1853 3076 370

1119 3110 1201 3164 -In
1212 3108 1369 3181 Epiphania
1382 3108 1496 3163 Domini
1503 3146 1778 3163 ................
1803 3114 1850 3166 384

1120 3197 1518 3253 -InPurificationesanctae
1530 3197 1623 3252 Maria
1629 3237 1779 3251 .........
1803 3201 1854 3254 390

1120 3287 1201 3342 -In
1213 3287 1420 3361 septuagesima
1426 3325 1778 3343 ....................
1803 3292 1853 3345 398

1120 3408 1157 3421 -
1168 3378 1202 3431 In
1214 3375 1310 3432 Ramis
1320 3376 1476 3450 palmarum
1482 3413 1776 3430 .................
1802 3379 1853 3433 404

1121 3468 1202 3522 -In
1213 3465 1310 3522 eadem
1321 3466 1368 3520 die
1374 3504 1779 3521 .......................
1804 3469 1854 3522 440

1120 3556 1202 3610 -In
1213 3553 1310 3609 eadem
1322 3551 1382 3608 die.
1398 3589 1779 3608 ......................
1805 3557 1854 3608 449

1121 3645 1201 3699 -In
1213 3642 1311 3700 eadem
1323 3641 1382 3698 die.
1398 3679 1780 3696 ......................
1805 3643 1855 3696 lus

1122 3732 1209 3786 -De
1221 3731 1305 3786 asbus
1318 3732 1402 3803 gestis
1413 3732 1444 3784 in
1455 3729 1554 3785 diebus
1565 3730 1703 3785 Passionis
1707 3768 1780 3784 .....
1805 3735 1855 3786 tas

1120 3821 1208 3874 -De
1220 3835 1302 3873 cruce
1308 3857 1781 3875 ...........................
1806 3827 1856 3878 455

1120 3937 1156 3950 -
1168 3908 1202 3962 ln
1213 3907 1260 3961 die
1271 3907 1382 3962 Pascha
1384 3945 1781 3963 .......................
1804 3915 1856 3968 460

1120 4025 1157 4042 -
1168 3997 1312 4070 Expositio
1323 3994 1469 4049 dominicae
1486 3996 1620 4050 orationis
1638 3997 1667 4050 in
1687 3996 1784 4052 dicbus

1156 4086 1335 4160 rogationum
1347 4101 1408 4157 quae
1423 4082 1525 4137 litaniae
1541 4082 1678 4140 dicuntur
1683 4123 1780 4141 ......
1804 4092 1855 4146 lut

1122 4175 1261 4242 -Indic
1272 4171 1448 4229 Ascensionis
1451 4210 1779 4231 ...................
1805 4181 1855 4233 473

1121 4297 1158 4311 -
1168 4267 1202 4322 ln
1213 4275 1307 4322 octava
1325 4263 1501 4320 Asoensionis
1506 4302 1779 4322 ................
1807 4271 1856 4324 476

1122 4385 1158 4401 -
1170 4357 1204 4411 In
1222 4365 1296 4410 sexta
1314 4353 1384 4409 seria
1402 4363 1466 4426 post
1483 4363 1590 4408 octavas
1609 4355 1785 4410 Ascensionis

1158 4445 1272 4501 Domini
1275 4481 1583 4499 ..................
1598 4497 1599 4502 ,
1613 4485 1780 4501 ..........
1805 4453 1855 4504 478

1121 4533 1447 4590 -lndiePentecostes
1452 4572 1780 4591 ...................
1805 4542 1855 4595 404

1122 4654 1158 4669 -
1170 4625 1203 4679 ln
1214 4623 1283 4679 seria
1296 4621 1416 4677 secunda
1431 4623 1608 4679 Pentecostes
1613 4663 1781 4680 ..........
1806 4631 1852 4683 494

1123 4745 1159 4759 -
1170 4716 1204 4769 In
1217 4713 1284 4768 seria
1297 4711 1378 4767 tertia
1396 4713 1573 4769 Pentecostes
1578 4752 1781 4770 ............
1807 4719 1858 4773 490

1124 4803 1284 4859 -Inferia
1298 4813 1397 4876 quarta
1415 4801 1590 4858 Pentecostes
1596 4842 1781 4859 ...........
1806 4810 1856 4862 498

1124 4923 1160 4938 ·-
1171 4894 1204 4948 In
1216 4892 1285 4947 scria
1297 4891 1394 4964 quinta
1410 4891 1598 4947 Pentecostes.
1615 4931 1780 4948 ..........
1806 4899 1853 4950 504

1124 4983 1212 5038 -De
1224 4991 1318 5036 sancto
1330 4981 1414 5036 Petro
1419 5021 1783 5039 .....................
1808 4989 1859 5042 504

1124 5071 1493 5130 -lnconversionesancti
1511 5071 1591 5126 Pauli
1597 5111 1782 5129 ...........
1806 5079 1857 5130 809

1125 5161 1214 5218 -De
1226 5172 1320 5218 sancto
1333 5162 1439 5216 Joanue
1455 5161 1627 5234 Evangelista
1634 5201 1781 5219 .........
1806 5167 1856 5219 stt
