4510 6108
460 564 533 635 474
1059 562 1187 633 PETRl
1213 562 1447 633 ABAELAllDl

461 704 590 776 Christi
605 705 768 792 reserati,
787 727 884 774 nunc
900 703 1030 775 dicitur
1050 732 1058 774 ε
1079 707 1111 774 Ο
1127 729 1192 776 vos
1208 705 1404 803 principes,
1426 704 1463 774 id
1480 720 1534 775 est
1555 704 1736 802 praepositi
1752 702 1908 801 paradisi
1923 718 2044 774 custo-

461 820 541 912 des,
560 822 709 894 attollite
721 823 797 918 jam
812 838 946 894 vestras
962 838 1103 921 portas,
1120 823 1228 914 idest
1243 838 1466 894 summovete
1483 823 1580 894 illam
1595 838 1750 895 vestram
1767 847 1876 919 quarn
1893 822 2044 892 diximus

461 942 707 1013 obstruentem
722 941 939 1033 clausuram,
960 958 994 1012 et
1010 941 1111 1013 illum
1128 943 1329 1014 versatilem
1345 944 1493 1014 avertite
1509 941 1685 1039 gladium,
1703 943 1765 1040 qui
1791 940 1945 1039 proinde
1970 966 2045 1012 ver-

460 1060 585 1152 satilis,
606 1061 642 1133 id
659 1078 711 1134 est
727 1061 869 1134 mobilis
885 1063 1005 1162 potius
1026 1078 1138 1161 quam
1154 1061 1244 1134 fixus
1264 1077 1317 1134 est
1338 1063 1472 1154 dictus,
1496 1065 1581 1161 quia
1596 1062 1816 1160 quandoque
1833 1061 2045 1133 avertendus

460 1200 497 1256 et
511 1184 793 1256 summovendus
810 1200 875 1256 est.
901 1190 966 1274 Et,
986 1211 1009 1256 o
1026 1210 1111 1274 vos,
1130 1201 1262 1283 portae,
1282 1184 1470 1270 elevamini
1486 1184 1686 1274 aeternales,
1706 1184 1814 1255 idest
1840 1183 1987 1255 sublatae
2012 1197 2045 1253 et

461 1321 648 1377 summotae
666 1307 703 1377 in
720 1320 893 1377 aeternum
910 1321 1041 1394 estote,
1061 1321 1096 1376 et
1113 1306 1276 1377 introibit
1291 1330 1352 1375 rex
1368 1305 1487 1401 gloriae
1507 1333 1515 1375 :
1534 1331 1609 1376 non
1627 1304 1775 1401 quidem
1791 1320 1970 1391 terrenuS,
1983 1303 2045 1375 sed

461 1428 523 1525 qui
547 1426 594 1499 ad
620 1426 771 1498 coelestis
797 1428 915 1522 gloriae
940 1426 1189 1497 celsitudinem
1212 1451 1296 1498 suos
1319 1426 1364 1498 de
1389 1441 1565 1524 potestate
1591 1426 1726 1499 diaboli
1747 1441 1889 1524 ereptos
1914 1428 1951 1497 in
1976 1425 2046 1496 hoc

462 1547 640 1621 hodierno
657 1549 841 1646 triumpho
859 1573 981 1619 secum
997 1549 1131 1646 pariter
1155 1546 1372 1619 introducat.
1395 1550 1510 1646 Super
1529 1573 1603 1645 quo
1624 1563 1699 1620 tam
1715 1547 1872 1643 glorioso
1887 1562 1924 1618 et
1939 1546 2048 1618 admi·

462 1666 566 1738 rabili
594 1667 778 1764 triumpho
792 1723 800 1757 ,
832 1667 907 1738 aliis
933 1667 1195 1764 quaerentibuS‚
1224 1681 1259 1736 et
1284 1692 1367 1737 cum
1392 1691 1533 1738 summa
1557 1667 1794 1738 admiratione
1816 1664 2017 1738 dicentibus
2036 1693 2043 1735 :
2076 1719 2082 1734 .

463 1790 550 1874 Quis
567 1803 620 1859 cst
635 1789 717 1877 iste,
736 1803 776 1858 ut
796 1787 931 1878 dicitis,
958 1801 1079 1859 tantus
1103 1810 1182 1875 rex,
1209 1811 1318 1883 quem
1339 1788 1377 1857 in
1404 1763 1563 1858 humana
1588 1787 1719 1875 forma,
1743 1801 1821 1857 eta
1840 1784 1946 1856 nohis
1962 1785 2046 1856 olim

461 1904 647 2004 despecta,
664 1931 772 2005 super
787 1931 936 1978 omnem
952 1921 1141 1996 naturam,
1160 1906 1197 1977 id
1214 1921 1267 1978 est
1284 1906 1481 2002 angelicam
1497 1905 1740 1978 conscendere
1756 1904 1920 1975 videmus
1937 1903 2049 1975 altitu·
2153 1947 2155 1954 s

464 2027 603 2115 dinem,
622 2025 679 2098 vel
700 2027 796 2098 unde
816 2026 964 2097 inferior
984 2041 1113 2098 natura
1133 2026 1228 2098 hanc
1249 2026 1397 2124 adipisci
1418 2027 1548 2097 meruit
1570 2025 1803 2122 dignitatem?
1825 2021 1889 2093 Alii
1906 2047 2048 2120 respon·

465 2144 590 2216 dentes
606 2147 823 2216 concinunt:
839 2146 1042 2216 «Dominus
1051 2145 1116 2216 iste
1127 2160 1181 2216 est
1192 2145 1292 2216 fortis
1305 2160 1341 2217 et
1353 2159 1494 2244 potens,
1506 2145 1683 2216 Dominus
1694 2158 1824 2241 potens
1834 2143 1871 2213 in
1883 2141 2017 2240 praelio.
2028 2172 2045 2210 u

465 2266 579 2338 Fortis
603 2265 737 2337 scilicet
764 2266 810 2338 ad
832 2266 954 2337 omnia
976 2264 1124 2338 adversa
1145 2265 1348 2356 toleranda,
1373 2291 1439 2337 nec
1468 2267 1635 2337 remissus
1662 2265 1698 2336 in
1723 2263 1860 2360 aliqun;
1888 2265 2049 2360 quamvis

465 2386 501 2456 in
519 2385 636 2456 forma
649 2385 816 2456 humanae
834 2383 1049 2456 infirmitatis
1066 2401 1249 2483 appareat.
1273 2391 1420 2474 Potens,
1443 2386 1534 2457 sicut
1549 2385 1670 2456 statim
1687 2383 1946 2472 determinans,
1965 2382 2047 2454 suh·

461 2503 596 2599 jungit,
611 2517 765 2601 «potens
777 2504 814 2574 in
827 2503 962 2601 praelio,
974 2531 991 2571 u
1006 2528 1072 2574 nec
1089 2505 1139 2575 ita
1155 2519 1195 2576 ut
1209 2520 1312 2576 vetus
1325 2504 1453 2593 Adam,
1473 2529 1494 2576 a
1510 2517 1670 2575 tentante
1686 2517 1872 2601 superatus
1888 2501 2047 2589 diabolo,

464 2623 528 2696 sed
544 2627 623 2722 ipso
639 2627 765 2697 mortis
779 2641 925 2698 auctore
941 2641 1057 2698 morte
1073 2651 1138 2698 sua
1153 2626 1387 2724 triumphat0,
1402 2627 1505 2724 quasi
1521 2625 1719 2724 spoliorum
1734 2623 1894 2722 trophaea
1909 2624 1948 2694 in
1965 2623 2046 2713 suis,

466 2769 557 2843 quos
573 2747 684 2836 eruit,
703 2747 872 2845 captivis,
891 2771 989 2818 nunc
1005 2747 1112 2819 refert
1131 2747 1286 2844 gloriosa
1306 2775 1313 2818 :
1333 2747 1425 2819 sieut
1440 2762 1476 2819 et
1492 2746 1537 2818 de
1553 2749 1632 2845 ipso
1649 2746 1737 2817 olim
1753 2743 2050 2842 Psalmographus

465 2865 675 2962 pra-cinerat
685 2865 822 2937 dicens¹
840 2894 847 2936 :
866 2866 1096 2939 «Ascendens
1113 2869 1149 2938 in
1166 2867 1279 2939 altum
1294 2869 1473 2965 captivam
1490 2865 1591 2937 duxit
1606 2866 1886 2965 captivitatem.»
1905 2866 2049 2964 Captiva

465 2986 599 3084 quippe
614 2986 800 3085 eaptivitas
817 3010 928 3083 genus
944 2986 1144 3060 humanum
1160 2988 1216 3059 bis
1233 3012 1255 3059 a
1270 2987 1416 3059 diabolo
1429 2989 1649 3085 captivatum
1661 2985 1809 3074 dicitur3
1827 2985 1948 3083 primo
1959 2985 2051 3056 vide·

465 3104 548 3176 licet
562 3106 637 3202 ejus
652 3107 883 3204 persuasione
900 3132 921 3178 a
937 3107 1106 3206 paradiso
1122 3108 1320 3198 exulatum,
1345 3123 1380 3178 et
1401 3107 1632 3206 praesentibus
1649 3107 1815 3178 aerumnis
1831 3107 2048 3204 expositum,

465 3225 699 3323 postmodum
715 3225 761 3296 de
777 3225 845 3297 hac
860 3225 940 3298 luce
958 3227 1004 3300 ad
1021 3227 1151 3299 inferni
1166 3227 1332 3300 tenebras
1348 3227 1541 3324 dejectum.
1561 3230 1651 3298 Suos
1667 3227 1805 3322 itaque,
1824 3240 1864 3296 ut
1879 3225 2048 3312 diximus,

465 3342 521 3415 bis
532 3345 745 3443 captivatos,
762 3371 860 3417 nunc
871 3371 993 3418 secum
1010 3348 1057 3419 ad
1068 3346 1224 3421 coelestia
1235 3348 1454 3448 perducens,
1469 3348 1571 3446 quasi
1584 3348 1700 3418 victor
1716 3345 1826 3416 hodie
1841 3344 1887 3416 de
1903 3346 2051 3442 antiquo

465 3463 569 3536 hoste
584 3480 770 3563 superato,
793 3467 1002 3566 triumphat.
1026 3469 1203 3541 Dominus
1226 3471 1301 3568 ipse
1321 3470 1512 3559 virtutum,
1531 3494 1606 3541 non
1623 3466 1741 3539 solum
1758 3466 1925 3538 videlicet
1941 3466 2053 3538 homi·

467 3605 557 3656 num
572 3610 663 3682 quos
680 3586 731 3656 sic
746 3586 893 3678 liberat,
920 3591 1155 3661 verumetiam
1175 3615 1412 3688 supernarum
1432 3591 1626 3678 virtutum,
1650 3612 1715 3685 per
1736 3611 1825 3684 quas
1847 3585 2054 3683 ubicunque

469 3704 557 3795 vult,
577 3722 745 3805 operatur
763 3709 952 3804 magnalia.
976 3710 1211 3783 Conferamus
1237 3725 1357 3782 autem
1373 3736 1457 3782 cum
1474 3709 1586 3807 gloria
1610 3709 1716 3804 hujus
1737 3705 1909 3804 triumphi
1937 3705 2050 3796 illam,

468 3847 578 3921 quam
593 3825 747 3897 diximus
762 3831 1032 3901 venerationem
1047 3832 1084 3902 in
1103 3833 1222 3903 Ramis
1238 3831 1441 3903 Palmarum
1463 3831 1495 3902 ei
1516 3831 1673 3928 primum
1695 3827 1908 3913 exhibitam,
1932 3840 1969 3896 et
1985 3848 2054 3921 qua

467 3945 699 4017 similitudine
722 3947 918 4044 jungantur
941 3976 1007 4049 per
1035 3953 1174 4049 singula
1199 3952 1385 4024 videamus
1415 3980 1422 4022 :
1454 3953 1503 4025 ita
1529 3967 1651 4023 tamen
1677 3965 1716 4022 ut
1741 3951 1835 4021 hanc
1866 3947 1916 4018 illi
1949 3947 2055 4042 longe

468 4065 668 4162 praecedere
699 4066 979 4140 consideremus

520 4190 566 4256 Ut
582 4186 688 4282 igitur
701 4189 856 4258 Joannes
871 4189 1005 4279 refert¹‚
1020 4189 1080 4264 illa
1094 4191 1194 4288 prior
1207 4193 1388 4287 generatio
1404 4216 1472 4291 pro
1488 4191 1757 4263 resuscitatione
1773 4191 1895 4261 Lazari
1912 4191 1945 4259 ei
1966 4189 2058 4261 facta

470 4319 542 4393 est,
570 4305 628 4375 cui
645 4329 712 4378 nec
728 4305 803 4403 ipse
819 4310 971 4379 Lazarus
994 4333 1078 4380 cum
1094 4334 1139 4382 eo
1155 4310 1415 4407 lerosolymam
1430 4311 1577 4382 veniens
1601 4308 1753 4386 defuisse
1769 4306 1972 4379 credendus
1988 4323 2055 4379 est.

469 4423 567 4493 Sicut
587 4447 672 4518 ergo
693 4425 874 4496 suscitatio
899 4429 1021 4499 Lazari
1046 4427 1134 4498 illud
1155 4430 1376 4530 praeconium
1396 4428 1512 4501 laudis
1533 4428 1579 4500 ab
1600 4427 1808 4500 hominibus
1835 4429 1983 4514 memit,
2008 4427 2060 4498 ita

471 4542 646 4640 praedictae
668 4541 831 4615 liberatio
857 4547 1070 4644 captivitatis
1090 4549 1324 4647 triumphales
1344 4548 1455 4642 hodie
1475 4548 1599 4621 laudes
1619 4547 1665 4620 ab
1690 4547 1824 4643 angelis
1843 4545 1985 4618 babuit.
2014 4551 2061 4617 Et

471 4661 521 4733 ibi
537 4662 684 4759 quidem
700 4664 958 4762 lerosolymam
973 4669 1138 4758 veniens,
1155 4684 1195 4740 ut
1211 4668 1347 4742 dietum
1363 4684 1433 4759 est,
1452 4670 1663 4742 benedictus
1679 4695 1700 4741 a
1716 4669 1843 4740 turbis.
1859 4668 1924 4738 Hic
1936 4684 2063 4740 autem

471 4783 581 4856 coelos
597 4784 793 4858 ascendens
813 4786 996 4860 benedixit
1016 4787 1215 4888 discipulis,
1239 4807 1278 4863 ut
1299 4807 1400 4864 tanto
1422 4790 1649 4862 excellentior
1668 4791 1745 4870 haec
1765 4789 1841 4860 dies
1861 4788 2061 4880 habeatur,

472 4917 609 4998 quanto
624 4901 758 4975 felicior
775 4931 816 4976 ex
828 4905 1081 4979 benedictione
1097 4908 1220 4982 divina
1236 4910 1399 4982 efficitur.
1420 4915 1492 4983 Nec
1507 4909 1625 4982 solum
1641 4910 1702 5008 qui
1714 4908 1900 5008 praeibant,
1916 4931 2067 4978 verum·

504 5173 512 5198 ¹
534 5191 547 5216 ι
557 5171 692 5224 Ascendisti
706 5175 730 5225 in
743 5175 831 5238 altum,
845 5175 931 5244 cepisti
943 5178 1118 5246 captivitatem,
1133 5180 1260 5244 ¹(l2eslm.
1272 5197 1336 5232 um
1346 5221 1354 5246 ,
1365 5198 1388 5234 v.
1402 5179 1452 5247 tu.)
1461 5207 1494 5222 -
1504 5179 1513 5208 ¹
1524 5181 1606 5244 tuan,
1618 5195 1674 5247 cap.
1688 5197 1734 5242 xn,
1745 5195 1767 5229 r.
1782 5185 1804 5229 t.
