4522 6104
1028 923 1065 1010 1.

864 1183 1222 1288 EPISTObn

610 1432 856 1514 rmcours
884 1432 1092 1512 aaronis
1121 1431 1188 1510 un
1217 1427 1476 1519 arcerano,

773 1653 828 1724 bl)
850 1651 1016 1722 PETRUM
1036 1648 1312 1720 mumurati.

253 1858 374 1935 [Legitur
381 1861 449 1914 inter
457 1859 545 1933 Opera
554 1857 685 1914 Abalardi
694 1857 765 1914 edita
773 1859 806 1913 ab
817 1861 969 1928 Amboesio,
981 1880 1011 1932 p.
1024 1856 1153 1912 217323.
1165 1857 1207 1912 Cf.
1219 1860 1285 1908 Hire.
1296 1855 1346 1910 liet.
1357 1854 1389 1905 de
1399 1853 1425 1904 Ia
1437 1859 1541 1914 Franco,
1553 1865 1573 1905 t.
1584 1851 1650 1919 ΧΠ,
1662 1871 1691 1924 ρ,
1702 1855 1812 1908 alatas
1820 1851 1838 1930 .]

349 2354 443 2414 Petro
454 2352 519 2413 Deo
530 2355 649 2430 qrottos
665 2351 820 2414 cucullato
829 2349 932 2430 scotor
946 2351 1041 2412 Falco
1055 2353 1126 2410 otta
1142 2350 1377 2410 consolationem
1388 2351 1549 2428 presentis
1567 2353 1597 2409 ct
1606 2345 1736 2425 suturae.

301 2530 473 2603 Saecularis
490 2533 568 2602 vitae
583 2531 733 2627 pericula
751 2533 810 2627 qui
828 2533 901 2602 sine
917 2527 1068 2626 periculo
1084 2553 1119 2598 se
1139 2543 1237 2624 putat
1252 2528 1411 2616 evadere,
1433 2553 1503 2596 non
1521 2529 1632 2597 minus
1651 2529 1735 2598 mihi
1752 2529 1840 2600 desi·

253 2677 333 2749 pere
352 2653 505 2743 ridetur,
532 2679 654 2748 quarm
678 2653 706 2723 si
728 2677 832 2748 quum
852 2652 1031 2746 iusipiens,
1054 2651 1221 2745 quispiam
1243 2673 1277 2718 se
1294 2649 1460 2718 existimat
1481 2649 1678 2743 sapientem.
1703 2651 1841 2738 Quanto

252 2775 369 2868 utique
386 2771 578 2843 involvatur
591 2796 707 2842 errore
723 2771 873 2841 stultitia
893 2795 962 2838 non
975 2793 1061 2863 opus
1074 2781 1124 2837 est
1141 2792 1195 2836 me
1212 2781 1418 2857 monstrare,
1435 2791 1541 2861 quum
1557 2766 1631 2836 luce
1648 2767 1769 2838 clarius
1782 2793 1842 2864 pa·

252 2906 321 2961 teat
338 2891 493 2985 sapienti.
519 2893 669 2959 Fortuna
691 2902 871 2984 reguntur,
891 2886 950 2981 qui
969 2885 1096 2956 diutius
1116 2885 1180 2955 sibi
1198 2909 1397 2980 permanere
1413 2885 1449 2954 in
1466 2885 1565 2980 hujus
1582 2883 1749 2955 felicitatis
1764 2909 1840 2956 mu·

253 3009 415 3087 tabilitate
436 3011 653 3106 promittunt.
680 3010 792 3097 Quam
809 3009 852 3077 sit
868 3008 1080 3089 contrarium
1101 3007 1225 3076 rationi
1243 3007 1308 3076 hoc
1320 3006 1468 3102 opinari,
1483 3020 1650 3076 monstrat
1664 3008 1714 3076 sui
1732 3023 1842 3080 muta-

253 3132 345 3200 tione
371 3129 474 3216 infida
499 3128 650 3200 felicitas.
680 3131 759 3200 Non
776 3143 826 3197 est
848 3121 1053 3216 humanum,
1075 3125 1256 3197 stabilitate
1281 3127 1416 3196 durare.
1443 3129 1486 3196 Et
1509 3125 1588 3196 licet
1610 3151 1663 3196 res
1685 3127 1841 3199 humanae

253 3251 405 3346 quotidie
422 3252 459 3320 in
474 3250 642 3322 deteriora
660 3248 834 3338 labantur,
856 3263 890 3317 et
909 3246 1077 3317 felicitatis
1087 3246 1236 3342 jocunda
1247 3247 1379 3317 vanitas
1394 3246 1590 3342 frequenter
1603 3247 1746 3317 feriatur
1760 3223 1842 3318 con·

253 3371 365 3441 trariis
385 3395 393 3438 :
416 3370 570 3439 homines
590 3383 703 3439 tamen
724 3368 837 3438 miseri
856 3367 955 3460 hujus
975 3367 1137 3463 temporis
1154 3365 1333 3458 familiares
1349 3381 1383 3436 et
1399 3366 1590 3460 amicissimi
1606 3367 1709 3436 finem
1727 3393 1841 3438 remam

253 3489 427 3561 attendere
453 3489 645 3584 negligunt,
668 3503 703 3558 et
724 3489 958 3588 quammultis
981 3487 1173 3583 subjaceant
1193 3486 1369 3582 periculis,
1396 3486 1693 3582 quantulacunque
1710 3486 1842 3558 deliniti

253 3611 476 3706 prosperitate
491 3608 589 3688 oculo
602 3609 825 3704 providentia
837 3609 1038 3689 metiuntur.
1060 3608 1125 3678 Sed
1139 3633 1244 3702 quum
1256 3607 1336 3676 ferit
1348 3607 1542 3698 adversitas,
1563 3622 1621 3678 aut
1638 3608 1675 3676 in
1687 3607 1843 3703 despera-

253 3731 382 3800 tionem
403 3730 606 3823 praecipitat,
634 3744 694 3797 aut
712 3729 755 3798 ad
779 3730 927 3803 fructum
953 3727 1253 3799 animadversionis
1274 3725 1397 3816 elevat;
1425 3743 1573 3798 attamen
1592 3729 1728 3800 demum
1750 3731 1841 3825 quod

253 3849 409 3918 homines
424 3847 493 3915 sint
510 3859 708 3940 agnoscunt.
729 3847 924 3941 Desperatis
941 3860 975 3915 et
992 3846 1284 3940 impoenitentibus
1308 3869 1418 3940 neque
1438 3847 1475 3914 in
1496 3845 1561 3916 boc
1579 3847 1712 3938 saeculo,
1733 3874 1843 3943 neque

253 3971 289 4038 in
302 3968 417 4038 futuro
433 3967 639 4036 remissionis
657 3966 755 4037 venia
767 3965 971 4062 relinquitur
982 3965 1071 4036 ulla:
1087 3982 1259 4062 sperantes
1271 3982 1384 4036 autem
1402 3969 1436 4035 in
1449 3967 1601 4036 Domino
1613 3969 1842 4038 misericordia

254 4086 504 4159 circumdabat
527 4086 791 4157 Aflluentissime
814 4087 876 4156 tibi
901 4086 1003 4180 paulo
1017 4102 1095 4156 ante
1112 4087 1230 4156 mundi
1247 4085 1346 4182 hujus
1362 4085 1469 4182 gloria
1482 4085 1735 4177 blandiebatur,
1757 4101 1791 4158 et
1807 4104 1841 4158 te

254 4209 390 4279 incertis
408 4207 554 4277 fortunae
573 4207 704 4278 casibus
721 4231 790 4278 esse
807 4207 992 4278 obnoxium
1012 4234 1084 4278 non
1100 4208 1231 4279 sinebat
1249 4209 1435 4279 advertere.
1465 4211 1575 4278 Roma
1596 4234 1674 4278 suos
1695 4209 1757 4277 tibi
1777 4208 1840 4278 do·

255 4329 379 4400 cendos
403 4328 652 4400 transmittebat
672 4327 827 4400 alumnos
842 4355 850 4398 ε
866 4344 900 4399 ct
921 4355 995 4426 quae
1019 4329 1100 4399 olim
1122 4331 1274 4400 omnium
1295 4331 1418 4400 artium
1440 4331 1612 4401 scientiam
1630 4330 1842 4401 auditoribus

255 4449 384 4522 solebat
409 4450 606 4539 infundere,
636 4451 874 4547 sapientiorem
899 4467 932 4521 te
953 4477 987 4522 se
1010 4453 1160 4547 sapiente
1188 4453 1388 4523 transmissis
1410 4451 1593 4522 scolaribus
1616 4452 1837 4522 monstrabat.

255 4567 355 4640 Nulla
373 4585 539 4640 terrarum
561 4572 684 4666 spatia,
709 4569 801 4641 nulla
822 4572 989 4641 montium
1011 4573 1203 4662 cacumina,
1229 4571 1320 4642 nulla
1343 4598 1488 4644 concava
1505 4571 1662 4661 vallium,
1681 4571 1772 4642 nulla
1789 4573 1841 4641 via

256 4686 385 4758 difficili
401 4687 479 4758 licet
493 4689 601 4759 obsita
618 4689 786 4785 periculo,
807 4705 841 4760 ct
857 4689 1001 4780 latrone,
1022 4693 1203 4786 quominus
1219 4692 1261 4761 ad
1280 4707 1313 4761 te
1330 4679 1552 4788 properarent
1569 4692 1747 4761 retinebat.
1767 4695 1840 4762 An·

256 4805 388 4903 glorum
402 4810 537 4879 turbam
545 4810 708 4905 juvenum
720 4835 811 4882 mare
822 4809 1021 4906 interjacens
1032 4826 1066 4883 et
1077 4813 1245 4882 undarum
1258 4811 1404 4908 procella
1418 4813 1576 4883 terribilis
1586 4839 1656 4883 nou
1669 4811 1816 4882 terrebat
1829 4838 1837 4879 :

256 4925 314 4995 sed
326 4927 419 4995 omni
431 4925 582 5022 periculo
595 4943 804 5024 contempto,
821 4929 938 5000 audito
949 4944 1009 5000 tuo
1022 4931 1172 5021 nominc,
1185 4931 1227 5000 ad
1240 4946 1273 5001 te
1288 4933 1490 5003 confluebat.
1512 4935 1654 5002 Remota
1667 4931 1842 5002 Britannia

257 5067 316 5114 sua
332 5045 488 5116 animalia
504 5047 690 5120 erudienda
706 5048 906 5120 destinabat.
926 5050 1183 5146 Andagavenses
1199 5075 1317 5120 eorum
1333 5050 1481 5122 edomita
1500 5051 1632 5122 feritate
1652 5051 1714 5120 tibi
1733 5049 1844 5120 famu-

292 5194 300 5222 ¹
317 5196 408 5248 Pralm.
422 5214 522 5262 xxxvii,
538 5213 562 5249 v.
578 5203 618 5251 16.
