4522 6102
468 569 538 636 ll2
890 568 1015 640 cerm
1042 566 1276 654 sumtuum
1302 567 1357 639 ΕΤ
1381 568 1623 684 flatotssm

357 741 363 752 ·
463 709 793 805 Magnaepostremo
805 706 1036 805 providentie
1055 721 1125 797 est,
1147 705 1204 794 his
1219 708 1278 805 qui
1302 711 1376 780 Deo
1393 734 1431 784 se
1447 733 1512 806 per
1529 723 1654 782 votum
1670 706 1845 804 obligant,
1869 687 2035 784 ut'minus

464 842 636 916 voveant,
656 841 690 898 et
707 825 786 925 plus
799 842 1034 923 exequantur,
1051 841 1088 898 ut
1100 825 1233 922 aliquid
1250 851 1390 926 semper
1408 827 1534 900 debitis
1553 828 1663 924 gratia
1680 826 1926 924 superaddat¹.
1946 830 2034 900 Hinc

462 947 558 1017 enim
577 969 641 1042 per
659 945 882 1041 semetipsam
896 945 1031 1016 Veritas
1048 944 1116 1036 ait¹
1135 971 1143 1016 ε
1168 972 1186 1014 u
1201 948 1321 1032 Quum
1333 946 1485 1018 feceritis
1497 946 1618 1016 omnia
1635 969 1714 1041 quae
1735 959 1909 1043 precepta
1928 961 2030 1035 sunt,

460 1065 588 1138 dicite:
608 1065 705 1138 Servi
721 1064 862 1151 inutiles
882 1089 1024 1152 sumus,
1042 1088 1120 1161 quae
1139 1064 1327 1140 debuimus
1346 1065 1461 1138 faeere
1476 1065 1635 1139 fecimus.
1651 1093 1669 1134 a
1691 1071 1740 1136 Ac
1760 1067 1788 1136 si
1804 1080 1926 1164 aperte
1941 1065 2031 1138 dice·

346 1267 349 1272 ¹
460 1195 542 1254 ret:
570 1184 657 1256 ldeo
675 1183 816 1254 inutiles
837 1198 873 1254 et
891 1183 991 1279 quasi
1014 1207 1082 1280 pro
1105 1183 1216 1261 nihilo
1228 1238 1248 1272 ,.
1264 1208 1304 1259 ac
1323 1183 1400 1256 sinc
1421 1186 1553 1259 meritis
1573 1182 1780 1282 reputandi,
1804 1186 1887 1281 quia
1907 1183 2032 1258 debitis

460 1318 596 1375 tanturn
614 1302 838 1376 exsolvendis
850 1303 1009 1374 contenti
1030 1302 1118 1374 nihil
1136 1328 1179 1374 ex
1194 1303 1302 1398 gratia
1318 1302 1628 1400 superaddidimus
1638 1306 1660 1374 ³.
1676 1308 1729 1374 De
1746 1302 1876 1400 quibus
1889 1303 2032 1400 quidem

458 1425 562 1519 gratis
574 1420 855 1521 superaddendis
868 1423 1099 1519 ipsequoqne
1117 1424 1292 1493 Dominus
1308 1421 1389 1494 alibi
1403 1422 1604 1520 parabolice
1622 1422 1772 1520 loquens
1784 1423 1874 1496 ait⁸z
1892 1423 1987 1499 «Sed
1999 1439 2033 1496 et
2106 1449 2109 1456 ·

361 1607 363 1612 .
457 1543 485 1612 si
505 1541 593 1639 quid
612 1541 933 1638 supererogaveris,
955 1566 1021 1636 ego
1047 1565 1160 1636 quum
1187 1540 1345 1631 rediero,
1367 1541 1515 1612 reddam
1533 1540 1608 1613 tibi.
1628 1569 1646 1608 u
1669 1540 1777 1629 Quod
1798 1540 1945 1638 quidem
1964 1541 2033 1614 hoc

457 1678 619 1761 tempore
637 1663 738 1734 multi
762 1663 964 1736 monasticae
986 1661 1164 1758 religionis
1185 1649 1361 1734 temerarii
1382 1663 1598 1759 professores
1614 1663 1644 1734 si
1662 1662 1862 1758 &gentius
1876 1663 2032 1739 attende·

459 1797 553 1871 rent,
575 1783 663 1854 etin
682 1805 790 1877 quam
808 1781 1062 1880 professionem
1077 1783 1256 1878 jurarent,
1278 1780 1641 1872 animadverterent‘,
1660 1797 1766 1878 atque
1781 1783 1898 1880 ipsum
1909 1783 2034 1880 regulas

459 1917 620 1972 tenorem
644 1901 801 1972 studiose
824 1915 1129 1997 perscrutarentur
1152 1928 1160 1970 :
1187 1901 1304 1972 minus
1322 1925 1386 1998 per
1404 1902 1642 1996 ignorantiam
1657 1900 1899 1990 offenderent,
1920 1916 1957 1973 et
1972 1927 2035 2000 per

403 2067 420 2092 .
458 2019 707 2117 negligentiam
721 2033 920 2117 peccarent.
938 2023 1041 2090 Nunc
1054 2045 1140 2092 vero
1159 2019 1347 2091 indiscrete
1364 2045 1489 2092 omnes
1510 2019 1582 2095 fere
1599 2020 1730 2118 pariter
1745 2017 1792 2095 ad
1804 2022 2035 2093 monasticam

456 2139 785 2212 conversationem⁸
814 2153 996 2210 currentes
1021 2137 1221 2211 inordinate
1251 2142 1403 2237 suscepti
1424 2138 1657 2214 inordinatius
1681 2139 1823 2229 vivunt,
1855 2153 1890 2210 et
1911 2140 2034 2212 eadem

449 2258 709 2356 facilitateque
736 2259 894 2353 ignotam
912 2257 1070 2354 regulam
1086 2258 1318 2357 profitentur,
1347 2283 1424 2332 earn
1444 2273 1732 2348 contemnentes,
1762 2259 2036 2332 consuetudines

453 2363 546 2474 ¹quus
572 2378 698 2449 volunt
724 2377 887 2475 prolege
909 2381 1100 2450 statuunt⁷.
1128 2377 1395 2451 Providendum
1419 2379 1537 2476 itaque
1565 2377 1670 2450 nobis
1693 2393 1764 2468 est,
1788 2403 1834 2450 ne
1859 2378 1897 2450 id
1922 2380 2038 2450 oneris

457 2499 595 2568 feminae
611 2521 885 2594 praesumamus,
913 2497 949 2566 in
968 2521 1041 2592 quo
1058 2497 1154 2568 viros
1178 2495 1251 2568 fere
1272 2497 1347 2592 jam
1375 2497 1557 2570 universos
1574 2496 1808 2570 succumbere
1831 2496 2034 2585 videamus,

457 2619 531 2688 imo
555 2631 591 2689 et
615 2615 777 2688 deficere.
806 2616 968 2688 Sennisse
990 2616 1065 2711 jam
1093 2609 1268 2688 mundum
1296 2609 1553 2714 conspicimus,
1578 2616 1813 2715 hominesque
1835 2617 1934 2715 ipsos
1955 2641 2037 2690 cum

459 2737 591 2808 caeteris
617 2760 695 2832 quae
719 2733 846 2806 mundi
872 2750 973 2824 sunt,
998 2736 1187 2833 pristinum
1215 2750 1347 2808 naturae
1370 2737 1528 2831 vigorem
1560 2737 1734 2826 amisisse,
1763 2752 1798 2808 et
1827 2738 1925 2833 juxta
1950 2735 2038 2808 illud

460 2857 622 2928 Veritatis
632 2859 653 2943 ⁸,
671 2857 782 2952 ipsam
801 2854 1008 2940 charitatem
1027 2879 1101 2924 non
1116 2869 1189 2927 tam
1209 2854 1403 2927 multorum
1422 2879 1530 2950 quam
1548 2855 1621 2930 fere
1639 2857 1801 2929 omnium
1816 2855 2011 2951 refriguisse
2025 2884 2035 2944 3

458 2990 497 3046 ut
510 2977 585 3070 jam
602 2973 765 3046 videlicet
782 2997 848 3072 pro
867 2973 1034 3071 qualitate
1052 2972 1241 3045 hominum
1259 2975 1353 3072 ipsas
1371 2989 1516 3072 propter
1536 2974 1698 3049 homines
1717 2976 1865 3073 scriptas
1886 2973 1943 3046 vel
1964 2999 2041 3046 mu·

460 3097 541 3182 tari,
563 3093 618 3166 vel
633 3094 846 3192 temperari’
863 3117 1005 3165 necesse
1020 3093 1063 3163 sit
1077 3091 1227 3188 regulas.
1243 3093 1351 3188 Cujus
1370 3093 1514 3189 quidem
1534 3092 1757 3167 discretionis
1774 3093 1848 3190 ipse
1871 3117 2038 3190 quoqne,

463 3212 586 3285 beatus
599 3236 674 3284 non
687 3212 877 3282 immemor
896 3210 1106 3295 Benedictus
1124 3212 1172 3282 ita
1192 3235 1229 3282 se
1247 3213 1447 3282 monasticae
1461 3211 1689 3287 districtionis
1698 3216 1717 3250 ¹⁰
1730 3213 1883 3308 rigorem
1900 3227 2041 3312 tempe-

464 3355 557 3404 rasse
581 3331 725 3418 fatetur,
750 3343 791 3400 ut
814 3328 1029 3426 descriptam
1051 3353 1076 3405 a
1095 3353 1132 3400 se
1150 3329 1309 3424 regulam
1331 3333 1599 3428 comparatione
1615 3331 1777 3429 priorum
1799 3331 2042 3404 institutorum
2111 3369 2117 3380 ·

463 3473 538 3520 non
550 3449 616 3521 nisi
629 3447 822 3544 quamdam
835 3446 1030 3521 honestatis
1039 3446 1295 3520 institutionem
1308 3463 1344 3520 et
1357 3449 1549 3543 quamdam
1560 3451 1837 3524 conversationis
1850 3449 2047 3524 inchoatio-

464 3592 546 3640 nem
575 3580 714 3665 reputet
739 3565 860 3636 diceus
873 3567 891 3603 ¹¹
916 3592 922 3634 :
952 3593 970 3632 u
999 3565 1168 3661 Regulam
1190 3581 1308 3653 autem
1328 3566 1420 3638 hanc
1440 3566 1707 3666 descripsimus,
1740 3584 1778 3643 ut
1805 3568 1899 3640 hanc
1919 3567 2044 3640 obser-

463 3701 585 3758 vantes
607 3684 827 3782 aliquatenus
853 3682 909 3756 vel
936 3683 1156 3756 honestatem
1180 3709 1322 3759 morum
1347 3700 1407 3756 aut
1429 3687 1569 3758 initium
1588 3687 1867 3758 conversationis
1886 3711 1952 3760 uos
1976 3687 2043 3760 de·

464 3819 702 3876 monstremus
730 3802 874 3874 habere.
909 3806 1081 3876 Caeterum
1111 3802 1156 3873 ad
1189 3803 1444 3901 perfectionem
1482 3804 1759 3876 conversationis
1791 3805 1853 3902 qui
1882 3804 2041 3890 festinat,

461 3939 545 3997 sunt
567 3925 739 3998 doctrinae
760 3937 964 3997 sanctorum
990 3927 1153 4015 Patrum,
1180 3949 1332 4022 quarum
1366 3924 1565 3999 observatio
1592 3925 1764 4024 perducat
1786 3925 1972 4004 hominem
1993 3927 2044 4002 ad

462 4042 706 4116 celsitudinem
720 4042 956 4140 perfectionis.
972 4071 988 4108 »
1003 4047 1090 4114 ltem
1102 4047 1139 4114 ¹²:
1160 4072 1176 4110 u
1190 4043 1357 4142 Quisquis
1371 4068 1456 4140 ergo
1468 4043 1513 4115 ad
1527 4043 1705 4119 coelestem
1719 4044 1869 4141 patriam
1884 4043 2044 4134 festinas,

403 4213 407 4220 -
461 4163 554 4236 hanc
574 4165 757 4234 minimam
775 4162 1011 4238 inchoationis
1034 4163 1191 4260 regulam
1209 4162 1399 4260 adjuvante
1416 4163 1555 4234 Christo
1574 4163 1725 4263 perfice,
1741 4178 1777 4236 et
1790 4178 1876 4236 tunc
1893 4163 2045 4236 demum

461 4285 507 4358 ad
528 4285 663 4380 majora
685 4283 854 4354 doctrinae
872 4285 1113 4378 virtutumque
1131 4284 1286 4356 culmina
1307 4289 1384 4358 Deo
1408 4299 1614 4382 protegente
1632 4285 1827 4380 pervenies.
1840 4309 1859 4350 n
1885 4283 1973 4373 Qui,
2002 4301 2048 4356 ut

459 4405 535 4502 ipse
555 4405 603 4476 ait
616 4405 646 4490 ¹⁸,
669 4425 781 4499 quum
794 4399 951 4498 legamus
968 4400 1055 4472 olim
1068 4414 1208 4474 sanctos
1226 4405 1346 4472 Patres
1360 4424 1433 4471 nno
1448 4401 1506 4473 die
1521 4400 1736 4474 Psalterium
1749 4401 1890 4502 explere
1904 4400 2043 4490 solere,

460 4524 507 4594 ita
533 4508 768 4622 psalmodiam
791 4520 917 4619 tepidis
943 4520 1169 4618 temperavit,
1194 4520 1289 4592 utin
1310 4521 1386 4618 ipsa
1409 4544 1473 4618 per
1498 4519 1764 4597 hebdomadam
1790 4520 2047 4608 distributione

460 4641 697 4738 psalmorum,
724 4628 863 4714 minore
888 4639 1048 4737 ipsormn
1066 4661 1217 4710 numero
1236 4637 1403 4713 monachi
1420 4661 1529 4734 quam
1555 4637 1672 4714 elerici
1691 4640 1851 4715 contenti
1869 4654 1987 4715 essent
2005 4644 2042 4712 ¹⁸.

496 4891 819 4955 'scearamton-⁸
834 4893 906 4952 huc„
930 4907 985 4958 cap.
1013 4907 1077 4955 xvn,
1099 4907 1123 4942 v.
1144 4891 1183 4941 10.
1202 4917 1232 4928 -
1269 4892 1409 4954 Temperare
1418 4889 1539 4940 Edu-¹⁰
1549 4889 1789 4944 sic-nuemmas
1803 4891 2048 4943 susannam

463 4973 473 5000 ¹
486 4975 675 5038 Superoddr'suu
690 4973 717 5026 tt.
725 4974 779 5012 -⁸
792 4975 862 5037 hun,
873 4991 927 5040 cap.
944 4991 972 5032 x,
990 4991 1016 5026 v.
1028 4977 1070 5026 ³5.
1081 4975 1133 5012 -¹
1148 4978 1233 5024 tama
1266 4974 1393 5026 aits-¹·
1401 4973 1491 5040 Regula
1502 4974 1584 5028 Sancti
1599 4963 1735 5040 Benedicti,
1746 4991 1802 5043 cap.
1812 4992 1896 5028 uxrrr.
1906 4972 2049 5038 -¹'lbi‹l.,

458 5063 611 5122 pronum
630 5059 659 5111 ll.
676 5057 729 5098 -⁰
742 5059 920 5110 emersionem
940 5059 980 5110 (ll)
1004 5069 1030 5112 et
1044 5059 1093 5110 tts.
1112 5057 1184 5109 hmb.
1202 5083 1232 5094 —
1266 5057 1326 5110 ibid.
1339 5059 1392 5096 —”
1408 5059 1498 5126 Regula
1514 5059 1596 5112 Sancti
1609 5059 1748 5126 benedieti,
1764 5074 1820 5126 esp.
1833 5077 1900 5114 auu.
1915 5086 1949 5098 ·-
1962 5059 1985 5088 '⁴
1997 5059 2050 5114 sic

463 5141 473 5169 ¹
487 5143 625 5193 senuerant
636 5141 664 5192 n.
675 5167 701 5178 -
711 5141 720 5169 ⁸
732 5141 829 5204 hut„
843 5157 897 5210 cap.
913 5159 985 5204 un.
1003 5160 1028 5194 v.
1044 5143 1082 5194 n.
1094 5141 1139 5181 -·
1153 5143 1194 5194 Sic
1204 5141 1233 5194 ll.
1267 5141 1318 5196 HS.
1333 5141 1404 5194 Δηὼ.
1414 5170 1432 5180 -
1445 5143 1499 5194 stur
1516 5141 1578 5196 ΕΜ.
1634 5135 1638 5144 ’
