4522 6102
887 637 1123 710 arrsroun.
1342 585 1346 590 ’
1733 642 1802 712 us

219 779 343 850 beatus
360 779 471 875 egisse
490 776 682 874 Gregorius
707 775 908 848 refertur¹?
934 781 1117 850 Noverunt
1137 777 1301 850 homines
1325 780 1361 849 in
1382 803 1487 852 coeno
1507 780 1732 876 margaritam
1753 780 1802 854 le-

219 923 322 995 gere,
344 912 377 969 et
399 921 420 968 a
438 896 547 996 paleis
564 919 671 994 grana
691 896 911 984 discernere,
940 911 975 968 et
991 895 1088 968 dona
1106 921 1168 968 sua
1186 896 1386 969 infidelitati
1405 900 1573 994 adjuncta
1589 904 1685 972 Deus
1704 902 1803 997 igno·

219 1042 298 1090 rare
323 1041 398 1089 non
427 1032 566 1115 potest,
589 1038 656 1087 nec
683 1015 878 1114 quidquam
900 1015 1032 1088 horum
1057 1041 1135 1113 quae
1160 1017 1280 1090 lecerit
1298 1018 1411 1090 odire.
1441 1022 1528 1106 Quae
1555 1044 1628 1115 quo
1653 1019 1804 1116 amplius

220 1137 326 1234 signis
344 1151 554 1225 coruscant,
579 1149 677 1206 tanto
699 1135 851 1231 amplius
875 1159 937 1206 sua
959 1159 1034 1206 esse
1057 1134 1298 1224 demonstrat,
1326 1161 1394 1208 nec
1420 1136 1610 1209 hominum
1633 1138 1804 1234 pravitate

220 1281 285 1330 sua
301 1255 480 1353 inquinari
502 1279 629 1352 posse,
650 1269 686 1326 et
702 1252 815 1351 qualis
835 1255 879 1325 sit
898 1253 1062 1326 fidelibus
1077 1255 1312 1352 spectandus,
1332 1259 1394 1354 qui
1412 1257 1517 1329 talem
1535 1283 1573 1330 se
1591 1257 1735 1330 exhibet
1752 1260 1804 1330 iu·

220 1375 395 1448 fidelibus.
413 1379 591 1464 Quantam
610 1389 730 1446 autem
746 1372 842 1470 apud
859 1372 1020 1448 infideles
1033 1373 1239 1471 dignitatern
1255 1376 1383 1448 devota
1402 1376 1460 1448 illa
1479 1377 1619 1478 templis
1637 1379 1805 1477 pudicitia

221 1499 266 1568 sit
283 1495 434 1594 adepta,
453 1495 608 1567 vindicta
626 1492 826 1565 violationis
848 1492 993 1566 indicat.
1014 1498 1131 1580 Quam
1150 1494 1281 1566 scilicet
1299 1495 1492 1568 vindictam
1511 1498 1688 1570 luvenalis
1705 1524 1805 1570 corn·

222 1639 426 1688 memorans
444 1615 479 1686 in
499 1618 546 1685 lV
559 1628 674 1709 satyra
694 1616 828 1684 Contra
848 1615 1067 1710 Crispinum,
1086 1615 1136 1685 sic
1156 1614 1202 1686 de
1220 1615 1298 1712 ipso
1316 1616 1364 1686 ait
1378 1619 1411 1684 ¹:

834 1812 985 1893 Cumque
1000 1828 1095 1891 nuper
1110 1811 1213 1874 vitiata
1223 1811 1343 1892 jioebat

543 1916 697 1996 Sanguine
710 1912 811 1977 adhuc
824 1913 894 1974 vivo
909 1921 1020 1975 terrem
1034 1911 1173 1975 subitura
1187 1914 1340 1976 sacerdos.

224 2114 327 2186 Unde
344 2129 380 2184 et
399 2113 612 2209 Augustinus
629 2111 672 2182 de
693 2114 839 2183 Ciuitate
862 2115 951 2197 Dei,
980 2110 1041 2183 lib.
1068 2114 1136 2182 tlt·
1161 2138 1169 2181 t
1197 2142 1215 2179 a
1233 2115 1321 2184 Nam
1344 2125 1378 2182 et
1397 2113 1483 2210 ipsi,
1503 2139 1519 2178 u
1540 2115 1676 2211 inquit,
1704 2145 1721 2182 a
1738 2121 1806 2187 lto-

224 2235 319 2305 mani
340 2233 475 2330 antiqui
503 2233 539 2302 in
565 2247 689 2330 stupro
716 2231 871 2303 detectas
891 2236 1003 2304 Vestae
1025 2230 1228 2304 sacerdotes
1246 2232 1342 2305 vivas
1360 2231 1600 2306 defodiebant.
1624 2235 1808 2309 adulteras

222 2368 341 2426 autem
365 2352 513 2424 feminas
533 2353 697 2449 quamvis
723 2351 839 2449 aliqua
868 2351 1119 2444 damnatione,
1142 2351 1240 2422 nulla
1266 2367 1383 2424 tamen
1413 2369 1528 2425 morte
1554 2355 1804 2452 plectebant.»

225 2478 343 2570 Usque
365 2472 456 2546 adeo
474 2473 613 2570 gravius
633 2497 712 2570 quae
737 2471 911 2570 putabant
934 2471 1055 2544 abdita
1077 2472 1219 2562 divina,
1240 2497 1350 2569 quam
1365 2472 1524 2546 humana
1543 2475 1673 2549 cubilia
1695 2477 1808 2548 vindi·

222 2593 363 2667 cabant.
385 2593 487 2693 Apud
509 2618 576 2664 nos
595 2608 715 2666 autem
733 2593 1009 2664 christianorum
1026 2617 1111 2664 cura
1130 2594 1332 2691 principum
1359 2607 1459 2666 tanto
1479 2594 1630 2694 amplius
1654 2601 1810 2669 nostra*

223 2714 380 2813 providit
397 2713 634 2802 castimoniae,
656 2727 792 2810 quanto
812 2737 891 2784 earn
918 2713 1130 2784 sanctiorem
1154 2739 1230 2785 esse
1252 2737 1325 2785 non
1354 2713 1548 2786 dubitatur.
1581 2716 1684 2788 Unde
1706 2719 1810 2788 lusti·

226 2837 353 2906 nianus
374 2837 595 2929 Augustus⁸z
620 2861 637 2901 a
652 2832 688 2902 si
705 2832 803 2929 quis,
822 2859 840 2900 a
862 2832 999 2929 inquit,
1023 2861 1042 2900 tt
1063 2857 1136 2904 non
1156 2831 1272 2904 dicam
1295 2857 1438 2930 rapere,
1464 2835 1527 2905 sed
1548 2849 1719 2907 attentare
1734 2852 1810 2908 tan-

223 2970 322 3044 tum,
344 2978 448 3026 causa
463 2952 638 3050 jungendi
657 2953 948 3043 matrimonium,
971 2976 1088 3024 sacras
1105 2953 1257 3049 virgines
1273 2975 1379 3024 ausus
1397 2953 1522 3043 luerit,
1543 2954 1685 3050 capitali
1703 2980 1808 3052 poena

224 3078 378 3150 feriatur.
400 3105 417 3142 u
438 3074 686 3148 Ecclesiasticae
711 3099 856 3172 quoque
884 3075 1018 3146 sanctio
1043 3073 1254 3172 disciplinae,
1284 3099 1362 3172 quae
1389 3076 1604 3172 poenitentiae
1627 3076 1806 3166 remedia,

224 3223 299 3272 non
325 3202 449 3270 mortis
475 3197 648 3296 supplicia
673 3198 818 3293 quaerit,
839 3219 947 3292 quam
974 3219 1096 3268 severa
1121 3196 1296 3268 sententia
1318 3195 1438 3294 lapsus
1462 3211 1600 3268 vestros
1620 3200 1810 3297 praeveniat

224 3343 299 3390 uon
324 3333 381 3388 est
399 3315 561 3388 dubium.
585 3314 688 3387 Unde
717 3313 805 3386 illud
824 3330 877 3387 est
896 3316 1093 3387 lnnocentii
1113 3339 1214 3414 papae
1241 3314 1406 3390 Victricio
1434 3317 1602 3416 episcopo
1624 3317 1809 3388 rothoma-

224 3442 344 3537 gensi,
366 3462 444 3537 cap.
470 3441 552 3510 xin'
572 3467 579 3507 :
600 3465 618 3506 a
635 3441 722 3525 Quae
742 3436 883 3509 Christo
905 3435 1132 3535 spiritualiter
1149 3433 1311 3526 nubunt,
1332 3450 1367 3508 et
1387 3459 1406 3507 a
1427 3435 1612 3509 sacerdote
1628 3437 1808 3530 velantur,

224 3563 253 3631 si
276 3575 400 3658 postea
418 3558 474 3632 vel
495 3557 636 3656 publice
655 3557 866 3655 nupserint,
895 3555 951 3629 vel
970 3554 1109 3628 occulte
1126 3570 1303 3655 corruptae
1332 3557 1485 3647 luerint,
1512 3581 1587 3628 non
1606 3582 1664 3629 eas
1686 3557 1811 3630 admit-

153 3709 162 3722 ·
225 3681 352 3752 tendas
370 3703 447 3750 esse
471 3678 515 3750 ad
542 3676 718 3776 agendam
735 3677 1001 3776 poenitentiam,
1023 3677 1088 3748 nisi
1112 3677 1141 3746 is
1164 3676 1221 3748 cui
1246 3701 1284 3747 se
1309 3677 1568 3772 conjunxerant
1589 3676 1721 3749 dehac
1741 3681 1811 3751 vita

225 3799 436 3872 discesserit.
455 3826 472 3866 u
497 3801 558 3869 liae
577 3821 684 3888 vero,
705 3821 784 3894 quae
799 3795 955 3870 necdum
974 3819 1075 3866 sacro
1092 3792 1268 3866 velamine
1288 3809 1408 3885 tectae,
1428 3810 1547 3867 tamen
1570 3798 1607 3866 in
1626 3800 1811 3895 proposito

225 3919 387 4018 virginali
405 3941 545 4015 semper
560 3942 599 3989 se
610 3916 853 3988 simulaverint
866 3937 1098 4013 permanere,
1117 3913 1199 3984 licet
1213 3911 1334 3985 vetatae
1353 3939 1426 3986 non
1444 3916 1593 4006 luerint,
1609 3915 1663 3989 bis
1676 3918 1812 4015 agenda

227 4041 410 4137 aliquanto
429 4053 590 4136 tempore
610 4037 816 4137 poenitentia
834 4050 912 4107 est:
935 4033 1019 4130 quia
1039 4033 1185 4130 sponsio
1205 4057 1327 4105 earum
1345 4058 1365 4106 a
1382 4037 1539 4106 Domino
1561 4037 1759 4109 tenebatur.
1778 4041 1812 4108 Si

226 4184 313 4232 vero
332 4161 424 4232 inter
447 4157 612 4229 homines
629 4155 720 4232 solet
746 4155 851 4228 bonae
878 4152 959 4225 fidei
987 4167 1190 4226 contractus
1208 4151 1303 4224 nulla
1323 4155 1460 4226 ratione
1480 4155 1647 4247 dissolvi,
1677 4174 1812 4255 quanto

227 4282 339 4377 magis
357 4280 422 4350 ista
435 4277 664 4376 pollicitatio,
689 4300 799 4373 quam
817 4299 900 4346 cum
922 4278 1000 4345 Deo
1019 4275 1249 4372 pepigerunt,
1273 4274 1363 4345 solvi
1381 4275 1457 4346 sine
1475 4275 1633 4347 vindicta
1652 4303 1725 4349 nou
1750 4303 1813 4375 po-

225 4402 333 4475 terit?
351 4405 440 4472 Nam
458 4401 487 4470 si
505 4399 687 4498 apostolus
707 4396 858 4469 Paulus⁷
869 4448 879 4482 ,
902 4419 1018 4492 quaea
1039 4396 1226 4493 proposito
1252 4393 1432 4466 viduitatis
1453 4395 1703 4488 discesserant,
1725 4399 1813 4470 dixit

223 4547 286 4594 eas
304 4519 437 4593 babere
452 4519 815 4607 condemnationem,
836 4516 920 4612 quia
932 4515 1085 4613 primam
1103 4512 1211 4585 fidem
1231 4513 1366 4585 irritam
1382 4514 1565 4586 lecerunt:
1586 4531 1721 4612 quanto
1742 4541 1815 4588 rna·

221 4643 280 4738 gis
307 4640 481 4737 virgines,
521 4663 600 4734 quae
627 4639 755 4737 prioris
782 4635 1037 4735 propositionis
1063 4631 1172 4706 fidem
1200 4633 1347 4704 minime
1374 4633 1630 4705 servaverunt?
1659 4637 1748 4706 Hinc
1781 4653 1814 4709 et

223 4761 390 4857 Pelagius
407 4758 465 4830 ille
483 4756 648 4830 notabilis
666 4757 712 4828 ad
734 4755 842 4828 filiam
860 4753 1013 4826 Mauritii
1031 4780 1039 4824 t
1065 4753 1333 4825 «criminosior
1351 4767 1421 4843 est,
1438 4781 1457 4821 a
1488 4754 1622 4850 inquit,
1655 4785 1672 4823 κ
1686 4755 1814 4828 Christi

218 4881 390 4954 adultera
407 4904 515 4977 quarn
534 4879 662 4952 mariti.
692 4875 796 4949 Unde
816 4875 965 4974 pulchre
993 4897 1143 4946 romana
1171 4873 1316 4945 ecclesia
1342 4887 1415 4944 tam
1441 4898 1599 4946 severam
1625 4899 1739 4972 nuper
1770 4877 1814 4947 de

265 5109 273 5134 ⁸
292 5109 340 5158 vn.
353 5107 382 5159 S.
398 5109 482 5171 Grec„
493 5115 558 5160 auct.
567 5105 622 5158 toti.
635 5105 757 5166 Diacono,
768 5103 812 5154 lib.
824 5103 862 5164 ll,
875 5118 931 5170 cap.
942 5117 1006 5165 xtrv,
1038 5099 1081 5152 lib.
1103 5101 1129 5160 l,
1142 5101 1179 5152 tit.
1197 5116 1236 5160 ιιι,
1249 5101 1297 5166 leg.
1310 5103 1335 5152 t.
1350 5125 1383 5139 -
1392 5098 1404 5129 ⁸
1414 5099 1469 5152 vid.
1484 5101 1588 5164 teneat.
1601 5117 1694 5152 remon.
1710 5103 1816 5163 Pontifi-

220 5197 295 5257 Opp.
307 5203 326 5244 t.
342 5192 384 5256 tt,
397 5193 446 5244 col.
458 5193 533 5243 ta.-
543 5189 554 5218 ¹
564 5190 618 5242 Juv.
628 5191 723 5256 Satur,
734 5187 776 5251 ill,
785 5203 809 5240 ι.
820 5190 845 5239 a.
857 5213 875 5223 -
889 5186 899 5215 ⁸
910 5186 971 5254 Cap.
982 5201 1007 5248 r,
1040 5202 1110 5246 eam,
1122 5185 1186 5237 stud.
1199 5195 1225 5236 et
1238 5185 1286 5236 leb.
1301 5186 1328 5237 t.
1345 5186 1470 5236 Consum.
1492 5183 1601 5246 Parisiis.
1626 5189 1698 5246 itti,
1719 5187 1815 5245 iri-tol„

219 5275 404 5342 oppetit,
425 5277 472 5328 col.
491 5274 703 5328 tta-‘teme
720 5272 1006 5332 treton-dcet„
1040 5269 1357 5338 pata-'timorist
1371 5285 1426 5336 cap.
1439 5285 1501 5332 v,r.
1516 5271 1555 5322 12.
