4576 6100
785 586 843 655 DE
868 584 1037 690 SANCTD
1062 585 1206 655 PETllO
1231 585 1392 654 SERMO.
1811 586 1881 656 507

299 721 335 794 in
353 748 429 812 me,
452 728 589 823 majora
605 726 738 798 horum
754 725 871 814 saciet,
885 754 903 794 n
921 741 963 798 ut
978 727 1066 798 dixit
1082 727 1291 824 generaliter
1311 727 1536 824 quicunque,
1556 727 1606 797 sic
1622 726 1819 822 specialiter
1835 726 1882 799 ad

297 844 514 940 singularem
533 847 773 918 constantiam
790 845 874 917 fidei
894 847 986 918 Petri
1004 847 1099 918 visus
1120 861 1173 918 est
1188 845 1360 917 retulisse.
1385 844 1579 917 Mirabilius
1595 846 1797 918 autem'luit
1813 845 1881 916 mi-

298 966 460 1041 raculum
481 967 616 1040 umbrae
637 969 747 1056 Petri,
770 991 879 1065 quam
899 967 1048 1039 limbriae
1074 966 1215 1038 Christi.
1242 966 1397 1039 Fimbria
1417 968 1550 1064 quippe
1571 965 1704 1062 aliquid
1726 967 1882 1038 veritatis

298 1087 420 1177 habet,
439 1090 567 1162 umbra
582 1115 670 1163 vero
685 1089 955 1162 similitudinem
970 1104 1085 1178 tenet,
1105 1105 1140 1160 et
1155 1089 1215 1161 illa
1230 1103 1429 1187 permanet,
1447 1088 1522 1160 haec
1541 1088 1706 1185 praeterit.

347 1208 455 1296 Quod
475 1210 504 1280 si
524 1209 717 1306 posthanc
733 1209 988 1281 miraculorum
1006 1210 1172 1306 gratiam,
1193 1208 1404 1304 dignitatem
1421 1233 1567 1305 quoque
1584 1209 1753 1301 honoris,
1772 1233 1879 1308 quam

299 1331 422 1398 Petrus
438 1351 461 1398 a
474 1329 633 1400 Domino
650 1343 703 1400 est
718 1329 881 1427 adeptus,
897 1329 1178 1414 consideremus
1191 1328 1391 1399 videbimus
1405 1327 1527 1398 sedem
1544 1331 1638 1399 Petri
1652 1331 1718 1428 ipsi
1737 1356 1882 1429 quoque

298 1448 451 1544 propriae
472 1448 549 1520 sedi
572 1451 654 1538 Dei,
681 1474 799 1548 quam⁴
812 1449 859 1522 ab
884 1451 986 1521 initio
1013 1449 1242 1544 lerosolymis
1266 1446 1410 1535 hahuit,
1434 1449 1662 1545 praeminere,
1684 1465 1723 1520 ut
1749 1475 1790 1521 ex
1811 1451 1882 1526 hoc

296 1567 404 1640 etiam
430 1569 703 1666 quodammodo
729 1572 767 1641 in
794 1571 895 1642 terris
923 1569 1083 1641 Christus
1110 1569 1275 1641 videatur
1301 1567 1478 1666 preferre.
1509 1570 1597 1654 Quis
1624 1571 1720 1640 enim
1749 1575 1882 1646 nesciat

297 1689 411 1786 ipsam
434 1716 580 1789 quoque
594 1692 924 1789 jerosolymitanam
944 1690 1151 1780 Ecclesiam,
1166 1693 1258 1763 sieut
1275 1705 1312 1761 et
1326 1705 1485 1777 caeteras‚
1505 1714 1663 1762 romanae
1677 1691 1882 1788 subjacere?

297 1811 414 1895 Quam
430 1797 551 1882 tamen
566 1813 760 1884 Ecclesiam
781 1813 898 1908 ipsum
917 1811 1062 1883 fratrem
1079 1812 1227 1882 Domini
1243 1809 1417 1883 Jacohum
1434 1809 1590 1906 primum
1610 1808 1778 1884 habuisse
1793 1840 1881 1886 con·

296 1941 366 1998 stat
382 1930 607 2027 episcopum;
629 1955 696 2002 nec
712 1946 833 2002 tamen
849 1929 909 2001 illa
925 1931 1000 2025 ejus
1016 1931 1132 2026 prima
1150 1929 1318 2000 cathedra
1335 1928 1391 2000 vel
1409 1943 1617 1999 caeterorum
1635 1931 1882 2025 apostolorum

297 2045 523 2120 festivitatem
539 2051 576 2121 in
594 2050 751 2122 Ecclesia
770 2064 996 2139 meruerunt,
1023 2065 1063 2121 ut
1082 2050 1153 2120 hoc
1174 2050 1241 2119 soli
1264 2054 1368 2120 Petro
1385 2048 1608 2146 privilegium
1627 2069 1880 2128 reservaretur.

296 2165 366 2253 Qui
383 2168 490 2242 etiam
506 2169 771 2242 successorihus
791 2171 864 2240 suis
881 2169 918 2240 in
935 2169 1115 2265 Sylvestro
1131 2193 1225 2267 papa
1246 2167 1282 2238 id
1300 2169 1455 2265 propriis
1471 2169 1657 2265 acquisivit
1672 2173 1823 2262 meritis,
1844 2194 1883 2249 ut

297 2285 465 2385 deinceps
486 2313 657 2360 romanus
681 2291 841 2386 pontifex
860 2290 1013 2360 vicarius
1037 2313 1183 2385 quoque
1208 2289 1435 2359 Constantini
1459 2289 1496 2358 in
1522 2288 1613 2360 urbe
1636 2291 1811 2388 imperiali
1835 2297 1882 2368 ab

297 2409 375 2504 ipso
388 2409 615 2497 constitutus,
627 2433 649 2479 a
662 2433 736 2504 quo
751 2424 787 2479 et
799 2410 967 2502 insignia,
982 2432 1061 2504 quae
1070 2407 1164 2478 hanc
1182 2422 1357 2478 exornant
1373 2406 1583 2503 dignitatem
1596 2433 1765 2483 concessa
1779 2405 1879 2508 sunt;

296 2526 397 2620 quasi
409 2527 510 2622 juxta
525 2527 691 2598 ordinem
708 2523 968 2596 Melchisedech
985 2523 1162 2622 perlectus
1180 2540 1253 2597 tam
1269 2525 1481 2596 sacerdotali
1497 2551 1606 2622 quam
1627 2531 1722 2624 regia
1740 2539 1883 2628 praemi.

297 2663 397 2719 neret
412 2648 597 2744 dignitate,
611 2663 651 2718 ut
667 2648 703 2716 in
722 2645 884 2718 Ecclesia·
895 2651 1031 2734 Petrus,
1049 2648 1085 2716 in
1102 2646 1193 2717 urhe
1207 2651 1322 2718 Caesar
1335 2646 1522 2718 habeatur.
1545 2651 1734 2722 Geminam
1751 2657 1884 2754 qnippe

296 2769 445 2862 gratiam
462 2767 590 2838 tamin
607 2767 808 2837 constantia
823 2765 906 2835 srdei
923 2790 1032 2861 quam
1054 2767 1090 2836 in
1116 2765 1255 2837 servore
1274 2766 1474 2837 dilectionis
1492 2767 1659 2865 adeptus,
1679 2786 1752 2842 tam
1768 2777 1880 2847 eccle-

295 2888 472 2960 siasticam
487 2911 598 2984 quam
609 2887 742 2982 regiam
759 2887 890 2956 meruit
904 2885 972 2957 sibi
990 2885 1237 2958 monarchiam
1253 2885 1447 2957 vindicare.
1468 2889 1608 2958 Caeteris
1627 2891 1760 2989 quippe
1783 2894 1884 2968 disci·

295 3006 463 3102 pulcrum
479 3007 688 3104 opinionem
705 3003 895 3075 hominum
912 3007 1035 3101 magis,
1054 3031 1163 3103 quarn
1180 3006 1412 3078 assertionem
1428 3029 1530 3076 suam
1546 3005 1592 3077 de
1609 3005 1749 3080 Christo
1766 3015 1882 3108 prose·

295 3125 637 3222 rentibus,etquum
654 3127 728 3222 ipse
747 3125 923 3197 Dominus
943 3125 990 3197 ab
1007 3127 1056 3197 eis
1073 3127 1292 3223 requisisset¹
1314 3155 1322 3196 :
1343 3155 1359 3194 n
1378 3131 1451 3197 Vos
1468 3143 1587 3198 autem
1604 3153 1711 3224 quem
1728 3157 1787 3202 me
1804 3159 1881 3207 esse

295 3245 429 3316 dicitis?
443 3274 460 3312 n
480 3247 582 3342 quasi
602 3245 721 3317 adhuc
732 3245 930 3316 haesitando
951 3245 1197 3335 reticentibus,
1221 3250 1343 3316 Petrus
1365 3261 1404 3316 ut
1423 3245 1635 3318 lluctuantes
1651 3249 1881 3325 confirmaret

295 3363 513 3462 respondere
529 3388 604 3435 non
621 3363 778 3434 distulit¹
796 3390 804 3433 ε
826 3367 907 3433 «Tu
924 3389 961 3434 es
979 3362 1140 3434 Christus
1157 3363 1262 3435 Filius
1278 3366 1344 3434 Dei
1354 3365 1438 3434 vivi.
1458 3393 1475 3430 u
1496 3365 1599 3436 Unde
1615 3369 1732 3438 statim
1751 3374 1883 3467 specia-

294 3488 373 3558 liter
394 3511 436 3558 ac
457 3486 554 3558 solus
579 3484 705 3557 heahrs
731 3509 752 3556 a
777 3486 936 3556 Domino
961 3483 1193 3583 praedicatur,
1219 3510 1261 3556 ac
1284 3485 1510 3580 singulariter
1525 3486 1749 3584 privilegium
1767 3491 1880 3564 eccle·

292 3607 438 3680 siasticae
454 3607 639 3703 potestatis
651 3606 830 3703 suscipere
843 3619 1012 3692 meretur,
1026 3631 1139 3701 quum
1150 3605 1182 3675 ei
1193 3629 1212 3676 a
1225 3607 1384 3676 Domino
1397 3620 1511 3676 totum
1523 3606 1697 3678 coelorum
1714 3613 1876 3706 regnum,

293 3749 367 3797 non
392 3751 492 3824 pars,
521 3727 553 3797 ei
581 3722 913 3796 commendandum
939 3748 960 3795 a
981 3707 1123 3794 Christo
1151 3725 1390 3820 promittitur³
1410 3751 1417 3794 :
1440 3752 1458 3791 n
1469 3724 1546 3795 Tibi
1572 3723 1687 3814 dabo,
1703 3754 1720 3793 n
1748 3729 1875 3827 inquit,

294 3846 444 3920 «claves
462 3847 562 3941 regni
578 3844 764 3916 coelorum.
780 3872 799 3908 n
818 3844 988 3929 Quamvis
1005 3844 1101 3913 enim
1118 3843 1368 3937 generabiliter
1382 3844 1519 3914 dictum
1536 3845 1586 3916 sic
1603 3845 1878 3947 omnibusapo·

292 3964 410 4036 stolis*
429 3991 437 4035 ε
460 3969 718 4060 «Quaecunque
745 3961 908 4058 ligaveris
932 3977 1208 4058 superterram,
1231 3977 1315 4049 etc,
1330 3991 1347 4027 n
1376 3962 1441 4032 soli
1468 3978 1587 4034 tamen
1612 3968 1716 4036 Petro
1733 3968 1879 4066 insuper

292 4083 409 4156 claves
426 4085 525 4180 regni
541 4082 715 4154 coelomm
731 4081 823 4153 datae
838 4097 933 4154 sunt.
958 4082 1056 4152 Sicut
1072 4082 1168 4152 enim
1190 4082 1309 4153 multae
1325 4083 1484 4173 ciuitates
1500 4084 1635 4154 suntin
1654 4109 1728 4155 uno
1744 4111 1874 4183 regno,
1996 4157 2000 4166 ,

293 4205 342 4275 ita
366 4202 486 4274 multae
508 4216 626 4299 partes
649 4203 685 4274 in
709 4202 845 4299 populo
872 4200 1080 4272 christiano.
1111 4206 1272 4297 Regnum
1295 4203 1414 4298 itaque
1437 4201 1567 4273 Christi
1592 4204 1799 4276 universalis
1824 4226 1877 4281 est

295 4323 468 4410 Ecclesia,
491 4324 540 4394 ita
556 4323 593 4392 in
610 4336 824 4420 potestatem
845 4323 937 4392 Petri
960 4320 1108 4410 tradita,
1128 4336 1167 4392 ut
1183 4321 1271 4392 nihil
1288 4323 1324 4392 in
1341 4345 1384 4393 ea
1400 4321 1475 4392 sieri
1493 4323 1560 4392 nisi
1577 4321 1803 4397 ordinatione
1819 4329 1876 4400 vel

246 4463 252 4474 ’
294 4443 528 4538 permissione
544 4441 647 4514 liceat
662 4442 803 4513 romani
819 4439 1015 4538 pontificis3
1035 4441 1152 4511 nullus
1168 4441 1257 4512 alius
1274 4441 1476 4536 generalem
1497 4465 1604 4538 super
1620 4465 1746 4512 omnes
1767 4443 1877 4518 habet
1985 4463 1989 4470 '

294 4563 700 4636 excommunicationem
715 4561 772 4634 vel
789 4561 1065 4634 ahsolutionem.
1089 4563 1160 4649 Qui
1180 4563 1288 4633 etiam
1305 4561 1489 4634 nonnullis
1503 4560 1760 4658 discipulorum
1777 4591 1875 4638 rece·

293 4681 478 4773 dentibus,
503 4698 539 4754 et
561 4682 729 4754 omnibus
750 4682 944 4780 plurimum
960 4679 1225 4771 dubitantibus,
1243 4681 1356 4779 quum
1372 4682 1422 4752 eis
1439 4683 1615 4752 Dominus
1631 4683 1846 4778 requireret⁸
1864 4715 1873 4759 ε

297 4827 316 4870 n
331 4802 498 4900 Nunquid
518 4816 554 4874 et
574 4827 640 4874 vos
660 4801 766 4873 vultis
786 4801 905 4874 abire?
925 4829 943 4868 »
970 4817 1142 4898 tanquam
1167 4799 1300 4874 scilicet
1326 4801 1364 4872 in
1391 4799 1551 4898 quodam
1576 4801 1760 4872 anxietatis
1789 4805 1875 4876 arti-

294 4922 612 5031 culocopstitutus,
624 4946 851 5020 nequaquam
867 4921 1014 4993 reticere
1031 4924 1154 4993 Petrus
1170 4921 1347 4992 sustinens
1363 4919 1589 5019 respondit⁶:
1605 4949 1622 4988 n
1638 4921 1811 5013 Domine,
1830 4926 1876 4997 ad

328 5183 336 5210 ¹
355 5182 451 5246 Eatth„
463 5199 519 5250 cap.
532 5200 587 5244 xn,
600 5200 624 5235 v.
641 5185 681 5235 16.
691 5183 742 5224 -'
752 5183 826 5243 lhid..
840 5199 864 5235 v.
879 5181 1581 5248 ts.-⁸1btd.,r.ta.--⁴tbtd.-'tuan.‚eap.n‚r.
1597 5184 1680 5236 88.-
1690 5183 1701 5212 ⁰
1713 5185 1787 5250 tud,
1797 5203 1822 5239 r.
1832 5189 1876 5241 δῦ.
