4522 6104
540 589 717 662 CONTRA
742 589 962 676 QUEMDAM
988 589 1243 664 CANONlCUM
1267 589 1551 662 REGULAREM.
1768 589 1839 662 689

253 746 309 804 est
324 731 438 819 solus,
458 730 546 829 quid
562 731 647 804 sacis
663 733 700 803 in
717 730 885 822 urbibus,
908 757 987 829 quae
1007 733 1130 831 utique
1150 758 1226 804 non
1247 747 1332 804 sunt
1352 732 1513 804 solorum
1533 730 1754 820 habitacula,
1777 732 1841 804 sed

255 851 473 924 multorum?
499 851 615 924 Habet
640 851 926 950 unumquodque
950 853 1176 951 propositum
1202 853 1381 950 principes
1407 876 1491 923 suos
1505 879 1514 922 :
1530 865 1583 940 et,
1601 865 1642 922 ut
1657 849 1704 923 ad
1718 853 1842 924 nostra

255 973 459 1062 veniamus,
478 971 638 1071 episcopi
654 971 901 1070 etpresbyteri
917 971 1076 1044 habeant
1096 974 1133 1045 in
1154 972 1357 1072 exemplum
1374 971 1557 1072 apostolos
1574 987 1610 1043 et
1625 971 1843 1070 apostolicos

256 1093 353 1164 viros
373 1093 752 1190 :quorum-honorem
767 1092 1007 1192 possidentes,
1025 1093 1159 1166 habere
1176 1095 1337 1166 nitantur
1357 1109 1392 1165 et
1417 1094 1598 1165 meritum.
1626 1096 1698 1164 Nos
1724 1107 1844 1164 autem

257 1211 454 1283 habeamus
474 1212 651 1311 propositi
676 1213 791 1284 nostri
813 1213 1013 1310 principes,
1036 1213 1182 1304 Paulos,
1209 1214 1402 1302 Antonios,
1426 1212 1603 1304 Julianos,
1626 1212 1843 1303 Hilariones,

258 1331 471 1422 MacharioS,
481 1346 538 1422 et,
558 1347 597 1403 ut
613 1331 659 1404 ad
676 1332 941 1431 Scripturarum
958 1334 1206 1406 auctoritatem
1223 1334 1391 1424 redeam,
1414 1348 1536 1406 noster
1554 1334 1721 1433 princeps
1738 1331 1844 1421 Elias,

259 1469 381 1526 noster
399 1454 560 1543 Elisaeus,
588 1455 702 1526 nostri
727 1455 837 1526 duces
860 1454 922 1526 filii
947 1455 1225 1554 prophetarum,
1244 1457 1308 1554 qui
1322 1454 1533 1528 habitabant
1548 1455 1585 1527 iu
1602 1456 1694 1552 agris
1711 1469 1747 1526 et
1762 1453 1848 1526 soli·
1953 1439 1960 1450 ’

259 1574 457 1665 tudinibus,
475 1589 512 1646 et
527 1574 706 1648 faciebant
724 1575 791 1648 sibi
814 1576 1044 1650 tabernacula
1067 1595 1183 1676 prope
1203 1577 1339 1649 lluenta
1356 1577 1535 1649 iordanis.
1560 1581 1614 1648 De
1629 1577 1685 1648 his
1707 1590 1791 1647 sunt
1813 1590 1849 1647 et

258 1693 310 1765 illi
326 1693 389 1764 lilii
410 1693 574 1784 Rechab,
593 1696 655 1792 qui
671 1695 797 1766 vinum
813 1710 849 1767 et
867 1697 1017 1768 siceram
1034 1721 1109 1768 non
1130 1694 1322 1786 bibebant,
1341 1697 1404 1794 qui
1422 1695 1657 1768 morabantur
1668 1696 1712 1780 ¹in
1728 1709 1849 1767 tento·

259 1815 333 1905 riis,
352 1815 415 1913 qui
431 1817 496 1886 Dei
513 1841 578 1913 per
593 1817 783 1889 Jeremiam
799 1842 889 1889 voce
901 1817 1094 1892 laudantur
1104 1823 1126 1908 ¹,
1146 1833 1182 1890 et
1197 1819 1419 1916 promittitur
1430 1818 1493 1906 eis,
1508 1817 1608 1916 quod
1620 1843 1695 1889 non
1708 1815 1850 1890 deliciat

260 1935 306 2007 de
322 1937 432 2034 stirpe
448 1961 576 2008 eorum
592 1938 648 2008 vir
662 1953 761 2010 stans
778 1963 903 2010 coram
919 1939 1091 2010 Domino.
1111 1943 1183 2009 Nec
1199 1937 1465 2026 sclum'Eliam,
1484 1940 1545 2035 qui
1562 1939 1599 2009 in
1617 1939 1766 2035 antiquo
1782 1945 1850 2036 po'·

260 2056 347 2156 pulo
365 2070 484 2128 tantus
501 2057 645 2147 enituit,
665 2073 705 2129 ut
727 2061 763 2129 in
790 2058 921 2130 coelum
935 2060 1037 2130 vivus
1058 2058 1195 2130 sustolli
1208 2061 1428 2144 mereretur,
1451 2060 1546 2130 inter
1561 2074 1705 2131 nostros
1721 2058 1851 2129 mirare

261 2181 440 2279 principes
460 2181 723 2252 :verumetiam
748 2186 925 2266 loannem
947 2181 984 2251 in
1009 2181 1135 2279 spiritu
1160 2181 1235 2276 ejus
1259 2181 1486 2272 venientem,
1515 2196 1550 2253 et
1577 2180 1679 2279 quasi
1700 2179 1852 2255 alterum

262 2299 388 2390 Elium,
410 2301 467 2372 cui
483 2302 660 2372 Dominus
671 2316 813 2372 tantum
829 2302 1075 2373 testimonium
1092 2300 1210 2390 dedit,
1230 2317 1270 2372 ut
1286 2327 1353 2399 pro
1370 2303 1565 2376 eminentia
1579 2303 1660 2373 vitre
1676 2303 1794 2399 ipsum
1811 2325 1853 2372 ea

261 2421 469 2493 testimonio
489 2420 676 2520 propheta
696 2421 864 2518 angelum
880 2438 1123 2520 nuncuparet,
1137 2439 1142 2448 '
1154 2448 1222 2495 nec
1247 2421 1365 2494 solum
1390 2422 1594 2520 prophetis,
1618 2421 1853 2493 verumetiam

263 2542 436 2616 universis
460 2541 669 2614 hominibus
693 2543 897 2615 anteferret.
925 2548 979 2615 De
1000 2568 1074 2641 quo
1096 2558 1131 2614 et
1151 2544 1428 2640 Chrysostomus
1451 2543 1617 2613 Homelia
1643 2541 1852 2637 Evangelio

264 2687 345 2734 rum
359 2659 447 2733 xxm
463 2686 543 2759 quae
559 2663 610 2732 sic
627 2663 752 2759 incipit
772 2689 779 2732 ε
803 2666 886 2732 «De
907 2666 1046 2733 Joanne
1063 2662 1194 2733 dicitur
1214 2689 1222 2732 :
1245 2663 1355 2733 «Fuit
1371 2661 1484 2732 homo
1500 2662 1661 2732 missusa
1678 2665 1758 2732 Deo
1768 2715 1776 2750 ,
1796 2660 1854 2730 cui

267 2811 285 2850 u
305 2805 439 2852 nomen
457 2795 533 2853 erat
549 2785 718 2852 Joanues.
734 2809 752 2849 a
772 2781 892 2852 Gratia
910 2781 948 2852 in
964 2779 1113 2852 homine
1125 2780 1458 2878 comprehenditur,
1472 2786 1628 2852 loannes
1640 2779 1738 2851 enim
1749 2779 1855 2850 inter·

265 2899 425 3004 pretatur
438 2901 503 2973 Dei
520 2901 649 2998 gratia,
665 2901 750 2998 quia
766 2902 941 2999 majorem
959 2903 1096 3000 accepit
1113 2902 1275 2997 gratiam.
1294 2906 1488 2999 Propterea
1504 2901 1540 2971 in
1558 2925 1680 2971 eremo
1696 2899 1855 2999 philoso-

265 3022 417 3123 phatur,
445 3038 481 3095 et
504 3031 661 3094 reservat
685 3023 779 3094 sein
808 3022 1004 3094 adventum
1031 3022 1181 3112 Christi,
1202 3022 1287 3121 quia
1303 3021 1532 3093 nuntiaturus
1555 3036 1632 3093 erat
1656 3019 1850 3092 Christum.

265 3144 393 3216 Statim
415 3145 452 3215 in
474 3168 597 3215 eremo
617 3144 791 3232 nutritur,
810 3144 929 3215 statim
949 3142 999 3214 ibi
1016 3143 1144 3214 crescit
1163 3170 1171 3213 :
1191 3167 1267 3214 non
1283 3140 1459 3214 vulteum
1477 3140 1855 3214 hominibusconver·

266 3263 352 3354 sari,
376 3264 413 3333 in
439 3287 561 3333 eremo
587 3273 671 3333 cum
695 3261 829 3358 angelis
852 3259 1143 3360 philosophatur.
1171 3258 1421 3350 Considerate,
1441 3258 1628 3348 monachi,
1645 3259 1855 3356 dignitatern

266 3398 422 3456 vestram
439 3411 447 3451 ε
466 3388 624 3454 loannes
639 3383 808 3482 princeps
824 3384 931 3454 vestri
949 3399 1002 3455 est
1024 3383 1202 3480 dogmatis
1224 3383 1300 3481 ipse
1315 3382 1527 3454 monachus.
1553 3383 1679 3454 Statim
1696 3397 1736 3455 ut
1751 3381 1856 3455 natus'

268 3519 333 3595 est,
351 3505 388 3575 in
406 3528 528 3576 eremo
542 3503 648 3592 vivit,
667 3503 705 3574 in
722 3502 917 3575 solitudine
934 3504 1107 3594 nutritur,
1127 3503 1309 3575 Christum
1326 3503 1506 3602 exspectat
1521 3504 1558 3574 in
1578 3502 1785 3576 solitudine.
1806 3508 1858 3576 Eo

268 3638 445 3720 tempore,
464 3646 538 3720 quo
555 3626 655 3694 Jesus
671 3637 778 3694 natus
795 3637 861 3711 est,
881 3637 956 3694 erat
973 3624 1010 3694 in
1028 3647 1164 3695 eremo.
1186 3628 1261 3694 Hoc
1279 3622 1473 3722 templum,
1488 3621 1588 3722 quod
1604 3622 1767 3696 videmus
1784 3649 1860 3696 esse

269 3742 504 3832 destructum,
518 3758 671 3842 quantas
680 3741 838 3814 habebat
851 3743 1005 3832 divitias,
1020 3743 1108 3840 quid
1121 3743 1211 3833 auri,
1226 3743 1314 3840 quid
1322 3744 1471 3840 argenti,
1486 3744 1663 3843 losephus
1675 3743 1857 3836 describit,

270 3877 447 3962 quantum
470 3859 713 3960 gemmarum,
735 3877 911 3962 quantum
932 3865 1054 3952 serici,
1075 3865 1201 3962 quanti
1219 3880 1322 3936 erant
1338 3865 1558 3955 sacerdoteS,
1579 3866 1704 3938 scribae
1724 3882 1760 3939 et
1779 3868 1860 3938 uni·

271 4010 374 4058 versa
391 4009 521 4082 genera
546 3983 762 4057 officiorum.
791 3984 952 4056 Christus
978 3986 1014 4055 in
1041 3984 1177 4082 templo
1194 3985 1364 4077 nescitur,
1383 3986 1473 4056 etin
1490 4009 1612 4057 eremo
1629 3986 1856 4084 praedicatur.

272 4112 349 4180 Hoc
374 4121 492 4180 totum
519 4132 630 4207 quare
655 4107 758 4178 dico?
785 4111 832 4178 Ut
856 4105 1008 4178 doceam
1028 4106 1205 4204 dogmatis
1221 4107 1330 4178 vestri
1347 4107 1549 4206 principem
1568 4131 1644 4177 esse
1666 4107 1860 4204 Baptistam

272 4233 461 4301 toannem.
476 4257 494 4296 n
514 4227 682 4317 Audistis,
701 4226 840 4318 iratres,
856 4216 969 4298 nostri
987 4227 1121 4324 pariter
1136 4242 1172 4298 et
1186 4227 1295 4298 vestri
1310 4225 1488 4325 propositi
1504 4225 1684 4324 principes
1700 4207 1862 4326 superius

273 4349 458 4442 inductos,
477 4364 517 4423 ut
532 4351 717 4448 utriusque
734 4349 870 4422 ordinis
887 4349 1089 4422 differentia
1104 4349 1249 4421 clareat.
1275 4349 1311 4420 si
1328 4348 1489 4446 gaudetis
1513 4347 1696 4447 apostolos
1717 4373 1863 4447 quoque

274 4451 405 4542 vestris
415 4471 669 4542 connumerari
685 4469 921 4568 principibus,
941 4485 1048 4568 atque
1060 4467 1248 4568 pontifices
1265 4482 1341 4542 tam
1358 4467 1495 4541 Veteris
1510 4491 1620 4566 quam
1637 4470 1728 4540 Novi
1743 4474 1863 4542 Testa·

275 4591 387 4661 menti
404 4587 450 4661 ab
466 4590 546 4688 ipso
562 4588 727 4661 videlicet
738 4594 857 4660 Aaron
870 4590 1040 4687 usquead
1049 4593 1189 4661 Annam
1201 4604 1237 4661 et
1249 4587 1436 4686 Caipham,
1457 4613 1516 4678 ne,
1533 4587 1698 4679 obsecro,
1712 4588 1862 4662 doleatis

276 4709 389 4782 Eliam
402 4724 438 4780 et
454 4715 644 4800 loannem,
661 4710 814 4806 majores
830 4709 918 4799 istis,
932 4710 1046 4782 nostri
1057 4710 1168 4781 duces
1181 4735 1257 4782 esse
1273 4709 1462 4808 propositi.
1475 4709 1688 4781 Clericatum
1704 4735 1772 4809 pro
1787 4735 1865 4782 mo·

276 4829 433 4902 nachatu
450 4834 626 4901 Joannem
642 4843 882 4902 commutasse
898 4829 1050 4901 dubium
1066 4854 1142 4900 non
1160 4844 1213 4902 est
1228 4858 1236 4900 :
1252 4830 1312 4928 qui
1331 4854 1444 4927 quum
1459 4827 1552 4900 filius
1565 4827 1745 4927 pontificis
1757 4845 1861 4918 esset,

277 4950 336 5020 cui
352 4974 396 5022 eo
413 4964 576 5049 tempore
593 4947 807 5047 pontificalis
827 4948 981 5046 dignitas
1001 4947 1227 5022 haereditario
1245 4949 1326 5046 jure
1347 4945 1564 5048 debebatur,
1579 4948 1761 5022 civitatem
1780 4949 1864 5022 soli·

268 5204 274 5214 ’
314 5218 322 5244 ¹
340 5217 445 5280 larem„
456 5235 511 5286 cap.
525 5237 602 5274 xxxv.

404 5325 416 5367 l
