4496 6102
464 582 537 654 tto
1065 583 1193 656 retur
1220 585 1454 659 ABAEtlunt

461 722 593 818 ligitur,
610 752 627 790 u
641 722 761 796 villam
774 723 1017 816 Gethsemaui,
1032 752 1049 790 n
1065 725 1177 822 quod,
1198 725 1348 802 «locum
1365 725 1466 800 illum
1484 741 1580 800 trans
1596 739 1792 798 torrentem
1801 723 1959 812 Cedron,
1973 753 1991 792 a
2008 724 2052 796 ad

462 843 618 916 radicem
630 846 762 918 montis
774 845 903 920 Oliveti
917 845 1138 920 existentem.
1151 852 1272 934 Quum
1287 848 1429 940 dicitur,
1449 877 1467 918 u
1478 861 1673 922 torrentem
1683 847 1838 938 Cedron,
1850 874 1867 916 u
1880 848 2051 944 genitivus

462 989 595 1062 graecus
613 982 666 1038 est
685 997 703 1034 u
723 967 883 1059 Cedron,
900 997 918 1034 ιι
935 992 1001 1067 pro
1022 968 1301 1042 «cedrorum»
1319 975 1526 1046 Torrentem
1547 969 1689 1060 dicunt,
1709 970 1793 1068 quia
1814 971 1851 1040 in
1870 967 1961 1040 valle
1987 972 2050 1038 Jo-

461 1087 599 1185 saphat‚
621 1113 715 1185 aqua
729 1090 788 1162 illa
801 1089 957 1165 vicissim
968 1092 1098 1179 currit,
1118 1116 1193 1163 non
1211 1087 1364 1190 semper,
1382 1093 1420 1164 in
1433 1115 1504 1190 qua
1519 1107 1554 1164 et
1567 1089 1667 1164 cedri
1678 1105 1852 1165 crescunt.
1868 1090 1940 1176 Qui
1954 1087 2049 1160 locus

461 1208 607 1284 Abrahae
624 1191 750 1284 hortus
767 1227 858 1304 erat,
877 1215 939 1310 qui
954 1213 1046 1284 circa
1066 1213 1182 1286 Salem
1201 1211 1320 1312 plures
1339 1213 1466 1288 hortos
1483 1229 1518 1286 et
1534 1215 1736 1289 mansiones
1749 1210 1915 1286 babebat.
1937 1214 2050 1298 Quem

462 1334 583 1404 locum
609 1338 709 1406 lesus
740 1359 824 1406 cum
841 1334 1021 1433 discipulis
1054 1336 1126 1407 suis
1155 1336 1418 1434 frequentabat,
1444 1337 1564 1433 quiet
1590 1335 1683 1410 bene
1712 1348 1786 1407 erat
1816 1332 1900 1405 inde
1932 1346 2048 1404 notus.

463 1457 572 1552 lgitur
590 1455 649 1526 hic
667 1480 752 1527 eum
774 1458 899 1554 quaerit
916 1457 962 1530 ad
980 1457 1216 1546 tradendum,
1238 1473 1274 1530 et
1290 1458 1425 1532 ibidem
1447 1460 1583 1530 invenit
1602 1459 1807 1556 quaesitum,
1827 1458 1918 1528 sicut
1936 1453 2052 1526 statim

463 1577 539 1674 ipse
559 1581 714 1648 Joanncs
738 1578 977 1676 prosequitur,
997 1576 1142 1650 dicens:
1167 1607 1185 1646 u
1198 1577 1307 1650 Judas
1329 1603 1413 1676 ergo
1440 1602 1553 1676 quum
1576 1578 1768 1675 accepisset
1793 1574 2000 1663 cohortem,
2020 1586 2053 1646 et

464 1724 484 1770 a
507 1698 737 1797 pontificibus
759 1714 795 1772 et
814 1699 993 1796 pharisaeis
1013 1700 1213 1790 ministros,
1238 1701 1336 1772 venit
1359 1701 1443 1774 illuc
1464 1725 1548 1774 cnm
1568 1701 1712 1772 laternis
1732 1714 1767 1772 et
1788 1696 1923 1770 facibus
1944 1711 1982 1767 et
2002 1720 2054 1768 ar-

464 1822 543 1892 mis.
561 1849 579 1888 »
606 1821 799 1892 Cohortem
825 1820 972 1916 quidem
997 1820 1180 1918 gentilium
1206 1845 1228 1892 a
1253 1820 1365 1894 Pilato
1388 1821 1555 1920 praeside,
1584 1836 1624 1896 ut
1647 1845 1715 1894 nec
1739 1818 1888 1916 gentiles
1914 1818 1952 1890 in
1979 1815 2053 1911 ejus

465 1939 654 2014 traditione
677 1940 859 2030 deessent,
882 1939 1031 2038 quibos
1054 1965 1200 2038 quoque
1227 1964 1292 2013 sua
1313 1956 1458 2015 venerat
1482 1956 1598 2014 morte
1620 1940 1815 2028 redimere3
1837 1953 1876 2010 ut
1894 1937 2054 2010 videlicet

464 2075 537 2132 tam
560 2085 581 2132 a
598 2059 726 2136 Judaeis
747 2084 857 2159 quam
883 2085 903 2132 a
925 2059 1114 2158 gentilibus
1136 2061 1182 2134 ad
1200 2076 1356 2136 mortem
1371 2061 1583 2152 traderetur,
1600 2062 1662 2159 qui
1679 2086 1747 2159 pro
1763 2059 1876 2134 salute
1891 2059 2054 2130 omnium

463 2196 618 2254 mortem
631 2196 823 2281 pateretur.
841 2185 953 2252 Lucas
967 2205 1093 2256 verum
1106 2179 1213 2256 refert
1226 2182 1322 2280 ipsos
1335 2183 1441 2255 etiam
1461 2183 1639 2280 principes
1657 2180 1903 2268 sacerdotum„
1914 2178 1987 2253 hoc
2006 2193 2055 2250 est

465 2299 652 2396 pontifices
670 2317 706 2376 et
722 2303 945 2399 magistratus
959 2299 1099 2399 templi,
1117 2316 1152 2374 et
1165 2303 1322 2376 seniores
1335 2303 1485 2378 venisse.
1503 2301 1611 2390 Quod
1628 2303 1678 2378 sic
1691 2299 1940 2399 accipiendum
1957 2298 2054 2370 vide·

464 2431 537 2506 tur,
558 2435 597 2492 ut
618 2420 688 2495 hoc
711 2423 748 2494 in
776 2422 943 2494 ministris
966 2422 1056 2512 suis,
1074 2446 1149 2494 non
1168 2422 1204 2494 in
1224 2423 1386 2520 personis
1410 2422 1565 2522 propriis
1586 2435 1742 2518 agerent.
1765 2421 1905 2492 Caeteris
1923 2419 2054 2518 quippe

465 2538 699 2614 referentibus
721 2539 959 2638 evangelistis,
979 2542 1146 2614 novimus
1162 2542 1358 2614 Dominum
1377 2566 1397 2612 a
1415 2540 1564 2613 cohorte
1583 2555 1618 2612 et
1635 2539 1801 2616 ministris
1821 2538 2055 2637 comprehen-

466 2681 565 2748 sum,
589 2659 635 2731 ad
659 2665 797 2736 Annam
816 2664 889 2737 sive
909 2659 1081 2762 Caipham
1108 2661 1296 2762 pontifices
1319 2663 1422 2736 fuisse
1445 2662 1671 2761 perductum.
1695 2663 1887 2734 Venientes
1904 2660 2057 2732 afferunt

464 2783 636 2868 laternas,
657 2784 774 2880 utqui
793 2785 931 2858 suntin
950 2783 1105 2857 tenebris
1118 2784 1295 2874 caecitatis,
1309 2785 1424 2882 ipsam
1437 2784 1555 2858 lucem
1572 2783 1714 2880 capiant
1733 2781 1870 2853 mundi.
1893 2785 1919 2852 F
1921 2781 2055 2852 ustibus

465 2919 501 2974 et
513 2904 621 2974 armis
634 2903 783 2976 veniunt
801 2905 948 2996 muniti,
970 2920 1010 2978 ut
1026 2930 1092 3003 per
1108 2905 1204 2978 hanc
1222 2905 1398 2978 resistenti
1414 2906 1487 2977 vim
1510 2905 1683 2994 facerent,
1699 2902 1754 2974 vel
1774 2926 1899 3000 cuma
1918 2927 1958 2973 se
1976 2925 2055 3001 pro

464 3021 658 3121 pulsarent.
675 3027 775 3096 lesus
791 3024 910 3122 itaque
928 3027 1048 3098 omnia
1062 3050 1142 3123 quae
1155 3040 1306 3098 ventura
1321 3041 1423 3098 erant
1439 3050 1546 3123 super
1564 3049 1647 3096 eum
1671 3023 1859 3123 praecessit.
1879 3025 1975 3094 Dum
1993 3021 2056 3092 ho·

465 3144 580 3218 mines
594 3148 671 3219 Deo
684 3146 758 3216 vim
777 3144 892 3218 facere
908 3161 1053 3245 parant,
1072 3161 1202 3244 sponte
1215 3147 1404 3236 Dominus,
1420 3170 1496 3218 non
1507 3147 1690 3234 intractus,
1708 3143 1862 3215 occurrit
1878 3143 2054 3240 passioni,

465 3265 652 3363 sicutipse
681 3264 833 3338 dixerat¹
855 3293 862 3337 :
883 3247 1030 3340 «Nemo
1059 3267 1151 3340 tollit
1178 3293 1199 3339 a
1224 3291 1283 3340 me
1307 3269 1466 3343 animam
1491 3291 1630 3358 meam,
1657 3265 1721 3338 sed
1740 3291 1806 3362 ego
1837 3289 1937 3364 pono
1963 3290 2053 3338 eam.

467 3385 608 3472 Sciens,
624 3412 641 3450 >v
661 3386 796 3482 inquit,
818 3416 835 3453 u
854 3388 1000 3460 omnia:
1023 3415 1041 3454 n
1065 3386 1137 3460 boc
1164 3401 1233 3477 cst,
1257 3410 1332 3460 non
1354 3388 1523 3484 ignorans
1544 3411 1670 3458 eorum
1692 3383 1998 3474 machinamenta,
2025 3401 2058 3456 et

466 3534 531 3607 per
548 3509 666 3581 dirum
685 3512 810 3582 mortis
826 3510 1039 3610 suppbeium
1063 3536 1101 3583 se
1118 3511 1269 3586 salutem
1286 3525 1441 3586 vestram
1455 3528 1807 3599 consummaturum,
1829 3533 1871 3581 ac
1890 3507 2058 3607 deinceps

466 3644 540 3702 tam
558 3631 815 3702 resurrectione
832 3654 942 3728 quam
968 3630 1190 3720 ascensione,
1212 3629 1268 3706 vel
1291 3631 1403 3706 sancti
1428 3631 1579 3730 Spiritus
1596 3629 1751 3702 adventu
1771 3625 2054 3725 glorificandum.

467 3750 538 3836 Qui
558 3763 640 3822 ante
661 3774 682 3822 a
703 3753 867 3848 passione
890 3751 1145 3843 declinaverat,
1162 3753 1246 3850 quia
1263 3751 1428 3827 nondum
1447 3766 1592 3828 venerat
1611 3751 1703 3824 hora
1717 3752 1811 3848 ejus,
1826 3766 1862 3824 et
1877 3749 2058 3848 discipulis

468 3871 725 3966 praeceperat’:
744 3899 763 3938 u
783 3874 905 3959 Quum
929 3895 995 3942 vos
1024 3873 1200 3970 persecuti
1222 3871 1352 3944 iruerint
1379 3871 1584 3948 decivitate
1609 3872 1645 3944 in
1670 3871 1865 3960 civitatem,
1892 3870 2003 3966 fugite
2022 3872 2058 3942 in

467 3990 595 4081 aliam3
615 4020 633 4058 ιι
650 3993 766 4063 sciens
786 3995 862 4088 jam
884 3990 1070 4065 advenisse
1089 4009 1229 4092 tempus
1254 4017 1455 4090 congruum
1480 3994 1655 4092 passioni,
1678 3991 1783 4064 offert
1797 4015 1835 4064 se
1853 3993 1890 4062 in
1908 3991 2057 4090 pascha,

469 4125 639 4205 tanquam
655 4111 787 4212 pascha
805 4111 861 4184 vel
885 4136 996 4210 agnus
1021 4110 1067 4184 ad
1091 4109 1367 4186 immolandum.
1393 4113 1585 4202 Processit,
1607 4126 1643 4184 et
1662 4109 1748 4184 dicit
1766 4139 1774 4182 ι
1799 4114 1951 4199 «Quem
1969 4135 2061 4208 quae·

468 4231 566 4302 ritis?
581 4259 599 4298 u
623 4237 732 4324 Vere,
757 4235 924 4331 inquam,
946 4249 1118 4329 tanquam
1143 4234 1312 4331 igqorans
1340 4257 1467 4308 eorum
1492 4233 1746 4331 nequissimam
1771 4233 2059 4330 inquisitionem,

440 4355 442 4360 ’
468 4352 552 4448 quia
568 4369 671 4426 tuum
688 4355 742 4427 e'st
759 4355 923 4452 ignorare
940 4355 1035 4427 mala
1054 4380 1133 4453 quae
1150 4354 1352 4454 improbas,
1372 4369 1408 4428 et
1424 4379 1639 4452 cognoscere
1656 4354 1752 4428 bons
1769 4379 1848 4453 quae
1866 4354 2058 4455 approbas.

469 4476 525 4545 Sic
543 4478 677 4575 quippe
694 4475 829 4567 Adam,
850 4503 959 4575 quem
976 4493 1058 4550 ante
1076 4493 1262 4576 peccatum
1277 4501 1447 4569 noveras,
1466 4493 1550 4576 post
1566 4491 1753 4577 peccatum
1767 4491 1938 4574 tanquam
1959 4476 2062 4548 inco-

469 4598 607 4692 gnitum
626 4598 775 4694 requiris
791 4598 952 4670 dicens⁸z
972 4597 1116 4671 «Adam
1136 4599 1196 4671 ubi
1214 4598 1277 4671 es?
1291 4628 1308 4666 u
1330 4600 1523 4686 Quianam
1547 4598 1703 4674 mulieris
1719 4598 1850 4674 factum
1871 4596 1972 4694 quod
1993 4597 2063 4672 im·

470 4718 622 4815 probas,
644 4733 814 4816 tanquam
832 4719 1053 4817 incognitum
1073 4721 1313 4818 interrogans,
1333 4721 1385 4792 ais
1410 4748 1418 4792 z
1443 4723 1592 4809 «Quare
1610 4719 1746 4792 fecisti?
1762 4746 1781 4787 n
1801 4723 1844 4790 Et
1871 4719 1975 4792 fatuis
1991 4720 2065 4792 vir·

472 4837 613 4933 ginibus
630 4837 871 4937 respondens,
888 4838 1017 4911 dicis*:
1036 4871 1054 4910 u
1068 4845 1181 4915 Amen
1197 4840 1282 4912 dim
1298 4841 1418 4932 vobis,
1437 4840 1559 4914 neseio
1576 4865 1653 4913 vos.
1675 4869 1693 4907 ιι
1713 4844 1835 4926 Quum
1848 4864 1869 4912 e
1880 4841 2066 4916 contrario

507 5135 514 5160 ⁴
534 5135 616 5196 toan..
627 5151 682 5202 cap.
696 5153 771 5200 xvrn,
786 5155 811 5194 v.
823 5141 896 5190 tt.-
907 5138 917 5166 ¹
931 5157 943 5186 ι
956 5140 1034 5203 Quum
1046 5115 1127 5192 autem
1142 5149 1319 5208 persequentur
1329 5155 1373 5191 vos
1384 5141 1409 5192 in
1422 5140 1518 5193 civitate
1531 5142 1590 5204 ista,
1602 5141 1676 5207 fugite
1687 5141 1711 5192 in
1722 5141 1804 5193 aliam.
1815 5159 1826 5186 ι
1837 5138 1951 5206 (batth,
1963 5156 2022 5208 cap.
2033 5161 2049 5194 x
2061 5182 2069 5205 ,

472 5240 496 5275 v.
510 5224 607 5290 it.)-s
618 5227 715 5288 Gonu„
725 5242 781 5294 erp.
794 5244 833 5289 ιιι,
845 5245 867 5280 v.
881 5229 913 5293 ⁹,
928 5229 1120 5292 ra.-⁴ttmt.,
1130 5245 1187 5298 cap.
1198 5247 1257 5295 ιιι,
1266 5247 1289 5282 v.
1304 5233 1341 5284 12.
1451 5249 1454 5260 ·
