4496 6102
725 671 769 742 IN
793 667 1124 742 SEPTUAGESIMA
1149 668 1310 740 sntttto.
1737 668 1809 738 toa

230 802 339 890 Quod
355 827 419 903 per
432 807 655 905 semetipsam
669 811 823 883 Veritas¹
838 839 846 881 :
864 839 883 879 n
898 810 993 881 Beati
1005 812 1065 906 qui
1081 834 1177 881 nunc
1192 810 1297 899 lletis,
1313 810 1395 906 quia
1415 807 1583 880 ridebitis.
1600 808 1696 879 Beati
1716 810 1811 880 eritis

230 947 342 1018 quum
362 947 426 995 vos
444 924 586 998 oderint
601 926 783 1020 homines,
801 945 834 1000 et
853 928 1144 1028 exprobraverint
1165 945 1313 1026 propter
1334 928 1449 1000 filium
1467 928 1645 998 hominis:
1662 929 1812 1024 gaudete
1913 925 1939 1016 ⁶,

230 1043 266 1112 in
284 1041 342 1113 illa
355 1042 430 1133 die,
447 1060 482 1116 et
495 1046 658 1119 exultate.
686 1053 776 1121 Ecce
795 1051 890 1121 enirn
913 1073 1048 1120 merces
1062 1064 1175 1120 vestra
1194 1049 1305 1121 multa
1318 1063 1370 1120 est
1384 1050 1421 1117 in
1435 1047 1537 1120 coelo.
1561 1052 1811 1121 Verumtamen

230 1189 281 1234 vae
297 1163 399 1242 vobis
415 1163 597 1258 divitibus,
620 1170 682 1266 qui
702 1169 840 1242 habetis
858 1169 1140 1242 consolationem
1160 1182 1324 1238 vestram.
1350 1173 1410 1239 Vae
1429 1167 1530 1239 vobis
1548 1170 1708 1258 saturati,
1729 1170 1813 1266 quia

197 1279 206 1298 '
231 1283 400 1355 esurietis.
417 1288 477 1356 Vae
491 1285 592 1357 vobis
605 1288 668 1384 qui
680 1288 801 1360 ridetis
814 1313 927 1378 nunc,
941 1289 1111 1386 quoniam
1127 1286 1288 1384 lugebitis
1299 1301 1334 1358 et
1346 1287 1483 1358 flebitis¹
1498 1292 1558 1358 Vae
1572 1287 1685 1379 vobis,
1701 1315 1812 1385 quum

230 1401 476 1475 benedixerint
498 1404 599 1476 vobis
623 1431 748 1479 omnes
772 1407 948 1479 homines.
963 1437 980 1472 n
1009 1411 1053 1478 Et
1076 1405 1159 1477 alibi
1182 1406 1276 1476 hanc
1299 1405 1534 1504 reproborum
1560 1421 1595 1476 et
1617 1406 1812 1478 electorum

231 1537 364 1594 sortem
387 1522 647 1620 distinguens¹:
674 1555 691 1592 u
714 1525 885 1615 Mundus,
901 1555 918 1592 u
944 1526 1078 1622 inquit,
1105 1555 1122 1593 n
1143 1523 1331 1623 gaudebit,
1358 1550 1421 1596 vos
1447 1540 1566 1596 autem
1590 1527 1813 1598 contristabi-
1875 1575 1879 1582 ·

232 1643 339 1732 mini;
359 1641 422 1714 sed
441 1643 577 1714 tristitia
595 1659 709 1716 vestra
728 1661 883 1718 vertetur
905 1648 942 1717 in
965 1645 1179 1743 gaudium.»
1203 1649 1318 1732 Quam
1339 1669 1422 1715 mox
1440 1645 1614 1716 tristitiam
1638 1661 1672 1716 et
1694 1646 1814 1718 subse·

231 1777 396 1833 cuturum
415 1761 584 1858 gaudium
605 1764 641 1833 in
661 1764 965 1862 comparationem
981 1764 1138 1835 mulieris
1152 1764 1319 1860 parientis
1332 1763 1532 1852 conferens,
1548 1765 1613 1834 ait⁸
1629 1791 1637 1833 ε
1659 1765 1816 1838 «Mulier

232 1907 344 1978 quum
360 1883 465 1982 parit,
487 1883 661 1954 tristitiam
681 1883 799 1956 habet.
816 1889 936 1972 Quum
956 1900 1074 1955 autem
1089 1885 1266 1984 pepererit
1281 1908 1449 1981 puerum,
1464 1884 1540 1979 jam
1557 1907 1632 1954 non
1656 1887 1816 1957 meminit

232 2025 403 2137 ppessurae
420 2018 568 2102 propter
585 2003 766 2100 gaudium.
782 2032 799 2070 n
826 2005 921 2091 Quid
945 2005 1040 2075 enim
1064 2018 1183 2102 partus
1200 2003 1356 2074 mulieris
1377 2028 1459 2073 cum
1483 2001 1608 2074 dolore
1625 2005 1812 2100 parientis,

233 2121 299 2192 nisi
315 2145 425 2219 opera
442 2122 545 2193 fortia
563 2137 646 2194 sunt
661 2124 787 2194 animae
801 2121 931 2212 fidelis,
953 2147 1031 2221 quae
1051 2146 1115 2220 per
1128 2121 1241 2192 lilium
1261 2123 1372 2218 magis
1389 2146 1498 2219 quam
1519 2146 1583 2220 per
1603 2121 1709 2194 liliam
1726 2123 1816 2196 desi·

233 2242 409 2338 guantur?
429 2247 509 2314 Haec
526 2243 584 2314 illa
600 2240 852 2315 suntlidelium
872 2245 1023 2332 semina,
1041 2242 1230 2339 dequibus
1249 2267 1356 2339 snpra
1378 2243 1626 2314 meminimus:
1639 2273 1662 2354 n
1681 2246 1751 2332 Qui
1765 2269 1817 2316 se·

234 2363 371 2434 minant
388 2363 425 2432 in
444 2361 631 2460 lacrymis,
639 2391 656 2430 n
669 2362 740 2434 hoc
763 2378 814 2434 est
836 2365 872 2434 in
891 2363 996 2457 hujus
1014 2362 1093 2432 vitae
1110 2363 1282 2494 pressuris
1300 2376 1470 2458 tanquam
1487 2361 1605 2433 hieme
1626 2388 1704 2459 quae
1721 2363 1818 2435 colli·

233 2483 370 2582 guntin
389 2495 519 2553 aestate.
527 2482 770 2553 Seminemus
795 2496 829 2552 et
852 2505 937 2570 noS,
963 2481 1152 2569 carissimi,
1179 2482 1322 2568 ilenteS,
1347 2505 1425 2577 quae
1449 2496 1623 2552 metamus
1647 2480 1814 2555 ridentes.
1831 2573 1834 2580 γ

161 2689 164 2696 Ι
234 2604 287 2677 td
300 2601 399 2700 quod
417 2625 483 2672 nos
500 2598 676 2698 praecipue
694 2601 771 2698 ipsa
786 2600 930 2698 quoqrie
942 2601 1122 2697 praesentis
1139 2601 1309 2696 temporis
1325 2599 1497 2671 institutio
1514 2600 1702 2691 admonet,
1719 2599 1819 2699 quod

233 2725 270 2796 in
293 2723 456 2797 lamentis
480 2721 694 2820 poenitentiae
718 2721 888 2817 praevenit
910 2721 1065 2792 laetitiam
1083 2721 1349 2790 resurrectionis
1374 2720 1574 2792 dominicae.
1605 2721 1672 2793 Ubi
1696 2739 1731 2795 et
1753 2721 1818 2794 illae

233 2843 402 2943 speciales
418 2840 535 2937 gaudii
553 2863 680 2912 voces:
700 2839 894 2928 «Alleluia,
911 2854 995 2928 etc,
1015 2837 1135 2909 Gloria
1153 2841 1188 2910 in
1206 2838 1351 2910 excelsis
1370 2843 1463 2926 Deo,
1480 2867 1497 2904 n
1513 2838 1717 2932 subtractae,
1732 2867 1819 2912 moe·

138 3015 144 3028 .
233 2965 325 3036 roris
347 2961 594 3059 potiusquam
615 2957 739 3028 laetitiae
761 2974 901 3057 tempus
918 2957 1012 3028 istud
1029 2957 1211 3028 insinuant
1233 2983 1323 3046 esse,
1350 2971 1385 3028 et
1399 2957 1562 3055 planctus
1581 2960 1691 3056 magis
1709 2985 1817 3057 quam

234 3081 373 3154 cantici.
398 3083 438 3149 ln
461 3102 534 3174 quo
558 3076 604 3148 ad
628 3075 778 3146 modum
797 3077 1039 3175 captivorum,
1064 3100 1155 3172 quos
1177 3075 1346 3164 diximus,
1371 3099 1503 3172 organa
1525 3090 1645 3146 nostra
1667 3103 1819 3176 suspen-

235 3206 378 3290 dentes,
397 3214 433 3272 et
452 3224 472 3270 a
490 3197 635 3269 canticis
652 3212 844 3285 cessantes,
866 3197 1011 3267 moerori
1029 3197 1139 3294 magis
1157 3220 1264 3293 quarn
1282 3196 1487 3268 exultationi
1504 3221 1628 3267 vacare
1648 3223 1713 3268 nos
1731 3224 1818 3270 con-

234 3323 351 3409 venit‚
371 3343 511 3415 semper
527 3297 748 3388 attendentes
767 3315 909 3386 exilium
928 3313 1027 3412 quod
1046 3315 1278 3402 sustinemus,
1298 3313 1397 3385 etad
1417 3314 1567 3412 patriam
1584 3317 1817 3414 suspirantes,

235 3441 414 3537 adquam
440 3435 548 3508 creati
571 3458 706 3506 sumus.
737 3434 845 3529 Cujus
869 3432 1014 3530 quidem
1039 3433 1160 3531 patriae
1185 3430 1329 3504 felicitas
1355 3433 1392 3501 in
1418 3433 1675 3504 resurrectione
1698 3436 1821 3531 capitis

236 3559 406 3634 membris
426 3574 478 3630 est
496 3555 665 3644 exhibita,
685 3554 748 3626 sed
765 3554 929 3625 nondum
946 3556 982 3624 in
1000 3555 1084 3652 ipsis
1105 3552 1294 3651 completa.
1316 3551 1420 3623 Unde
1439 3567 1536 3623 tanto
1556 3551 1737 3625 ardentius
1754 3580 1821 3626 nos

237 3678 405 3752 convenit
427 3676 473 3748 ad
490 3675 588 3747 illam
604 3675 797 3773 suspirare,
818 3688 953 3770 quanto
970 3674 1101 3743 certius
1117 3673 1154 3741 in
1173 3672 1287 3769 capite
1310 3671 1476 3742 novimus
1493 3669 1586 3741 hanc
1607 3672 1822 3768 completam

238 3825 333 3891 esse3
355 3813 394 3870 ut
411 3823 478 3870 nec
500 3810 581 3897 post
601 3796 736 3867 luctum
759 3794 975 3892 poenitentiae
989 3791 1151 3891 perlectis
1174 3793 1290 3862 desint
1308 3791 1486 3863 dilationis
1501 3793 1662 3888 lacrymae
1679 3794 1824 3869 dissolvi

238 3919 478 4021 cupientibus,
496 3932 629 3989 etcum
646 3914 786 3988 Christo
810 3939 897 3986 esse.
914 3897 1043 3983 Tolum
1063 3913 1182 4007 itaque
1201 3925 1343 4009 tempus
1356 3913 1435 3984 vitae
1450 3916 1632 4011 praesentis
1651 3916 1688 3985 in
1706 3915 1824 4012 lacry-
1871 3991 1874 3998 ,

240 4042 305 4112 mis
330 4038 550 4112 deducendis
572 4035 628 4108 vel
652 4035 867 4134 poenitentiae
887 4031 944 4104 vel
967 4024 1164 4119 dilationis,
1191 4032 1282 4102 sieut
1304 4045 1355 4102 est
1381 4032 1607 4130 praedictum,
1635 4033 1706 4106 hoc
1732 4053 1824 4110 tem-

239 4163 336 4260 poris
358 4157 606 4257 intercapedo,
625 4181 646 4228 a
662 4157 826 4256 praesenti
850 4153 978 4225 scilicet
1003 4151 1063 4224 die
1085 4151 1261 4250 usquead
1282 4166 1424 4224 octavas
1446 4152 1605 4243 Pascbae,
1630 4155 1725 4226 unde
1747 4157 1824 4256 ipsa

239 4283 334 4356 dicta
351 4296 404 4355 est
419 4280 693 4386 septuagesima,
714 4276 819 4348 nobis
837 4273 975 4372 figurat.
997 4273 1093 4363 Quid
1110 4274 1206 4344 enim
1220 4271 1295 4344 dies
1312 4287 1458 4344 octavus
1476 4272 1692 4344 dominicam
1710 4301 1825 4348 resur·

238 4403 436 4474 rectionem
454 4399 690 4497 subsequens,
711 4398 777 4470 nisi
796 4413 1028 4468 communem
1046 4392 1205 4466 fidelium
1222 4394 1385 4492 exprimit
1403 4393 1722 4466 resurrectionem?
1738 4401 1824 4484 Quae
1897 4471 1901 4478 ,

238 4537 340 4594 tanto
366 4521 524 4595 securius
548 4533 753 4618 expectatur
778 4541 800 4589 a
821 4513 1008 4605 membris,
1037 4527 1172 4611 quanto
1197 4513 1256 4586 illa
1281 4514 1410 4586 certius
1435 4515 1471 4584 in
1495 4515 1609 4612 capite
1636 4519 1822 4614 precessit.

236 4640 349 4738 Cujus
373 4639 589 4714 desiderium
618 4641 693 4737 ipse
718 4637 829 4709 sicin
855 4635 959 4706 nobis
980 4657 1122 4733 semper
1144 4648 1291 4732 augeat,
1319 4647 1358 4705 ut
1387 4632 1432 4704 de
1455 4632 1523 4704 bac
1542 4635 1825 4732 peregrinatione

236 4759 290 4832 ad
313 4761 485 4860 patriam,
507 4759 553 4830 de
577 4756 645 4830 hac
667 4756 760 4828 valle
786 4756 1022 4851 lacrymarum
1047 4752 1093 4825 ad
1120 4777 1281 4854 supemae
1305 4752 1475 4850 felicitatis
1500 4753 1615 4827 trahat
1641 4756 1821 4853 gaudium.

234 4885 367 4952 Amen.

281 5095 289 5121 ¹
308 5097 378 5159 Luc„
392 5113 447 5163 cap,
460 5113 497 5156 rr,
512 5085 808 5159 v.n.-'·toan.‚eip.
821 5093 1005 5152 xv1,v.m.-
1019 5089 1148 5152 'lbid.,r.
1162 5092 1202 5140 21.
