4522 6102
434 583 503 652 400
862 574 986 644 PETRl
1014 573 1246 648 ABAELthtl
1273 577 1328 647 BT
1353 573 1577 645 HELOlSSAE

430 718 475 790 ad
494 742 708 790 consensum
727 715 922 788 trahebam.
937 719 1048 786 Tanto
1068 717 1164 788 enim
1178 717 1240 790 tihi
1252 717 1544 815 concupiscentiae
1557 713 1683 786 ardore
1697 714 1882 812 copulatus
1894 739 2003 804 emm,

432 855 470 908 ut
488 839 633 910 miseras
649 837 724 909 illas
741 851 776 908 et
794 835 1064 907 obscenissimas
1077 836 1296 936 voluptates,
1313 861 1400 934 quas
1411 837 1518 908 etlam
1536 835 1721 906 nominare
1739 834 2002 919 confundimur,

431 973 502 1029 tam
524 963 601 1028 Deo
624 981 732 1053 quam
751 956 839 1026 mihi
866 956 932 1054 ipsi
954 981 1218 1054 praeponerem3
1244 982 1311 1028 nec
1326 958 1419 1052 jam¹
1437 955 1538 1028 aliter
1559 954 1744 1026 consulere
1765 979 1868 1052 posse
1888 953 2005 1024 divina

428 1075 608 1148 videretur
618 1076 826 1164 clementia,
847 1076 914 1146 nisi
933 1075 996 1146 has
1009 1075 1094 1146 mihi
1109 1075 1305 1174 voluptates
1320 1077 1397 1147 sine
1413 1100 1476 1174 spe
1491 1074 1563 1145 ulla
1580 1076 1729 1146 omnino
1747 1073 1971 1145 interdiceret
1981 1077 2002 1142 ²,

429 1193 532 1266 Unde
546 1196 739 1290 justissime
757 1208 793 1265 et
808 1193 1101 1284 clementissime,
1123 1195 1205 1266 licet
1222 1220 1304 1267 curn
1322 1217 1461 1265 summa
1480 1194 1532 1264 tui
1545 1193 1711 1265 avunculi
1727 1193 1946 1291 proditione,
1969 1208 2006 1263 ut
2093 1231 2098 1240 ·

427 1316 463 1384 in
479 1314 599 1385 multis
616 1339 832 1403 crescerem,
852 1330 952 1412 parte
966 1315 1025 1386 illa
1039 1317 1221 1417 corporis⁸
1237 1341 1315 1386 sum
1336 1317 1496 1386 minutus
1507 1317 1533 1403 ⁴,
1558 1314 1594 1384 in
1607 1339 1676 1410 qua
1688 1313 1845 1384 libidinis
1859 1337 2004 1410 regnum

427 1449 519 1522 erat,
544 1449 579 1506 et
602 1448 676 1504 tota
699 1433 805 1528 hujus
820 1435 1114 1532 concupiscentiae
1135 1459 1241 1506 causa
1260 1434 1475 1506 consistebat
1492 1461 1498 1503 ι
1518 1448 1556 1505 ut
1573 1433 1666 1529 juste
1689 1432 1777 1503 illud
1797 1433 2006 1530 plecteretur

428 1551 647 1640 membrum,
669 1552 767 1647 quod
788 1553 825 1622 in
845 1553 949 1623 nohis
970 1555 1197 1625 commiserat
1221 1568 1353 1643 totum,
1375 1568 1411 1624 et
1433 1553 1590 1650 expiaret
1606 1551 1776 1650 patiendo
1794 1550 1893 1648 quod
1915 1551 2006 1622 deli-

426 1688 552 1769 querat
563 1672 796 1762 oblectand03
814 1687 849 1744 et
861 1672 906 1744 ah
919 1671 974 1744 his
990 1698 1047 1744 me
1061 1674 1253 1770 spurcitiis,
1271 1673 1401 1769 quibus
1413 1697 1470 1742 mc
1488 1687 1604 1742 totum
1619 1672 1719 1768 quasi
1731 1671 1807 1742 luto
1825 1671 2005 1742 immerse-

425 1817 524 1879 ram,
554 1807 626 1862 tam
649 1803 768 1863 mente
788 1807 896 1888 quarn
919 1815 1070 1889 corpore
1094 1791 1379 1882 circumcideret3
1409 1806 1444 1862 et
1467 1805 1565 1861 tanto
1586 1792 1692 1861 sacris
1713 1790 1820 1861 etiam
1841 1789 2006 1860 altaribus

425 1911 625 1982 idoniorem
650 1908 823 1995 efficeret,
847 1926 983 2007 quanto
1004 1936 1062 1982 me
1084 1911 1182 1982 nulla
1199 1911 1285 1982 hinc
1302 1910 1454 2010 amplius
1471 1910 1689 1982 carnalium⁸
1709 1911 1872 2006 contagia
1890 1909 2005 2008 pollu-

425 2033 564 2101 tionum
577 2045 796 2101 revocarent.
814 2034 931 2117 Quam
945 2030 1138 2102 clementer
1151 2031 1257 2102 etiam
1270 2031 1307 2100 in
1322 2055 1366 2102 eo
1386 2047 1524 2102 tantum
1539 2035 1602 2102 me‘
1608 2031 1682 2128 pati
1696 2030 1808 2102 voluit
1828 2030 2002 2118 membru,

426 2149 526 2244 eujus
538 2150 688 2245 privatio
702 2165 737 2220 et
751 2151 876 2222 animae
890 2150 993 2221 saluti
1005 2149 1225 2240 consuleret,
1248 2165 1284 2221 et
1303 2175 1433 2250 corpus
1453 2176 1527 2222 non
1544 2152 1788 2248 deturparet⁸,
1813 2175 1878 2220 nec
1901 2149 2006 2220 ullam

427 2267 626 2339 officiorum
645 2270 941 2340 ministrationem
957 2269 1205 2367 praepediret⁷,
1228 2271 1300 2341 imo
1324 2270 1370 2342 ad
1386 2271 1528 2360 omnia,
1549 2295 1628 2367 quae
1645 2269 1796 2340 honeste
1813 2285 2003 2366 geruntur,

426 2402 525 2456 tanto
552 2411 610 2466 me
633 2390 891 2485 promptiorem
918 2387 1089 2478 efficeret,
1119 2404 1253 2484 quanto
1277 2388 1323 2460 ah
1347 2389 1419 2459 hoc
1446 2389 1552 2484 hujus
1583 2389 1897 2485 concupiscentiae⁸
1921 2389 2006 2484 jugo

429 2508 584 2578 maximo
598 2508 749 2605 amplius
763 2508 938 2579 liberaret.
957 2513 1076 2594 Quum
1089 2510 1208 2605 itaque
1224 2508 1394 2580 memhris
1405 2509 1461 2580 his
1475 2509 1665 2600 vilissimis,
1686 2534 1764 2605 quta
1781 2534 1849 2608 pro
1863 2533 2007 2580 summae

430 2629 658 2727 turpitudinis
677 2631 842 2704 exercitio
861 2629 1031 2726 pudenda
1051 2646 1240 2721 vocantur,
1271 2656 1337 2702 nec
1367 2632 1553 2730 proprium
1577 2631 1751 2702 sustinent
1771 2655 1927 2720 nomen,
1950 2655 2006 2700 me

429 2747 551 2820 divina
561 2751 671 2845 gratia
691 2749 876 2822 mundavit
892 2753 1134 2854 potiusquam
1148 2751 1316 2848 privavit,
1331 2751 1418 2848 quid
1430 2749 1526 2821 aliud
1540 2751 1609 2846 egit
1620 2773 1746 2847 quam,
1761 2751 1805 2821 ad
1819 2751 2005 2848 puritatem

428 2869 610 2940 munditiae
628 2870 910 2942 conservandam
926 2869 1070 2942 sordida
1086 2871 1238 2941 removit
1256 2887 1292 2942 et
1315 2871 1419 2942 vitia?
1435 2875 1534 2942 Hanc
1550 2870 1695 2966 quidem
1716 2869 1897 2940 munditiae
1913 2870 2008 2966 puri·

427 3003 534 3060 tatem
545 2989 739 3060 nonnullos
750 2991 960 3088 sapientium
981 2975 1288 3061 vehementissime
1300 3005 1506 3090 appetentes
1518 2990 1646 3060 inferre
1659 2990 1765 3060 etiam
1782 2976 2007 3058 albinianum

427 3107 645 3196 audivimuS,
666 3125 705 3179 ut
722 3107 793 3180 hoc
810 3133 832 3178 a
847 3135 883 3180 se
906 3111 1047 3205 penitus
1066 3124 1290 3180 removerent
1308 3109 1624 3206 concupiscentiae⁹
1640 3107 1823 3204 flagitium.
1842 3111 1910 3176 Pro
1935 3129 2008 3201 quo

430 3227 536 3296 etiam
551 3225 694 3296 stimulo
709 3228 824 3297 carnis
842 3226 1036 3297 auferendo
1052 3242 1089 3297 et
1103 3227 1284 3324 apostolus
1293 3231 1312 3264 ¹⁰
1328 3226 1533 3325 perhibetur
1547 3227 1741 3297 Dominum
1760 3249 1918 3322 rogasse,
1944 3251 2009 3296 nec

430 3341 635 3412 exauditum
661 3367 748 3415 esse.
783 3348 823 3413 ln
854 3344 1016 3442 exemplo
1045 3360 1097 3414 cst
1123 3345 1181 3416 ille
1208 3369 1357 3442 magnus
1377 3346 1653 3417 christianorum
1672 3345 1907 3444 philosophus
1932 3346 2010 3415 Ori·

432 3485 537 3556 genes
551 3465 587 3552 ¹¹,
614 3465 675 3558 qui
698 3477 736 3533 ut
757 3462 828 3533 hoc
850 3464 886 3532 in
911 3488 949 3533 se
977 3465 1118 3561 penitus
1147 3465 1354 3536 incendium
1377 3468 1612 3563 extingueret,
1638 3488 1765 3536 manus
1789 3464 1854 3534 sihi
1881 3464 2010 3534 inferre

431 3581 561 3652 veritus
580 3606 653 3652 non
668 3596 736 3670 est,
759 3606 800 3652 ac
818 3582 845 3653 si
859 3582 939 3653 illos
951 3581 997 3652 ad
1011 3582 1162 3655 litteram
1174 3608 1256 3656 vere
1272 3585 1395 3657 beatos
1407 3585 1627 3682 intelligeret,
1642 3585 1703 3688 qui
1717 3585 1851 3681 seipsos
1864 3597 2011 3681 propter

432 3723 581 3794 regnum
599 3699 771 3772 coelorum
785 3716 1025 3774 castraverunt
1033 3707 1069 3792 ¹¹,
1090 3718 1125 3774 ct
1141 3703 1227 3776 tales
1243 3703 1331 3775 illud
1352 3706 1521 3776 veraciter
1542 3700 1690 3802 implere
1710 3703 1888 3793 crederet,
1909 3702 2008 3799 quod

432 3818 477 3890 de
501 3819 670 3891 memhris
696 3821 1014 3894 scandalizantibus
1033 3823 1138 3895 nohis
1160 3825 1317 3922 precipit
1339 3826 1560 3914 Dominusl,
1586 3841 1626 3896 ut
1645 3849 1689 3896 ea
1712 3823 1843 3894 scilicet
1866 3823 2011 3894 anobis

431 3937 680 4011 abscindamus
693 3956 728 4012 et
741 3941 984 4039 projiciamus,
1000 3958 1036 4014 et
1048 3945 1148 4042 quasi
1161 3943 1256 4016 illam
1269 3946 1363 4016 Isaiae
1374 3946 1599 4043 prophetiam
1610 3949 1630 3984 ¹⁸
1640 3944 1686 4016 ad
1699 3943 1882 4015 historiam
1900 3945 2011 4038 magis

432 4085 540 4157 quam
564 4059 616 4132 ad
635 4063 840 4158 mysterium
866 4064 1031 4155 duceret,
1060 4091 1125 4163 per
1147 4091 1256 4162 quam
1278 4069 1411 4138 caeteris
1439 4066 1604 4138 fidelihus
1630 4065 1815 4138 eunuchos
1834 4065 2010 4135 Dominus

432 4181 591 4280 praefert,
612 4183 756 4256 dicens:
778 4213 795 4251 u
810 4186 971 4257 Eunuchi
985 4188 1014 4257 si
1032 4187 1264 4259 custodierint
1281 4187 1426 4260 sabbata
1445 4213 1540 4278 mea,
1561 4204 1596 4260 et
1613 4188 1784 4284 elegerint
1796 4209 1874 4283 quae
1891 4185 2008 4276 volui,

433 4302 527 4375 dabo
541 4304 591 4376 eis
603 4305 639 4375 in
651 4304 761 4376 domo
774 4321 898 4377 menet
912 4308 948 4376 in
960 4309 1072 4378 muris
1086 4309 1173 4379 meis
1187 4307 1325 4400 locum,
1342 4324 1377 4380 et
1391 4333 1524 4382 nomen
1538 4308 1663 4381 melius
1675 4333 1695 4380 a
1708 4307 1787 4379 liliis
1807 4323 1842 4379 et
1857 4305 2007 4377 filiabus.

434 4427 571 4496 Nomen
589 4425 843 4523 sempiternum
857 4424 951 4497 daho
968 4429 1037 4518 eis,
1053 4426 1152 4523 quod
1165 4453 1239 4500 non
1253 4430 1392 4526 peribit.
1412 4457 1430 4496 n
1445 4429 1593 4526 Culpam
1609 4443 1726 4500 tamen
1744 4453 1818 4499 non
1833 4426 2011 4498 modicam

435 4543 604 4639 Origenes
629 4545 794 4633 incurrit,
821 4545 908 4616 dum
936 4570 1001 4643 per
1020 4571 1162 4645 poenam
1192 4550 1352 4646 corporis
1380 4548 1577 4621 remedium
1595 4547 1707 4646 culpae
1726 4548 1861 4644 quaerit.
1889 4545 2012 4618 Zelum

434 4663 567 4760 quippe
586 4664 650 4732 Dei
670 4663 852 4754 hahens¹',
876 4664 937 4736 sed
957 4689 1031 4735 non
1051 4666 1248 4738 secundum
1264 4669 1466 4759 scientiam,
1488 4667 1669 4739 homicidii
1688 4668 1836 4739 incurrit
1848 4680 2010 4755 reatum,

470 4913 477 4937 ⁴
497 4913 537 4961 Sic
550 4913 656 4964 u.-ram
668 4915 713 4964 Ed.
725 4915 795 4966 Amb.
810 4945 831 4952 --
844 4917 854 4943 ¹
866 4919 1018 4970 laterctderet
1027 4921 1076 4973 tts.
1090 4923 1160 4974 hnrb.
1173 4951 1202 4959 -—
1236 4923 1340 4976 'AEttum
1348 4927 1451 4974 libidinis
1461 4925 1584 4988 effrenate
1591 4923 1661 4974 llllS.
1669 4922 1720 4958 -⁴⁰
1728 4921 1833 4973 Cormtlt.
1845 4921 1884 4978 ll,
1896 4934 1953 4985 cap.
1962 4935 2011 4978 nr,

436 4997 625 5060 ³Carpat-tarnat
637 4998 705 5050 ΑΒΙ).
716 5027 741 5038 -·
754 4998 909 5053 ‘luminatur
919 5003 1020 5056 hid).-
1033 5007 1162 5070 'Turptmn
1173 5025 1204 5060 ac
1236 5025 1260 5059 r.
1279 5012 1302 5059 t.
1318 5035 1350 5046 -
1365 5008 1386 5036 ‘²
1406 5009 1496 5059 Eusab.
1514 5009 1578 5059 aasz.
1594 5011 1691 5067 eccles„
1709 5005 1754 5057 lib.
1773 5003 1820 5070 vt,
1843 5019 1898 5071 cap.
1917 5018 1959 5052 rn.
1982 5028 2012 5038 -

430 5082 551 5142 soe‘l‘mtm
565 5079 635 5132 ΗΜΕ-
650 5109 681 5118 -
696 5081 851 5134 ‘locutam
864 5085 934 5138 ltus.
947 5089 1000 5126 -·'
1014 5091 1139 5154 impediret
1153 5092 1204 5143 ΜΒ.
1239 5091 1262 5122 ¹'
1271 5093 1366 5155 itata..
1375 5109 1428 5162 cap.
1443 5109 1499 5158 xrx,
1511 5109 1535 5143 r.
1550 5091 1648 5143 l².-''
1658 5090 1755 5155 aaran,
1764 5103 1820 5158 cap.
1830 5103 1904 5149 xun,
1917 5103 1941 5136 r.
1950 5085 1976 5135 9.
1986 5109 2012 5121 ·-

435 5163 506 5214 Arnh.
518 5190 550 5202 -
560 5164 569 5190 ⁸
580 5165 620 5216 Sic
630 5165 734 5218 l).-Hoc
743 5168 811 5220 decu
822 5169 947 5233 helhum
956 5173 1025 5224 deest
1032 5174 1077 5225 Ed.
1090 5176 1161 5230 hmb.
1173 5203 1206 5218 ·-
1241 5178 1262 5206 '⁴
1275 5179 1341 5241 lsai„
1356 5193 1410 5245 cap.
1426 5193 1477 5241 avr,
1491 5195 1513 5228 r.
1527 5180 1540 5226 l
1553 5187 1578 5229 et
1591 5181 1613 5227 5.
1627 5205 1659 5215 -
1670 5177 1693 5204 ¹⁸
1702 5178 1730 5226 ln
1745 5179 1825 5226 animo
1840 5185 1924 5239 perena
1937 5168 2011 5222 aas.
