4522 6102
473 619 542 687 452
889 555 1036 686 =PETRI
1063 614 1300 688 lssAEtaltnr
1326 617 1381 687 ΕΤ
1406 616 1631 687 HELOISSAE

470 779 532 826 cro
553 755 676 828 talium
695 755 896 826 animarum
915 755 991 852 ipsa
1009 753 1140 826 Christi
1161 755 1324 829 membra
1344 758 1418 854 ejus
1436 758 1580 828 incitata
1602 753 1766 852 exemplo
1791 753 1944 852 proprie
1957 753 2047 824 lame

471 874 723 948 detrimentum
756 899 830 944 non
858 874 1058 972 effugiunt?
1079 876 1187 962 Quod
1208 877 1355 974 quidem
1382 879 1575 974 OrigeneS,
1603 891 1642 946 ut
1663 875 1800 947 dictum
1820 887 1871 945 est
1888 879 1918 962 ¹,
1944 898 2047 969 quum

469 1012 614 1094 cuperet
632 998 786 1084 evitare,
807 997 946 1092 gravius
963 995 1030 1066 sibi
1054 979 1215 1094 corporis
1237 997 1492 1070 detrimentum
1510 997 1639 1068 inferre
1660 994 1836 1066 sustinuit.
1855 997 1927 1064 Nec
1940 993 2049 1064 solum

469 1118 504 1187 in
524 1117 688 1188 doctrina
705 1115 763 1187 vel
781 1117 1028 1187 exhortatione
1043 1116 1255 1189 feminarum
1274 1120 1364 1190 mira
1384 1133 1590 1190 sanctorum
1612 1131 1755 1216 patrum
1780 1115 1930 1186 charitas
1955 1115 2050 1184 inno

469 1237 547 1326 tuit,
568 1236 816 1308 verumetiam
832 1236 868 1306 in
886 1260 1010 1306 earum
1024 1236 1268 1308 consolatione
1283 1253 1354 1311 tam
1366 1238 1560 1310 vehemens
1576 1260 1839 1332 nonnunquam
1862 1234 1993 1322 extitit,
2017 1247 2050 1302 ut

470 1354 515 1425 ad
534 1381 658 1427 earum
676 1354 841 1427 dolorem
866 1347 1074 1428 leniendum
1089 1381 1162 1428 non
1178 1357 1275 1429 nulla
1299 1357 1383 1431 fidei
1411 1358 1560 1430 adversa
1584 1359 1792 1456 promittere
1817 1357 1909 1427 mira
1930 1379 2050 1426 eorum

469 1477 670 1574 compassio
699 1475 874 1548 videatur.
906 1476 1028 1563 Qualis
1059 1477 1205 1574 quidem
1233 1477 1291 1550 illa
1319 1493 1372 1550 est
1393 1477 1489 1550 beati
1509 1477 1684 1549 Ambrosii
1703 1476 1924 1570 consolatio,
1948 1501 2050 1575 quam

468 1622 574 1694 super
591 1611 707 1667 morte
730 1594 966 1666 Valentiniani
985 1597 1208 1694 imperatoris
1226 1599 1409 1669 sororibus
1429 1599 1505 1695 ejus
1527 1597 1681 1670 scribere
1701 1623 1808 1670 ausus
1830 1613 1902 1688 est,
1925 1615 1960 1670 et
1983 1599 2051 1693 ejus

468 1718 529 1812 qui
547 1717 824 1788 cathecumenus
850 1716 894 1786 sit
918 1714 1107 1788 defunctus
1123 1715 1273 1788 salutem
1293 1733 1467 1808 astruere,
1493 1717 1593 1814 quod
1615 1717 1721 1814 longe
1746 1743 1765 1788 a
1790 1717 1964 1789 catholica
1986 1715 2051 1787 fide

469 1849 575 1930 atque
597 1834 800 1930 evangelica
813 1835 958 1906 veritate
976 1834 1117 1906 videtur
1135 1835 1317 1908 dissidere.
1343 1841 1423 1908 Non
1442 1838 1538 1909 enim
1554 1836 1767 1935 ignorabant
1782 1863 1891 1935 quam
1912 1851 2052 1934 accepta

469 1959 546 2027 Deo
566 1981 708 2054 semper
732 1957 884 2027 extiterit
903 1958 1015 2028 virtus
1039 1956 1244 2028 infirmioris
1264 1984 1380 2030 sexus.
1402 1958 1504 2031 Unde
1522 1974 1556 2031 et
1574 1984 1687 2056 quum
1709 1960 1914 2030 innumeras
1938 1957 2054 2030 videa-

469 2101 550 2146 mus
565 2076 719 2173 virgines
730 2092 882 2148 matrem
896 2078 1042 2148 Domini
1056 2079 1093 2148 in
1103 2078 1210 2174 hujus
1226 2079 1440 2152 excellentiae
1454 2081 1640 2178 proposito
1660 2081 1782 2177 sequi,
1800 2104 1934 2178 paucos
1950 2103 2054 2176 agno

468 2196 599 2268 scimus
622 2197 719 2267 viros
745 2195 852 2292 hujus
872 2196 1009 2267 virtutis
1036 2198 1183 2292 gratiam
1207 2198 1374 2298 adept0s;
1401 2224 1444 2271 ex
1464 2223 1557 2296 qua,
1579 2223 1796 2297 quocunque
1815 2199 1916 2288 ierit,
1939 2200 2054 2296 ipsum

470 2317 570 2413 sequi
588 2321 742 2412 agnum¹
763 2316 934 2388 valerent.
956 2317 1065 2412 Cujus
1086 2317 1232 2415 quidem
1251 2319 1327 2391 zelo
1346 2319 1485 2391 virtutis
1503 2345 1616 2417 quum
1634 2319 1815 2392 nonnullae
1826 2319 1892 2392 sibi
1907 2343 2054 2390 manum

470 2436 662 2526 inferrent,
685 2451 723 2508 ut
742 2461 852 2533 quam
875 2441 952 2508 Deo
972 2453 1146 2510 voverant
1163 2439 1400 2536 integritatem
1419 2441 1525 2512 etiam
1545 2441 1661 2511 carnis
1677 2455 1950 2528 conservarent;
1981 2461 2054 2509 non

469 2555 587 2626 solum
611 2555 682 2626 hoc
705 2556 810 2627 ineis
833 2570 885 2626 est
904 2557 1182 2654 reprehensum,
1208 2559 1271 2630 sed
1295 2559 1392 2658 apud
1410 2560 1600 2659 plerosque
1617 2559 1693 2632 haec
1716 2563 1871 2659 ipsarum
1890 2560 2057 2655 martyria

471 2675 591 2752 titulos
612 2675 840 2748 ecclesiarum
858 2692 1078 2748 meruerunt.
1104 2682 1333 2777 Desponsatae
1355 2704 1500 2777 quoque
1519 2681 1694 2776 virgines,
1716 2682 1746 2750 si
1764 2697 1955 2777 antequam
1975 2680 2057 2751 viris

470 2797 542 2866 suis
557 2795 744 2897 carnaliter
764 2798 999 2890 misceantur,
1027 2799 1282 2870 monasterium
1305 2798 1528 2870 decreverint
1545 2799 1694 2896 eligere,
1713 2815 1748 2871 et
1765 2799 1914 2872 homine
1932 2823 2057 2897 repro·

470 2914 574 3005 bato,
596 2941 769 3014 sponsum
783 2915 851 2986 sibi
863 2921 981 2988 Deum
995 2916 1156 3007 efficere,
1173 2917 1322 2989 liberam
1341 2918 1378 2988 in
1397 2917 1467 2990 hoc
1479 2917 1615 2991 habent
1628 2918 1828 2991 facultatem
1841 2972 1851 3009 ,
1866 2943 1978 3015 qnam
1999 2943 2059 2988 ne-

469 3059 649 3132 quaquam
671 3036 754 3106 viris
771 3035 920 3132 legimus
937 3035 1125 3107 indultam.
1147 3040 1308 3123 Quarum
1326 3039 1431 3107 etiam
1449 3037 1626 3136 pleraeque
1641 3051 1739 3109 tauto
1752 3037 1799 3108 ad
1810 3038 2058 3110 castimoniam

470 3154 546 3228 zelo
564 3171 648 3227 sunt
665 3180 843 3244 accensae,
870 3170 909 3226 ut
926 3179 1000 3226 non
1020 3154 1138 3227 solum
1155 3171 1281 3227 contra
1298 3155 1383 3252 legis
1404 3156 1609 3229 decretum⁸
1626 3183 1693 3256 pro
1709 3156 1942 3230 custodienda
1956 3157 2061 3228 casti-

470 3288 540 3345 tate
558 3275 696 3348 virilem
719 3291 974 3374 presumerent
993 3273 1178 3364 habitum,
1198 3301 1322 3348 verum
1343 3279 1449 3349 etiam
1470 3280 1562 3352 inter
1581 3279 1779 3351 monachos
1800 3279 1905 3350 tantis
1917 3278 2062 3376 praemi·

471 3411 597 3466 nerent
614 3395 822 3485 virtutibus,
839 3411 879 3466 nt
895 3394 1040 3466 abbates
1057 3375 1132 3468 lieri
1143 3412 1386 3489 mererentur,
1407 3400 1498 3471 sicut
1514 3400 1559 3472 de
1576 3399 1680 3492 beata
1697 3400 1846 3497 legimus
1863 3399 2024 3496 Eugenia
2036 3400 2057 3486 ⁸,

471 3539 549 3612 quae
560 3531 683 3587 sancto
696 3518 802 3588 etiam
813 3516 1128 3615 Helenoepiscopo
1140 3519 1299 3600 conscio,
1311 3521 1384 3592 imo
1395 3520 1557 3617 jubente,
1569 3521 1707 3594 virilem
1717 3521 1880 3594 habitum
1890 3521 2059 3618 sumpsit,

471 3649 505 3706 et
523 3636 569 3707 ab
588 3661 632 3708 eo
649 3636 826 3736 baptizata
845 3637 1108 3709 monachorum
1125 3636 1275 3736 collegio
1294 3656 1347 3712 est
1362 3642 1506 3714 sociata.

520 3760 601 3827 Haec
621 3757 667 3827 ad
685 3758 979 3828 novissimarum³
997 3758 1210 3855 petitionum
1228 3773 1371 3835 tuarum
1391 3763 1567 3860 primam,
1589 3785 1692 3834 soror
1710 3763 1747 3833 in
1763 3761 1904 3833 Christo
1925 3760 2063 3834 charis·

471 3877 581 3966 sima,
604 3877 762 3949 mesatis
783 3879 1000 3976 rescripsisse
1021 3877 1194 3970 arbitror,
1219 3879 1265 3952 de
1283 3883 1493 3954 auctoritate
1514 3882 1678 3954 videlicet
1706 3881 1841 3955 ordinis
1864 3881 1999 3972 vestri,
2029 3896 2066 3952 et

470 3997 615 4094 insuper
634 3996 680 4068 de
700 3997 1014 4069 commendatione
1039 3999 1192 4097 propriae
1212 3999 1411 4098 dignitatis,
1431 4016 1470 4073 ut
1496 4016 1594 4074 tanto
1613 4002 1804 4074 studiosius
1822 4016 1946 4074 vestrae
1972 4025 2065 4100 pro·

471 4116 631 4188 fessionis
651 4117 877 4215 propositum
890 4117 1177 4216 amplectamini,
1196 4136 1332 4215 quanto
1351 4122 1427 4217 ejus
1445 4122 1688 4194 excellentiam
1705 4121 1857 4221 amplius
1871 4123 2062 4193 noveritis.

471 4241 571 4308 Nunc
595 4253 633 4308 ut
655 4237 849 4310 secundam
872 4262 1018 4335 quoque
1035 4239 1193 4310 Domino
1221 4257 1400 4313 annuente
1425 4241 1630 4341 perficiam,
1660 4244 1784 4316 vestris
1803 4241 1840 4313 id
1864 4242 2002 4316 meritis
2030 4257 2069 4313 et

469 4357 690 4429 orationibus
708 4356 903 4428 obtineam.
932 4357 1030 4429 Vale.

503 4593 511 4620 ¹
528 4593 631 4656 ausen..
647 4599 705 4648 Hire.
719 4599 826 4656 Eccles„
837 4597 879 4647 lib.
896 4597 946 4658 Vl,
961 4611 1018 4664 cap.
1029 4596 1125 4648 vrr.·-'
1136 4602 1247 4662 apocal„
1281 4602 1394 4662 Parrum,
1409 4603 1568 4670 Antverpiae,
1586 4606 1663 4668 1628,
1675 4604 1767 4664 infel„
1779 4620 1805 4670 p.
1820 4605 1877 4652 att.
1888 4629 1919 4640 -
1930 4603 1940 4630 ¹
1953 4605 2071 4655 Potitio-

469 4693 526 4744 περ.
541 4695 590 4731 mr.
605 4697 628 4730 v.
640 4685 664 4732 t.
676 4709 708 4718 -
719 4681 729 4708 ³
740 4683 849 4741 Denter„
861 4698 917 4749 cap.
929 4699 993 4743 xxrr,
1008 4698 1032 4734 v.
1044 4683 1069 4732 ὅ.
1079 4709 1110 4720 -
1124 4681 1135 4708 ⁴
1146 4683 1173 4734 ln
1190 4684 1248 4734 Vitta
1280 4701 1333 4735 nem
1344 4691 1524 4740 nomannorum
1535 4689 1585 4740 tts.
1598 4689 1669 4740 emb.
