4510 6108
714 569 772 640 DE
797 565 964 641 SANCTA
989 563 1183 637 SUSANNA
1210 562 1371 634 SERMO.
1765 557 1827 626 544

258 713 428 808 lnjuriam
449 735 551 784 suam
571 726 645 782 tam
669 712 756 808 ipse,
775 733 884 806 quam
905 707 1058 804 gloriosa
1080 721 1193 778 mater
1212 705 1303 801 ejus,
1325 727 1366 776 ac
1386 716 1463 774 tota
1483 699 1616 800 pariter
1637 696 1715 770 coeli
1736 696 1836 768 curia

259 829 412 928 desuper
427 828 635 901 intuebitur.
647 831 734 914 Quae
750 827 841 898 adeo
859 825 1062 922 impudens,
1079 825 1170 896 adeo
1184 825 1322 910 insana,
1341 836 1381 892 ut
1393 821 1491 891 bunc
1506 819 1658 891 maxime
1674 840 1749 886 non
1761 839 1837 885 eru·

258 947 392 1038 bescat,
406 963 440 1020 et
452 961 659 1047 expavescat
675 947 877 1044 aspectum?
893 947 1014 1032 Quum
1022 943 1102 1041 quis
1114 959 1149 1014 te
1164 941 1241 1015 salsi
1252 941 1409 1013 nominis
1419 938 1633 1011 christianus
1645 961 1752 1034 super
1765 935 1836 1005 boe

257 1070 464 1157 convenire,
482 1069 555 1139 imo
570 1067 827 1139 circumvenire
840 1065 1045 1153 tentaverit,
1064 1062 1193 1136 sufficit
1203 1063 1269 1134 tibi
1281 1087 1355 1132 uno
1365 1075 1400 1131 te
1409 1061 1529 1132 statim
1540 1082 1715 1156 responso
1723 1056 1837 1128 absol·

258 1212 362 1260 vere:
377 1188 571 1259 Assentiam
588 1186 652 1258 tibi
668 1187 705 1256 in
718 1187 800 1274 isto,
814 1186 843 1256 si
853 1185 973 1284 peragi
983 1198 1101 1282 potest
1112 1183 1226 1254 inscio
1236 1205 1371 1281 sponso
1382 1204 1477 1269 meo,
1491 1192 1553 1250 aut
1568 1179 1598 1250 si
1614 1178 1779 1250 fortiores
1792 1201 1836 1248 eo

258 1305 440 1397 fuerimus,
451 1331 524 1404 quo
538 1306 613 1402 ejus
627 1305 801 1378 offensam
813 1305 931 1376 minus
939 1305 1140 1375 timeamus.
1149 1303 1312 1398 Denique
1322 1298 1536 1371 instantibus
1545 1297 1735 1397 impudicis
1746 1299 1837 1368 seni-

257 1424 337 1515 bus,
354 1451 465 1524 quum
477 1428 513 1497 vi
524 1451 600 1497 non
612 1439 731 1525 posset
740 1449 802 1497 eos
812 1427 973 1496 Susanna
985 1422 1169 1520 repellere,
1181 1445 1245 1493 ore
1261 1443 1326 1492 usa
1334 1445 1401 1518 pro
1415 1417 1595 1508 manibus,
1613 1417 1713 1516 quod
1725 1443 1837 1489 unum

257 1542 425 1634 restabat,
441 1547 614 1643 impetum
630 1569 755 1615 eorum
770 1543 1003 1640 compescuit,
1022 1541 1224 1612 dieens¹....
1240 1539 1466 1637 Perpendite,
1483 1537 1650 1632 virgines,
1668 1536 1836 1608 virtutem

256 1665 465 1760 conjugatae,
476 1679 512 1736 et
527 1664 573 1736 dc
589 1665 783 1760 majoribus
793 1666 932 1735 minora
942 1663 1107 1758 cogitate.
1120 1665 1199 1731 Non
1211 1661 1342 1731 timetis
1350 1660 1476 1730 mortis
1482 1658 1694 1755 periculum,
1706 1658 1735 1729 si
1746 1681 1766 1728 a
1777 1682 1838 1728 vo·

256 1783 312 1854 bis
323 1784 543 1856 incestuosos
552 1779 1373 1883 repuleritis,sicutilla,utdictumest,faciebat.
1383 1783 1462 1849 Non
1472 1777 1834 1864 esttantaviseorum,

256 1914 297 1970 ut
313 1900 359 1973 ab
376 1902 461 2000 ipsis
477 1902 634 1973 clamore
647 1901 789 1973 liberari
800 1902 874 1972 sitis
884 1900 1090 1998 compulsae.
1109 1903 1178 1970 Aut
1193 1899 1222 1970 si
1231 1898 1385 1969 clamare
1403 1920 1548 1968 necesse
1556 1897 1614 1985 sit,
1627 1894 1762 1966 facilius
1772 1920 1836 1965 vos

254 2046 409 2118 sponsus
421 2047 530 2120 quam
541 2025 739 2094 Susannam
751 2021 915 2093 exaudiet
931 2021 1091 2109 maritus,
1103 2034 1138 2091 et
1153 2045 1227 2116 quo
1240 2033 1359 2117 potest
1367 2017 1532 2117 amplius,
1543 2016 1710 2088 liberabit
1718 2018 1832 2088 citius.

303 2148 458 2238 Egressae
478 2144 597 2240 itaque
613 2143 659 2214 de
677 2143 807 2214 lectulo
824 2157 962 2230 mente,
983 2144 1183 2212 Susannam
1206 2142 1243 2211 in
1266 2141 1348 2212 vico
1370 2140 1558 2236 requirite;
1583 2153 1623 2210 ut
1648 2163 1737 2236 quas
1761 2164 1834 2209 non

256 2261 421 2333 invenitis
436 2262 474 2333 in
490 2261 645 2333 claustro
661 2262 828 2349 virtutes,
848 2261 1032 2357 reperiatis
1053 2260 1090 2330 in
1114 2258 1255 2330 saeculo.
1277 2257 1403 2329 Videte
1421 2257 1509 2354 quid
1528 2260 1565 2329 in
1587 2273 1724 2329 secreto
1741 2282 1837 2328 com·

256 2379 445 2476 prehensa,
458 2378 546 2478 quid
562 2381 599 2451 in
616 2379 762 2478 publico
776 2379 922 2476 gesserit
934 2391 1109 2450 accusata.
1127 2382 1172 2448 Et
1188 2378 1272 2474 quia
1285 2391 1426 2474 partem
1437 2376 1561 2473 agonis
1573 2375 1648 2471 ejus
1660 2377 1736 2471 jam
1752 2377 1838 2448 dixi·

256 2522 348 2588 mus,
367 2523 446 2596 quae
461 2513 595 2570 restant
610 2497 765 2570 breviter
781 2497 1072 2595 perstringamus.
1093 2495 1290 2567 Deducitur
1306 2494 1378 2585 illa,
1395 2510 1434 2566 ut
1450 2495 1587 2568 dictum
1604 2509 1669 2583 est,
1686 2495 1732 2566 ad
1744 2496 1837 2592 judi-

254 2618 352 2690 cium
368 2643 452 2691 cum
469 2618 676 2719 parentibus
694 2633 729 2690 et
747 2617 844 2710 filiis,
866 2633 901 2691 et
919 2619 1092 2690 universis
1105 2618 1266 2715 cognatis
1282 2618 1367 2690 suis.
1397 2617 1578 2689 «Flebant
1592 2618 1698 2713 igitur
1714 2617 1782 2708 sui,
1801 2634 1836 2689 et

256 2763 382 2812 omnes
398 2741 461 2838 qui
477 2757 654 2814 noverant
664 2747 774 2814 eam¹.
795 2745 1058 2840 consurgentes
1073 2756 1194 2815 autem
1210 2739 1285 2811 duo
1302 2738 1500 2838 presbyteri
1510 2738 1548 2808 in
1562 2738 1682 2809 medio
1694 2739 1832 2836 populi,

255 2873 453 2955 posuerunt
475 2884 602 2932 manus
623 2885 704 2948 suas
724 2887 831 2960 super
848 2877 956 2961 caput
975 2863 1063 2958 ejus.
1088 2863 1176 2948 Quae
1201 2857 1308 2947 llens,
1332 2857 1488 2955 suspexit
1512 2856 1559 2930 ad
1583 2855 1726 2928 coelum.
1751 2861 1835 2929 Erat

252 2978 351 3048 enim
367 3003 431 3049 cor
447 2978 521 3074 ejus
537 2978 706 3052 fiduciam
721 2982 859 3054 habens
872 2985 910 3053 in
927 2983 1102 3070 Domino,
1122 2995 1158 3052 et
1179 2981 1344 3052 dixerunt
1360 2979 1558 3078 presbyteri
1580 3007 1619 3050 ια
1632 2982 1753 3064 Quum
1770 2979 1834 3050 de·

256 3097 552 3172 «ambularemus
569 3100 606 3171 in
628 3104 792 3198 pomario
809 3101 893 3191 soli,
912 3116 980 3173 etc.
994 3129 1013 3170 n
1033 3106 1076 3173 Et
1091 3127 1156 3172 vos
1172 3102 1309 3198 itaque,
1330 3101 1395 3198 piae
1411 3099 1583 3195 virgines,
1603 3099 1833 3169 innocentem

253 3231 468 3308 matronam,
481 3233 517 3290 ct
529 3234 666 3291 tantam
679 3223 913 3293 sustinentem
929 3221 1097 3316 injuriam
1108 3221 1170 3319 pio
1182 3220 1441 3319 prosequimini
1458 3218 1557 3308 fletu,
1573 3234 1614 3289 ut
1629 3242 1702 3316 quo
1720 3218 1834 3317 major

252 3349 369 3408 vestra
388 3336 492 3408 luerit
509 3339 728 3436 compassi0,
744 3339 939 3435 jocundior
956 3339 1081 3410 existat
1096 3339 1298 3411 innocentis
1314 3338 1491 3410 liberatio,
1517 3338 1666 3409 Flebant
1682 3363 1755 3408 non
1775 3362 1833 3408 so-

252 3451 327 3524 lum
344 3456 412 3544 sui,
431 3454 495 3526 sed
506 3480 634 3528 omnes
648 3459 711 3553 qui
728 3473 905 3530 noverant
917 3481 1015 3547 eam;
1037 3483 1112 3529 non
1129 3458 1276 3553 quidem
1294 3481 1432 3548 omnes,
1452 3457 1515 3554 qui
1526 3456 1602 3553 ejus
1616 3457 1760 3529 laudem
1777 3483 1836 3529 au·

252 3571 409 3661 dierant,
432 3599 511 3670 quae
531 3574 648 3645 nullos
665 3590 727 3646 aut
747 3599 883 3673 paucos
901 3575 1011 3648 latere
1032 3591 1191 3673 poterat,
1210 3575 1273 3647 sed
1294 3577 1357 3672 qui
1377 3577 1429 3647 rei
1445 3577 1631 3648 veritatem
1647 3576 1766 3648 multis
1783 3579 1835 3648 in-

253 3692 353 3764 diciis
369 3695 503 3792 experti
514 3694 666 3766 fuerant.
687 3700 727 3766 ln
744 3696 904 3768 medium
921 3713 1086 3768 matrona
1102 3697 1324 3769 sanctissima
1340 3697 1506 3788 trahitur,
1525 3713 1561 3770 et
1576 3698 1751 3770 innocens
1767 3725 1833 3798 pro

252 3837 312 3884 rea
328 3813 505 3885 statuitur.
524 3815 655 3885 Anxius
671 3814 833 3900 maritus,
853 3815 948 3886 anxii
963 3829 1038 3886 tam
1054 3829 1219 3912 parentes
1236 3839 1345 3910 quam
1362 3814 1436 3904 filii,
1455 3831 1491 3887 et
1508 3819 1712 3915 omnesqui
1729 3843 1835 3890 nove·

252 3946 334 4003 rant
354 3957 450 4022 eam,
479 3948 614 4031 quanto
637 3933 777 4030 pudore
797 3933 955 4021 confusi,
978 3934 1120 4029 quantis
1141 3932 1306 4029 lacrymis
1331 3934 1464 4031 perfusi
1489 3935 1565 4030 ejus
1589 3937 1833 4010 innocentiam

253 4050 499 4148 deplorarent,
522 4053 601 4150 quis
624 4075 909 4123 commemorare
925 4051 982 4122 vel
998 4051 1155 4148 cogitare
1172 4077 1246 4123 non
1263 4051 1442 4149 plorando
1458 4055 1586 4149 queat?
1602 4053 1750 4126 Solitam
1768 4080 1832 4126 na·

252 4185 339 4242 turae
363 4196 471 4269 quam
497 4171 729 4242 humanitatis
753 4171 982 4242 immemores
1007 4195 1109 4242 senes
1131 4172 1167 4241 in
1190 4171 1265 4266 ejus
1281 4171 1475 4267 judicium,
1497 4173 1571 4242 imo
1591 4198 1697 4244 suum
1713 4175 1832 4272 potius

251 4313 466 4386 consurgere
487 4291 579 4380 ausi,
606 4304 642 4361 et
662 4288 866 4362 immundas
887 4314 1015 4362 manus
1035 4304 1165 4363 sanctae
1181 4290 1305 4360 vertici
1321 4290 1397 4385 ejus
1418 4291 1644 4388 imponentes
1660 4306 1832 4389 tanquam

250 4410 496 4480 testimonium
517 4410 752 4480 accusationis
773 4410 809 4480 in
831 4433 910 4481 enm
932 4409 1061 4480 dicturi
1081 4437 1089 4481 ε
1107 4413 1257 4496 «Quum
1274 4409 1598 4498 deambularemus,
1614 4439 1631 4478 u
1649 4413 1829 4509 inquiunt,

253 4557 271 4594 n
290 4529 328 4599 in
345 4531 509 4626 pomario
524 4527 610 4617 soli,
630 4542 699 4599 etc.
714 4555 733 4594 »
756 4533 868 4617 Bene,
891 4529 1051 4625 inquam,
1070 4528 1203 4617 dicitis,
1225 4555 1243 4595 n
1255 4527 1580 4618 deambularemus,
1595 4559 1614 4596 n
1632 4544 1667 4600 et
1686 4560 1703 4597 u
1716 4530 1795 4619 soli,
1812 4561 1829 4598 n

301 4772 395 4839 Bene
418 4784 537 4841 autem
561 4792 685 4866 quum·
699 4767 836 4839 dictum
851 4768 897 4838 sit
916 4796 924 4839 :
947 4797 964 4835 u
977 4769 1239 4866 Consurgentes
1255 4769 1292 4839 in
1310 4767 1430 4841 medio
1449 4769 1587 4867 populi,
1607 4795 1734 4842 manus
1750 4795 1831 4843 suas

250 4910 358 4984 super
374 4902 482 4985 caput
497 4888 585 4982 ejus,
602 4914 619 4951 x
642 4885 761 4957 statim
778 4885 987 4981 adjunctum
1008 4901 1073 4976 est,
1096 4911 1204 4984 «quae
1225 4884 1314 4957 flens
1339 4888 1496 4984 suspexit
1517 4887 1563 4960 ad
1584 4887 1732 4978 coelum;
1755 4905 1830 4961 erat
1911 4901 1914 4907 '

286 5156 294 5181 ¹
311 5155 356 5206 llic
368 5156 462 5208 videtur
470 5157 557 5208 deesse
570 5175 576 5207 ε
592 5175 604 5201 ⁸
616 5155 640 5208 Si
650 5157 697 5209 hcc
708 5172 791 5224 egero,
803 5173 868 5211 mors
878 5157 936 5210 mibi
946 5169 992 5210 cat.
1003 5178 1015 5206 ι
1028 5158 1078 5199 -'
1091 5159 1165 5223 llau„
1177 5173 1234 5226 cap.
1249 5175 1307 5223 xnr,
1316 5175 1340 5209 r.
1350 5161 1392 5211 33.
1402 5185 1435 5198 -
1446 5155 1457 5186 “
1469 5157 1545 5222 lbld.,
1555 5175 1578 5210 v.
1590 5159 1632 5208 25.
