4510 6108
703 571 746 644 lN
772 569 982 644 PASSlONE
1006 567 1160 644 DOMINI
1185 571 1346 646 SERMO.
1560 655 1564 662 Ι
1741 569 1808 640 451

234 743 311 790 non
332 719 469 788 tamen¹
494 716 589 788 auris
610 715 682 787 hoc
708 714 789 786 loco
815 712 947 786 dicitur
967 737 1076 810 quam
1102 715 1277 804 auricula,
1296 711 1368 786 hoc
1384 725 1437 784 cst
1457 712 1552 784 auris
1568 735 1691 810 parva.
1711 711 1816 782 Pauci

234 838 368 936 quippe
386 850 470 908 sunt
486 835 606 925 electi,
626 833 673 907 ad
689 859 732 906 ea
747 859 826 932 quae
847 833 893 905 de
913 817 1026 906 salute
1048 835 1175 906 animae
1195 833 1364 908 dicunmr
1385 825 1700 906 accommodantes
1722 828 1819 903 audi·

221 971 313 1032 ,tum
327 983 336 1026 ε
351 969 387 1026 et
402 953 502 1052 quod
518 952 565 1026 de
580 952 782 1028 coelestibus
797 951 1011 1050 praedicatur
1027 953 1084 1024 vix
1101 955 1183 1052 capi
1198 969 1334 1053 potest,
1353 969 1388 1026 et
1404 978 1471 1052 pro
1488 953 1681 1025 subtilitate
1695 947 1820 1022 intelli·

236 1077 379 1173 gentiae,
398 1076 500 1173 quasi
517 1075 615 1147 tenui
632 1075 727 1148 auris
744 1074 919 1146 foramine
936 1073 983 1145 ad
999 1074 1110 1146 animi
1126 1076 1289 1173 pervenit
1301 1073 1531 1174 intellectum.
1548 1073 1656 1161 Quod
1669 1098 1756 1146 vero
1773 1070 1819 1141 de

237 1192 381 1266 duobus
397 1193 574 1292 praedictis
590 1193 714 1291 gladiis
731 1194 908 1265 Dominus
925 1192 991 1264 ait:
1007 1221 1024 1258 a
1041 1193 1132 1264 Satis
1149 1208 1220 1282 est,
1238 1208 1311 1265 »et
1327 1208 1409 1292 post
1425 1193 1709 1292 amputationem
1732 1191 1823 1262 auri·

239 1315 327 1386 culae
342 1313 453 1386 dixit:
476 1314 620 1386 «Sinite
636 1313 708 1385 huc
734 1337 864 1411 usque,
888 1340 905 1381 a
934 1311 981 1384 ad
1007 1313 1215 1408 mysterium
1242 1313 1394 1412 respexit
1420 1315 1473 1385 rei
1498 1311 1713 1409 significatae.
1740 1315 1821 1383 Duo

238 1437 377 1534 quippe'
390 1435 497 1532 gladii
513 1437 675 1534 superius
696 1434 855 1507 distincti
876 1433 923 1506 ad
943 1433 1178 1506 exercendam
1190 1435 1364 1531 justitiam
1386 1433 1567 1507 sufficiunt
1583 1432 1764 1521 Ecclesiae,
1784 1448 1823 1503 ut

238 1556 547 1653 quemadmodum
568 1556 681 1630 homo
699 1582 740 1628 ex
757 1557 876 1628 anima
898 1571 1039 1680 gonstat
1060 1571 1096 1628 et
1115 1580 1241 1644 carne,
1265 1557 1314 1628 ita
1334 1557 1372 1627 in
1393 1555 1449 1626 his
1471 1554 1613 1626 duobus
1634 1553 1708 1626 duo
1730 1578 1824 1624 exer-

239 1693 387 1750 ceantur
404 1677 529 1774 gladii,
548 1680 640 1775 regis
656 1677 804 1777 quidem
820 1679 858 1748 in
875 1702 1045 1776 corpore,
1064 1676 1259 1749 sacerdotis
1275 1679 1312 1749 in
1331 1679 1463 1750 anima.
1486 1677 1651 1764 «Sinite,
1671 1702 1688 1743 a
1708 1675 1824 1771 inquit

239 1797 446 1897 discipulis,
462 1827 479 1868 a
500 1824 614 1895 usque
630 1799 720 1887 huc,
736 1828 754 1866 »
773 1813 813 1871 ut
834 1797 999 1870 videlicet
1020 1799 1180 1871 contenti
1202 1812 1320 1872 vestra
1340 1811 1533 1896 potestate,
1560 1821 1636 1868 non
1662 1796 1759 1895 plus,
1785 1813 1826 1866 ut

239 1917 378 1989 dictum
394 1933 463 2007 est,
483 1921 704 2017 praesumatis
719 1917 902 2007 vindictae,
923 1943 1033 2015 quam
1049 1917 1212 1992 dextram
1228 1918 1425 1991 auriculam
1442 1931 1640 2015 amputare.
1660 1921 1827 2013 Amputa-

240 2053 314 2110 tam
331 2063 353 2110 a
368 2042 473 2110 Petro
490 2038 686 2110 auriculam
703 2039 879 2110 Dominus
896 2040 1103 2129 restituens,
1127 2063 1336 2136 percussum
1357 2053 1477 2129 sanat,
1495 2038 1580 2136 qnia
1596 2038 1672 2132 ejus
1688 2049 1742 2108 est
1757 2061 1829 2134 poe·

241 2159 429 2234 nitentium
442 2159 634 2256 inspirare,
649 2183 721 2256 qua
734 2173 903 2257 peccator
918 2156 1058 2247 redeat,
1072 2173 1107 2228 et
1118 2157 1230 2230 verbo
1246 2158 1368 2231 salutis
1384 2156 1633 2230 reconciliatus
1649 2153 1825 2227 intendat.

242 2281 275 2350 Ο
292 2277 536 2350 misericordia
551 2276 762 2352 salvatoris!
782 2303 805 2348 o
822 2278 987 2374 impietas
1003 2277 1265 2376 persequentis!
1286 2281 1396 2351 Sanat
1411 2302 1621 2378 percussum
1637 2277 1827 2364 Dominus,

242 2412 278 2468 et
296 2397 461 2495 persequi
478 2421 554 2468 non
571 2411 686 2470 cessat
701 2412 859 2470 sanatus.
872 2397 1098 2484 ,Beneficium
1120 2399 1284 2496 suscipit,
1310 2414 1346 2470 et
1368 2400 1405 2470 in
1429 2396 1670 2470 obstinatione
1694 2421 1758 2472 sua
1780 2398 1832 2467 in·

243 2531 362 2612 gratus
379 2517 546 2614 persistit.
564 2515 697 2588 Vident
708 2529 954 2613 persecutores
966 2516 1198 2604 miraculum,
1214 2516 1534 2617 necpersequendi
1551 2518 1744 2590 immutant
1760 2517 1832 2588 ani·

242 2661 357 2708 mum.
377 2633 574 2730 Corrigitur
590 2649 811 2733 persecutor,
830 2649 869 2704 ut
885 2649 997 2706 cesset
1014 2635 1228 2731 persecutio.

296 2757 523 2856 «Converte,
546 2781 563 2820 a
583 2753 700 2850 inquit
719 2756 846 2840 Petro,
868 2751 1059 2848 «gladium
1076 2767 1178 2824 tuum
1199 2754 1237 2824 in
1254 2753 1434 2848 vaginam.
1447 2754 1574 2826 Omnis
1591 2755 1688 2826 enim
1699 2755 1762 2850 qui
1776 2778 1833 2825 ac-

244 2875 378 2974 ceperit
395 2873 569 2969 gladium,
584 2872 703 2970 gladio
720 2872 862 2971 peribit.
874 2900 891 2940 n
901 2874 972 2960 Qui
989 2874 1182 2972 acceperit,
1201 2873 1334 2970 inquit,
1355 2874 1400 2946 ad
1417 2873 1675 2964 occidendum,
1690 2899 1764 2946 non
1775 2875 1834 2946 cui

245 2993 396 3067 traditus
407 3009 460 3064 est
476 3017 498 3064 a
514 3007 710 3091 potestate,
726 2993 802 3090 ipse
819 2989 938 3087 gladio
953 2991 1083 3088 dignus
1101 3007 1154 3064 est
1170 2992 1327 3064 interire.
1343 3019 1361 3060 n
1374 2995 1427 3064 An
1444 3007 1548 3090 putas
1565 2994 1736 3089 quianon
1750 3017 1834 3089 pos-

243 3137 327 3184 sum
343 3135 469 3208 rogare
485 3127 624 3211 patrem
642 3135 784 3199 meum,
803 3125 840 3182 et
853 3109 1033 3182 exhibebit
1044 3111 1133 3199 mihi
1143 3110 1255 3183 modo
1265 3110 1345 3209 plus
1354 3135 1464 3208 quam
1472 3110 1666 3184 duodecim
1677 3112 1834 3208 legiones

244 3231 477 3328 angelorum?
491 3259 509 3300 n
529 3235 578 3304 Ac
595 3234 624 3303 si
641 3246 763 3330 aperte
779 3230 876 3302 dicat
891 3259 898 3301 :
914 3235 994 3302 Non
1012 3254 1099 3328 egeo
1120 3231 1228 3302 vestri
1250 3230 1442 3302 duodecim
1467 3230 1660 3304 bominum
1685 3231 1836 3330 patroci-

245 3355 329 3443 nio,
348 3355 424 3444 cui,
447 3355 476 3425 si
494 3353 639 3443 vellem,
659 3353 696 3425 in
714 3351 844 3424 auxilio
862 3352 1001 3426 adesset
1020 3367 1121 3426 tanta
1138 3351 1347 3448 angelorum
1363 3351 1570 3424 multitudo.
1595 3357 1634 3422 ln
1660 3351 1721 3424 illa
1744 3351 1836 3423 hora

246 3473 338 3544 dixit
352 3477 452 3570 Jesus
468 3473 602 3548 turbis'.
621 3500 629 3542 ε
653 3476 868 3569 «Tanquam
885 3471 931 3543 ad
946 3471 1126 3544 latronem
1143 3473 1260 3544 existis
1277 3497 1360 3544 cum
1378 3471 1501 3568 gladiis
1518 3487 1553 3544 et
1570 3471 1721 3542 fustibus
1741 3495 1838 3542 com·

245 3592 472 3692 prehendere
489 3617 559 3664 me.
579 3591 750 3680 Quotidie
767 3591 864 3690 apud
880 3617 946 3663 vos
968 3591 1138 3665 sedebam
1161 3595 1198 3663 in
1224 3593 1383 3690 templa,
1412 3608 1447 3665 et
1472 3618 1548 3665 non
1574 3618 1634 3664 me
1659 3592 1834 3664 tenuistis.

246 3715 372 3797 Quum
388 3711 550 3810 quotidie
565 3711 753 3783 vobiscum
769 3713 807 3782 in
823 3711 960 3809 templo
982 3711 1128 3801 fuerim,
1147 3736 1224 3783 non
1242 3712 1449 3784 extendistis
1470 3714 1508 3784 in
1526 3737 1584 3785 me
1601 3737 1741 3786 manus.
1766 3711 1836 3783 Sed

244 3831 327 3902 haec
343 3845 396 3902 est
411 3830 502 3903 hora
518 3846 651 3921 vestra,
671 3847 706 3902 et
721 3843 879 3929 potestas
899 3829 1142 3902 tenebrarum.
1166 3834 1245 3900 Hoc
1266 3845 1386 3904 autem
1407 3846 1526 3902 toturn
1549 3833 1683 3904 lactum
1705 3846 1779 3919 est,
1798 3847 1838 3903 ut

245 3949 486 4047 implerentur
502 3953 684 4050 scripturae
701 3949 973 4049 prophetarum.
989 3954 1087 4021 Tunc
1103 3948 1270 4047 disciprdi
1285 3975 1425 4039 omnes,
1440 3951 1564 4022 relicto
1579 3976 1637 4040 eo,
1657 3951 1835 4047 sugerunt.
1885 3975 1889 3984 ’

248 4067 467 4142 Adolescens
483 4069 631 4167 quidam
647 4069 862 4167 sequebatur
879 4094 962 4140 eum
980 4070 1130 4140 amictus
1150 4061 1304 4141 sindone
1326 4094 1433 4168 super
1454 4070 1573 4160 nudo,
1592 4085 1629 4142 et
1645 4085 1839 4142 tenuerunt

249 4212 351 4258 eum.
365 4193 409 4258 At
425 4187 496 4278 ille,
516 4188 638 4262 relicta
653 4188 820 4277 sindone,
839 4187 958 4260 nudus
974 4188 1133 4287 profugit
1148 4187 1243 4260 soras
1260 4187 1415 4260 abeis.»
1434 4193 1605 4262 Latrones
1623 4190 1659 4260 in
1676 4189 1743 4260 viis
1759 4189 1841 4260 insi·

249 4309 333 4381 dias
357 4309 527 4398 tendunt,
548 4309 642 4382 sures
661 4313 700 4381 in
722 4309 903 4382 domibus.
929 4309 1037 4397 Quod
1061 4324 1181 4383 autem
1206 4310 1274 4399 ait,
1297 4339 1314 4377 n
1334 4324 1507 4408 tanquam
1533 4310 1578 4383 ad
1604 4310 1800 4399 latronem,
1818 4338 1836 4377 »

250 4427 327 4500 tale
342 4444 395 4500 est
411 4444 584 4528 tanquam
596 4431 643 4503 ad
655 4455 755 4520 eum,
771 4432 833 4528 qui
845 4431 942 4504 viam
955 4426 1137 4520 obsidens,
1151 4430 1418 4504 transeuntibus
1428 4429 1629 4522 insidiatur,
1644 4455 1712 4502 nec
1723 4445 1841 4502 tutum

250 4561 320 4620 aut
335 4548 488 4620 liberum
504 4551 555 4622 eis
571 4552 761 4624 transitum
777 4551 969 4650 permittit,
988 4576 1101 4649 quum
1117 4565 1174 4639 tu,
1194 4553 1367 4641 DomIne,
1386 4552 1464 4649 ipsa
1479 4552 1527 4624 sis
1543 4551 1662 4649 potius
1680 4551 1755 4639 via,
1779 4552 1841 4646 qui

251 4668 418 4740 dixisti³t
441 4697 458 4736 a
475 4671 550 4778 Ego
567 4695 646 4743 sum
662 4672 740 4761 via,
758 4672 906 4761 veritas,
926 4685 962 4742 et
977 4671 1063 4742 vita.
1079 4697 1097 4738 n
1117 4669 1304 4760 Quotidie,
1323 4669 1395 4741 hoc
1411 4685 1465 4742 est
1482 4670 1687 4768 frequenter
1703 4671 1740 4740 in
1757 4685 1844 4741 tem·

252 4781 339 4888 plo,
358 4787 422 4858 ubi
438 4813 563 4862 omnes
580 4791 819 4880 conveniunt,
839 4788 966 4862 sedens
982 4792 1084 4889 quasi
1101 4815 1264 4879 securus,
1281 4815 1357 4862 non
1374 4792 1411 4862 in
1428 4790 1660 4880 abscondito,
1680 4813 1781 4863 more
1797 4789 1845 4860 la·

251 4907 375 4979 tronis
391 4905 517 4980 latens.
539 4908 643 4981 Unde
660 4923 696 4981 et
712 4934 733 4981 a
748 4908 895 4982 latendo
912 4909 1004 4982 latro
1021 4924 1074 4982 est
1090 4909 1299 5008 appellatus.
1320 4916 1364 4983 Et
1383 4936 1497 5008 quum
1518 4910 1704 4983 manifeste
1725 4911 1775 4983 sic
1796 4935 1846 4982 se-

296 5181 304 5206 ¹
325 5181 383 5231 Tam
395 5192 462 5233 certe
472 5181 610 5249 legendum.
625 5183 675 5222 κ’
688 5184 783 5248 llattlr.,
793 5201 815 5236 c.
829 5201 900 5244 xxvi,
913 5199 938 5236 v.
951 5185 991 5234 56.
1001 5211 1018 5223 -
1028 5185 1114 5246 llere„
1129 5199 1183 5251 cap.
1199 5201 1250 5248 xrs,
1261 5201 1284 5234 v.
1299 5185 1340 5235 ta.
1352 5209 1386 5221 -
1397 5183 1407 5212 ⁸
1422 5183 1504 5244 ioan..
1516 5198 1572 5251 cap.
1585 5200 1635 5248 nv,
1647 5200 1671 5234 v.
1682 5185 1707 5232 6.
