4588 6106
473 659 546 734 2⁰8
909 660 1038 732 PETRI
1064 657 1300 731 ABAELARDl
1327 659 1383 732 ΕΤ
1406 658 1633 732 llllbOlSSAE

474 817 558 876 sunt
574 804 612 876 in
623 804 673 874 eis
688 802 853 901 plurima.
870 799 1011 872 Etenim
1025 823 1247 874 successores
1259 800 1403 873 illorum
1412 798 1756 872 commendaverunt
1769 795 1850 868 illos
1864 798 2056 868 memoriae.

477 925 580 995 Venit
593 938 712 995 autem
730 921 912 1018 generatio
924 945 1110 1019 quaenunc
1123 935 1188 1014 est,
1202 937 1238 994 et
1249 921 1388 1020 scripsit
1398 921 1435 992 in
1447 919 1579 1022 chartis
1592 934 1699 1016 atque
1712 916 1948 1009 membranis,
1965 933 2000 988 et
2011 943 2062 990 re·

473 1043 592 1140 posuit
606 1043 644 1113 iu
657 1039 817 1130 fenestris
831 1041 958 1136 otiosa.
978 1068 997 1108 u
1017 1042 1109 1112 Hinc
1127 1057 1163 1116 et
1180 1041 1291 1114 abbas
1309 1041 1486 1114 Palladius
1504 1038 1777 1112 addiscendum
1796 1038 1930 1136 pariter
1942 1052 1978 1109 et
1994 1036 2060 1108 do-

459 1161 629 1234 ¹cendum
649 1185 717 1233 nos
736 1160 968 1234 vehementer
986 1161 1201 1254 adhortans,
1224 1163 1314 1234 ait¹:
1341 1191 1360 1231 ιι
1376 1166 1528 1260 Oportet
1544 1161 1700 1232 animam
1716 1157 1915 1232 secundum
1932 1157 2062 1231 Christi

471 1281 693 1354 voluntatem
701 1299 972 1356 conversantem
984 1297 1046 1354 aut
1056 1283 1191 1356 discere
1199 1281 1351 1356 fideliter
1363 1282 1573 1379 quasnescit,
1585 1279 1783 1352 autdocere
1793 1277 2060 1376 manifestequae

472 1402 585 1472 novit.
599 1429 617 1470 u
633 1403 669 1473 Si
681 1417 801 1474 autern
815 1418 1007 1500 utrumque
1019 1427 1132 1500 quum
1143 1404 1256 1502 possit
1266 1402 1440 1493 conruit,
1451 1401 1595 1473 insaniae
1608 1399 1737 1471 morbo
1750 1398 1901 1471 laborat.
1916 1399 2060 1469 Initium

472 1522 569 1594 enim
587 1521 779 1594 recedendi
793 1548 815 1596 a
828 1527 905 1595 Deo
920 1523 1099 1596 fastidium
1116 1522 1288 1596 doctrinae
1304 1538 1380 1614 est,
1402 1538 1437 1594 et
1458 1547 1572 1619 quum
1596 1545 1671 1592 non
1691 1519 1826 1620 appetit
1850 1517 1937 1590 illud
1961 1518 2060 1615 quod

472 1666 614 1741 semper
629 1647 747 1718 anima
761 1647 889 1737 esurit,
902 1645 1088 1745 quomodo
1098 1646 1211 1744 diligit
1224 1649 1341 1718 Deum
1348 1645 1464 1716 illinc
1475 1659 1511 1716 et
1521 1643 1646 1716 beatus
1660 1641 1875 1715 Anastasius*
1887 1641 1925 1710 in
1934 1637 2060 1712 exhor·

471 1767 605 1838 tatione
619 1766 900 1858 monachorum,
916 1769 953 1839 in
967 1783 1105 1840 tantum
1118 1766 1279 1840 discendi
1291 1766 1349 1840 vel
1360 1766 1503 1863 legendi
1513 1765 1672 1838 studium
1685 1761 1932 1853 commendat,
1945 1777 1984 1834 ut
1994 1787 2057 1861 per

470 1883 542 1957 hoc
560 1887 665 1958 etiam
685 1891 864 1961 orationes
877 1889 1062 1962 intermitti
1081 1888 1240 1961 suadeat.
1262 1917 1281 1956 ιι
1298 1892 1458 1986 Pergam,
1473 1915 1491 1954 s
1502 1887 1630 1984 inquit,
1650 1913 1669 1953 u
1682 1909 1748 1984 per
1763 1885 1942 1956 tramitem
1960 1884 2060 1955 vitae⁸

467 2020 613 2080 nostrae.
635 2009 795 2082 Primum
807 2009 1026 2083 abstinentiae
1037 2008 1279 2106 cura‚jejuuii
1290 2008 1478 2109 patientia,
1491 2006 1618 2080 orandi
1629 2004 1835 2097 assiduitas,
1848 2021 1883 2077 et
1895 2003 2056 2101 legendi,

471 2125 526 2198 vel
540 2128 570 2198 si
587 2129 666 2225 quis
674 2128 793 2201 adhuc
801 2130 998 2202 litterarum
1011 2153 1135 2229 expers
1149 2130 1205 2220 sit,
1216 2128 1386 2201 audiendi
1397 2129 1440 2200 sit
1449 2127 1664 2200 desiderium
1675 2125 1869 2224 cupiditate
1884 2123 2056 2197 discendi.

469 2251 551 2320 lltec
564 2249 660 2320 enim
674 2251 788 2347 prima
802 2251 994 2349 suntquasi
1006 2250 1211 2323 lactantium
1226 2249 1487 2322 cunabulorum
1500 2249 1537 2320 in
1548 2247 1614 2320 Dei
1625 2247 1806 2344 agnitione
1818 2245 2026 2344 crepundia.
2040 2275 2057 2312 u

469 2371 513 2440 Et
525 2383 608 2468 post
625 2369 742 2468 aliqua
756 2397 869 2468 quum
880 2373 1122 2472 praemisisset:
1142 2371 1399 2444 «Orationibus
1414 2394 1501 2442 vero
1517 2369 1566 2442 ita
1577 2367 1784 2440 instandum
1803 2379 1869 2457 est,
1884 2365 1985 2464 quod
2002 2366 2060 2438 rix

468 2510 528 2559 eas
540 2489 686 2586 aliquod
699 2505 839 2589 tempus
851 2491 1053 2590 interpolet,
1064 2519 1082 2559 u
1094 2507 1218 2590 postea
1232 2491 1395 2588 subjecit:
1416 2520 1434 2560 ιι
1445 2495 1528 2581 llas,
1546 2491 1574 2562 si
1592 2487 1670 2561 lieri
1684 2503 1813 2588 potest,
1830 2487 1906 2559 sola
1921 2486 2060 2583 legendi

468 2605 697 2708 intercapedo
708 2609 919 2708 disrumpat.
932 2639 950 2679 n
968 2615 1090 2709 Neque
1102 2613 1198 2683 euim
1213 2611 1298 2683 alias
1313 2616 1437 2683 Petrus
1450 2608 1632 2709 apostolus
1646 2603 1894 2680 admonerent:
1912 2634 1931 2674 ιι
1946 2607 2059 2678 Parati

468 2751 610 2826 semper
628 2744 741 2802 estote
759 2731 805 2802 ad
818 2731 994 2804 rationem
1006 2731 1229 2804 reddendam
1241 2731 1288 2803 ad
1300 2755 1427 2803 omnes
1441 2745 1630 2830 poscentes
1641 2753 1707 2801 vos
1721 2728 1767 2800 de
1777 2727 1888 2801 verbo
1902 2725 1987 2799 fidei
2000 2751 2059 2798 ve·

469 2862 548 2919 strae
567 2863 602 2919 et
613 2849 698 2946 spei.
714 2878 730 2916 u
752 2855 796 2920 Et
817 2851 1041 2949 Apostolus⁸z
1065 2881 1083 2917 ιι
1098 2857 1177 2920 Νοιι
1194 2875 1372 2922 cessamus
1390 2875 1456 2948 pro
1476 2849 1580 2922 vobis
1594 2863 1757 2938 orantes,
1782 2862 1821 2919 ut
1840 2846 2058 2945 impleamini

469 2967 649 3063 agnitione
662 2969 737 3063 ejus
756 2970 793 3040 in
810 2971 911 3042 omni
928 2970 1101 3068 sapientia
1114 2983 1149 3042 et
1162 2969 1342 3042 intellectu
1359 2968 1578 3068 spirituali.»
1595 2972 1639 3040 Et
1661 2969 1845 3039 rursum⁸2
1869 2994 1887 3034 ιι
1901 2965 2058 3038 Verbum

469 3089 597 3161 Christi
607 3089 744 3162 habitet
760 3091 798 3160 in
812 3090 914 3162 vobis
927 3088 1153 3162 abundanter
1164 3091 1201 3161 in
1214 3091 1317 3161 omni
1328 3090 1513 3187 sapientia.
1526 3117 1544 3157 s
1555 3092 1645 3160 Nam
1657 3089 1694 3160 in
1708 3088 1827 3159 Veteri
1834 3091 2058 3158 Testamento

468 3209 620 3282 similem
631 3209 837 3280 hominibus
847 3233 970 3281 euram
982 3233 1090 3281 sacrae
1102 3209 1350 3308 praeceptionis
1360 3207 1551 3280 inculcavit
1558 3207 1753 3306 eloquium.
1769 3207 1827 3279 Sic
1835 3207 1932 3278 enim
1945 3206 2059 3278 David

469 3330 555 3400 ait⁷2
580 3359 597 3396 ιι
615 3333 742 3402 Beatus
760 3331 814 3402 vir
831 3331 892 3428 qui
912 3355 985 3401 non
1006 3329 1090 3401 abiit
1108 3331 1145 3400 iu
1164 3329 1313 3402 consilio
1326 3331 1544 3426 impiorum,
1566 3345 1602 3402 et
1613 3331 1650 3401 in
1662 3331 1719 3402 via
1736 3343 1966 3429 peccatorum
1976 3353 2057 3400 non

470 3452 583 3539 stetit,
604 3451 694 3521 etin
713 3446 882 3523 cathedra
899 3450 1106 3549 pestilentias
1123 3475 1198 3523 nou
1220 3449 1334 3540 sedit3
1354 3451 1419 3523 sed
1435 3453 1472 3522 in
1491 3451 1568 3550 lege
1584 3453 1730 3524 Domini
1747 3451 1913 3524 voluntas
1935 3451 2055 3547 ejus.»

469 3573 514 3641 Et
530 3570 576 3640 ad
598 3574 719 3642 lesum
740 3575 837 3642 Nave
854 3575 951 3643 Deus
972 3570 1167 3668 loquitur⁸z
1187 3599 1205 3639 ιι
1218 3575 1297 3643 Νοιι
1317 3571 1460 3645 recedet
1478 3572 1568 3644 liber
1584 3573 1650 3645 iste
1669 3573 1716 3645 de
1732 3571 1897 3644 manibus
1916 3573 2003 3662 tuis,
2025 3585 2059 3641 et

469 3689 697 3762 meditaberis
720 3691 757 3762 in
780 3691 902 3763 eo'die
921 3716 962 3763 ac
985 3707 1103 3763 nocte.
1125 3719 1142 3758 u
1172 3693 1233 3763 His
1259 3717 1405 3790 quoque
1430 3695 1581 3791 negotiis
1604 3693 1779 3765 malarum
1803 3693 2057 3790 cogitationum

469 3808 605 3881 lubrica
632 3811 835 3908 frequenter
856 3837 894 3883 se
916 3813 1102 3909 ingerunt,
1136 3826 1170 3884 et
1198 3813 1360 3910 quamvis
1386 3815 1464 3913 ipsa
1491 3814 1658 3888 sedulitas
1684 3815 1845 3886 animum
1874 3813 1920 3883 ad
1943 3817 2057 3884 Deum

468 3945 610 4027 praestet
628 3921 827 4024 intentum,
849 3931 956 4020 ellicit
973 3949 1093 4006 tamen
1113 3933 1149 4004 in
1169 3958 1206 4006 se
1221 3932 1372 4006 mordax
1384 3934 1494 4006 seculi
1506 3959 1591 4007 cura
1604 3933 1806 4006 sollicitum.
1824 3931 1932 4021 Quod
1946 3935 1975 4005 si
1988 3931 2057 4004 hoc

407 4153 412 4160 Ι
470 4049 673 4148 frequenter
699 4054 904 4154 importune
929 4056 1062 4153 patitur
1090 4055 1257 4151 religioso
1276 4055 1390 4128 labori
1408 4055 1572 4148 deditus,
1597 4080 1784 4154 nunquam
1808 4055 1969 4155 profecto
1994 4053 2058 4126 illis

471 4171 604 4244 carebit
621 4175 769 4246 otiosus.
792 4179 836 4246 Et
853 4175 977 4248 beatus
996 4201 1086 4275 papa
1105 4177 1299 4273 Gregorius
1316 4177 1379 4250 lib.
1401 4177 1533 4250 Moral.
1551 4180 1651 4249 xlx·
1666 4207 1675 4249 ι
1699 4209 1716 4246 t<
1734 4182 1821 4267 Quae
1839 4193 2023 4276 tempora,
2038 4203 2055 4241 u

470 4294 598 4391 inquit,
623 4323 641 4364 ιι
652 4297 726 4392 jam
740 4321 837 4368 nunc
856 4297 1043 4369 inchoasse
1062 4299 1343 4394 ingemiscimus,
1364 4323 1477 4395 quum
1497 4299 1627 4371 multos
1647 4299 1740 4372 intra
1754 4297 1948 4371 Ecclesiam
1961 4299 2072 4397 posi-⁴

470 4428 526 4485 tos
546 4416 745 4506 ceruimus,
766 4418 827 4514 qui
847 4431 908 4489 aut
924 4417 1052 4488 nolunt
1067 4419 1212 4516 operari
1230 4418 1330 4515 quod
1350 4418 1571 4518 intelligunt,
1592 4435 1653 4492 aut
1670 4421 1742 4492 hoc
1770 4420 1888 4519 ipsum
1913 4441 2057 4516 quoque

470 4559 609 4608 sacrum
629 4537 813 4634 eloquium
835 4539 1031 4636 intelligere
1054 4564 1096 4610 ac
1117 4563 1223 4612 nosse
1244 4555 1493 4614 contemnunt.
1519 4543 1710 4615 Aventate
1735 4544 1832 4614 enim
1861 4554 2056 4612 avertentes

470 4659 656 4751 auditum,
678 4661 724 4733 ad
743 4661 879 4734 fabulas
897 4677 1155 4735 convertuntur
1176 4692 1183 4734 :
1205 4662 1294 4735 dum
1315 4693 1332 4732 ιι
1351 4688 1477 4738 omnes
1496 4691 1576 4763 quae
1593 4689 1656 4738 sua
1677 4681 1760 4738 sunt
1776 4679 1960 4763 quaerunt,
1983 4687 2056 4734 nou

473 4809 490 4845 ιι
511 4805 590 4876 quae
605 4785 687 4852 lesu
706 4782 835 4855 Christi
843 4785 874 4853 ¹⁰.
891 4813 908 4852 u
931 4785 1069 4883 Scripta
1087 4785 1152 4856 Dei
1169 4783 1301 4882 ubique
1320 4801 1481 4885 reperta,
1497 4803 1732 4887 opponuntur
1749 4786 1884 4878 oculis3
1906 4785 1969 4858 sed
1982 4786 2056 4857 haec

503 5038 512 5064 ¹
528 5039 575 5088 Vir.
589 5039 709 5099 Putrem,
724 5050 788 5104 part.
798 5042 829 5092 ll.
840 5067 866 5078 -
881 5042 943 5095 'Sic
954 5045 977 5096 in
988 5045 1047 5096 edit.
1066 5044 1136 5096 dmb.
1153 5045 1248 5111 Legem
1280 5060 1304 5096 ι.
1330 5047 1369 5098 15.
1382 5048 1436 5086 -¹
1451 5049 1554 5109 soloas,
1572 5065 1628 5115 cap·
1646 5063 1670 5108 ¹·
1686 5063 1708 5097 V·
1723 5047 1749 5098 9·
1759 5048 1922 5108 “0⁰¹⁰“o
1939 5061 1994 5114 ⁰⁸?-
2014 5062 2053 5108 ¹¹¹·

470 5123 528 5174 dum
542 5123 604 5178 lorte
619 5127 703 5174 beatur
721 5127 881 5188 Augustinus,
893 5145 1030 5196 quanquam
1042 5129 1123 5182 locum
1134 5130 1175 5181 bic
1187 5130 1251 5181 alla-
1283 5145 1307 5180 ι.
1326 5132 1366 5180 tc.
1376 5129 1425 5168 -'
1435 5132 1525 5184 Psalm.
1541 5148 1567 5190 ι.
1583 5147 1607 5182 ι.
1629 5135 1652 5182 l.
1663 5130 1715 5170 -⁸
1729 5131 1820 5192 larue,
1840 5146 1893 5198 cap.
1909 5147 1932 5191 ι,
1952 5145 1976 5180 ι.
1992 5131 2016 5178 8.
2028 5155 2056 5165 -·

470 5216 521 5258 turn
544 5207 569 5260 in
591 5207 706 5274 operibus
728 5209 776 5260 diri
797 5212 922 5277 Augustini
940 5215 1050 5280 reperire
1067 5231 1115 5265 uon
1130 5215 1208 5280 potui.
1221 5242 1250 5252 -
1286 5213 1361 5266 'tiu
1371 5215 1441 5278 lllll,
1452 5231 1507 5284 cap.
1522 5231 1588 5282 m,
1602 5217 1663 5280 opp.
1673 5225 1694 5266 t.
1706 5215 1730 5277 l,
1741 5216 1894 5269 eol.b³l.·-
1904 5215 1927 5244 ‘⁰
1940 5215 2057 5277 Pttupp„

472 5290 746 5345 'Siccodhmb-Vioe
754 5295 800 5348 Ed.
814 5295 938 5348 harh-⁴
948 5299 1014 5351 Petr.
1025 5301 1105 5363 spur.
1117 5301 1139 5360 l,
1149 5315 1205 5368 cap.
1216 5317 1252 5364 nr,
1286 5315 1344 5368 cap.
1356 5317 1388 5365 n,
1401 5317 1425 5353 ι.
1436 5303 1478 5351 tt.
1709 5327 1715 5332 ·
