4522 6102
755 664 771 704 ι’
858 651 1059 730 artuum·
1098 649 1119 710 t.
1143 659 1212 712 ἐι·
1711 636 1762 706 69

185 809 276 866 adhuc
288 804 434 878 religionis
445 813 521 866 ture,
538 797 586 854 sed
600 798 782 852 honestarum
795 791 888 848 tamelt
904 801 932 845 et
945 787 1128 847 laudabilium
1147 784 1303 840 studiorum
1320 789 1433 836 tuorum
1449 779 1519 834 mihi
1537 779 1613 834 tama
1627 779 1758 834 innotuit.

185 899 340 960 audiebam
356 907 427 950 tunc
439 891 574 965 temporis
588 888 751 953 mulierem,
769 885 834 942 licet
850 883 970 940 necdum
985 879 1068 936 seculi
1089 873 1393 948 nexibuseapsditam,
1411 872 1582 928 litteratorie
1598 873 1717 927 scientia
1734 883 1762 926 et

185 992 280 1048 studio
293 988 422 1046 secularis
434 985 575 1058 sapientire
590 999 728 1038 smumm
743 997 854 1052 operam
871 977 947 1032 dare.
964 977 1030 1044 Quo
1042 969 1182 1026 efferendo
1201 969 1295 1024 stadio
1313 979 1382 1036 tuos
1401 979 1430 1023 et
1449 967 1581 1024 mulieres
1594 985 1689 1023 omnes
1704 970 1762 1021 eri-

186 1087 264 1150 cisti,
278 1095 384 1156 etpeue
393 1081 466 1136 viros
476 1079 619 1133 universus
631 1073 777 1146 superasti.
791 1071 856 1126 Mox
870 1087 948 1135 vero,
960 1067 1041 1138 juata
1051 1064 1133 1119 verba
1145 1060 1277 1136 apostoli,
1291 1071 1325 1115 ut
1339 1059 1549 1133 complacuit‘ei
1563 1061 1613 1135 qui
1627 1071 1656 1114 te
1672 1077 1761 1131 segre-

188 1179 263 1254 gavit
279 1176 315 1232 ab
327 1186 410 1230 utero
430 1171 527 1228 matris
540 1181 608 1234 tuas,
628 1185 677 1241 per
693 1167 810 1238 gratiam
825 1181 919 1228 suam,
938 1161 1021 1233 longe
1038 1160 1068 1213 iu
1084 1155 1189 1212 melius·
1199 1153 1409 1227 disciplinarum
1424 1151 1718 1218 aneia-commutasti,
1736 1165 1763 1208 et

188 1289 241 1343 pro
261 1267 350 1341 logica
367 1262 564 1337 Evangelium,
586 1277 637 1333 pro
655 1260 769 1332 physica
790 1253 963 1328 apostolum,
984 1269 1034 1324 pro
1050 1249 1165 1305 Platone
1181 1247 1345 1312 Christum,
1371 1261 1423 1317 pro
1444 1245 1591 1300 Academia
1612 1247 1762 1302 claustrum

189 1373 245 1418 tota
263 1361 321 1430 jam
339 1367 367 1412 et
387 1373 450 1412 vere
469 1351 662 1428 philosophica
678 1348 779 1404 mulier
800 1346 946 1420 elegisti.»
963 1342 1133 1415 Religiosam
1146 1357 1260 1415 quoque
1271 1337 1404 1393 feminam
1416 1345 1445 1389 et
1459 1346 1515 1391 tam
1528 1337 1665 1394 hebraicis
1681 1359 1764 1412 quam

187 1453 281 1510 latinis
298 1449 403 1506 litteris
421 1445 548 1520 adprime
563 1442 703 1499 eruditam
720 1441 803 1496 fuisse
817 1449 932 1494 testatur·
949 1431 1192 1491 autissiodorensis
1208 1430 1377 1494 monachus,
1397 1445 1448 1484 uec
1460 1445 1516 1484 nou
1533 1430 1624 1502 ipsum
1641 1434 1760 1504 par-sets.

188 1558 265 1602 tense
283 1539 474 1598 calendarium
495 1536 626 1611 gallicum
639 1537 684 1590 his
699 1534 809 1588 verbis:
827 1529 963 1598 «Heloise
976 1545 1054 1582 mere
1065 1537 1095 1582 et
1110 1525 1248 1599 premiere
1263 1522 1356 1578 abesse
1375 1520 1412 1578 de
1425 1537 1520 1588 ceant,
1542 1521 1577 1576 de
1595 1520 1721 1578 doctrine
1738 1537 1766 1579 et

189 1637 307 1711 religion
327 1645 382 1692 tres
404 1629 645 1705 resplendissante.
665 1651 677 1680 r
706 1626 791 1697 Quod
815 1623 938 1698 apertius
953 1621 1046 1676 adhuc
1063 1618 1185 1675 declarat
1200 1616 1361 1674 Abelardus
1381 1617 1440 1690 ipse
1458 1615 1515 1668 suis
1532 1613 1567 1668 ad
1583 1631 1644 1668 earn
1658 1619 1767 1690 scriptis

190 1727 322 1805 epistolis.
338 1728 374 1784 Et
388 1727 417 1780 in
432 1721 632 1780 Emortauonc
644 1720 680 1775 de
691 1719 849 1776 litterarum
866 1715 960 1772 studio
976 1713 1011 1769 ad
1029 1714 1149 1786 virgines
1166 1711 1382 1785 paracletenses:
1395 1731 1408 1759 c
1423 1709 1627 1782 magisterium,
1640 1711 1765 1784 »inquit

193 1848 206 1874 a
221 1822 327 1880 habetis
345 1821 375 1874 in
392 1829 499 1886 matre,
517 1815 593 1891 quod
607 1814 643 1870 ad
660 1814 755 1869 omnia
772 1811 848 1868 vobis
870 1808 1008 1874 sufficere,
1028 1817 1085 1862 tam
1102 1805 1138 1861 ad
1153 1805 1312 1878 exemplum
1331 1803 1435 1858 scilicet
1456 1802 1608 1871 virtutum,
1628 1821 1712 1877 quam
1735 1807 1769 1860 ad

192 1916 347 1972 doctrinam
362 1912 519 1972 litterarum
537 1918 627 1982 potest
645 1930 652 1961 :
669 1923 729 1981 que
747 1923 805 1960 uon
820 1903 911 1958 solum
925 1901 1030 1968 latine,
1049 1917 1145 1955 verum
1160 1900 1244 1953 etiam
1266 1908 1322 1954 tam
1344 1897 1480 1952 hebraice
1499 1915 1582 1970 quam
1606 1913 1696 1970 grece
1714 1916 1769 1953 non

192 2025 291 2082 expers
302 2005 480 2071 litterature,
499 2001 556 2058 sola
568 2001 623 2056 boc
637 2009 764 2072 tempore
778 1995 854 2052 illam
869 1995 956 2050 trium
971 1993 1133 2066 linguarum
1150 1991 1249 2064 adepta
1263 1990 1391 2063 peritiam
1408 1988 1534 2058 videtur,
1553 2005 1613 2064 quas
1629 1990 1664 2045 ab
1679 1993 1771 2046 omni-

193 2104 247 2157 bus
255 2103 284 2156 in
293 2101 373 2156 beato
381 2095 556 2166 Hieronymo
568 2103 701 2166 tanquam
716 2089 864 2162 singularis
883 2087 971 2160 gratia
986 2084 1187 2159 predicatur.»
1206 2081 1379 2154 [Elenchum
1391 2081 1593 2136 abbatissarum
1611 2083 1771 2138 monasterii

193 2191 388 2268 paracletensis
405 2205 489 2262 quem
509 2184 582 2241 And.
598 2185 791 2255 Quercetauus
810 2181 857 2236 hic
877 2180 1048 2247 inseruerat,
1070 2186 1183 2232 auctum
1202 2186 1231 2232 et
1248 2173 1427 2230 emendatum
1445 2172 1592 2230 retulimus
1613 2173 1647 2228 ad
1669 2175 1771 2230 calcem

194 2286 311 2358 hujusce
322 2278 502 2352 voluminis]
1684 2271 1688 2278 '

230 2379 337 2436 Verum
351 2385 383 2430 ut
395 2374 454 2429 haec
466 2372 558 2440 Note,
573 2388 633 2444 quae
646 2368 681 2424 ab
694 2365 838 2423 Abelardo
851 2374 1011 2438 coeperunt,
1027 2366 1055 2420 in
1072 2382 1138 2420 euru
1156 2363 1285 2420 similiter
1304 2363 1447 2432 desinant,
1473 2363 1567 2436 paucis
1588 2381 1663 2417 nunc
1682 2362 1774 2417 adhuc

196 2467 422 2544 subjungendum
439 2464 516 2540 quod
533 2465 591 2537 ipse
610 2464 640 2518 iu
653 2461 777 2516 Historia
796 2459 984 2514 calamitatum
999 2476 1111 2514 suarum
1132 2458 1243 2529 omisit,
1265 2475 1364 2530 nempe
1380 2440 1641 2512 condemnationem
1661 2456 1774 2510 alteram

196 2563 258 2619 libri
269 2563 313 2618 sui
326 2561 361 2618 de
374 2559 514 2616 Trinitate
526 2555 643 2614 Senoms
654 2555 770 2622 iactam,
781 2552 817 2608 de
829 2571 884 2628 qua
897 2551 936 2606 sic
949 2551 1027 2607 Otho
1038 2551 1222 2624 Frisingeusis
1233 2551 1308 2606 inter·
1319 2561 1444 2618 ceteros,
1458 2549 1506 2604 lib.
1519 2549 1577 2604 lde
1586 2549 1680 2604 Rebus
1691 2554 1776 2621 gestas

197 2654 340 2712 Frederr'cr'
350 2654 381 2722 1,
397 2670 456 2724 cap.
468 2667 551 2706 xtvrrr
562 2673 568 2704 ι
579 2672 592 2701 ι
605 2645 726 2704 sedente
739 2647 768 2702 in
782 2646 851 2701 urbe
864 2643 954 2700 Roma
967 2644 1141 2712 innocentio,
1156 2649 1184 2698 lu
1200 2643 1314 2698 Francia
1328 2659 1392 2697 vero
1402 2642 1541 2698 Ludovico
1553 2642 1670 2698 senioris
1684 2643 1777 2697 Ludo-

196 2748 247 2803 rici
260 2747 318 2802 lilio
334 2754 485 2818 regnante,
500 2742 600 2797 Petrus
613 2739 790 2806 rihelardus,
806 2739 840 2794 ab
858 2738 994 2810 episcopis
1008 2736 1163 2810 abbateque
1182 2735 1324 2790 Beruardo
1344 2735 1436 2790 denuo
1455 2735 1490 2790 ad
1510 2735 1680 2791 audientiam
1705 2735 1778 2810 apud

197 2843 318 2900 &nonas
332 2849 471 2904 evocatur,
486 2834 666 2910 presentibus
685 2833 825 2890 Ludovico
839 2849 920 2906 rege,
939 2833 963 2885 T
966 2829 1173 2904 heobaldoque;
1188 2830 1310 2903 palatino
1330 2831 1447 2898 comite,
1461 2840 1489 2884 et
1500 2829 1561 2884 aliis
1573 2829 1729 2897 nobilibus,
1745 2831 1780 2885 de

198 2935 356 3011 populoque
370 2930 532 2988 innumeris.
547 2929 602 2984 Ubi
617 2927 685 2984 dum
700 2927 736 2982 de
750 2925 804 2982 lide
815 2944 865 2982 sua
878 2925 1076 2991 discuteretur,
1095 2923 1261 2978 seditionem
1280 2921 1376 2996 populi
1397 2924 1513 2990 timens,
1533 2921 1689 2994 apostolice
1709 2923 1781 2978 sedis

198 3027 372 3103 presentiam
385 3023 538 3098 appellavit.
551 3021 681 3094 Episcopi
694 3037 759 3074 vero
771 3018 855 3074 simul
866 3028 894 3074 et
904 3017 987 3073 abhas
998 3017 1082 3072 missa
1095 3015 1131 3071 ad
1143 3034 1286 3071 romanam
1303 3014 1445 3070 ecclesiam
1465 3015 1617 3088 legatione,
1633 3034 1664 3070 ac
1677 3017 1717 3070 eis
1730 3033 1781 3087 pro

197 3120 304 3196 quibus
316 3117 498 3191 impetebatur
510 3114 655 3188 capitulis,
670 3111 858 3168 damnationis
869 3111 929 3184 ejus
942 3110 1106 3166 seutentiam
1121 3110 1151 3164 in
1164 3109 1265 3164 litteris
1278 3118 1499 3182 reportaverunt.
1521 3131 1534 3158 a

233 3213 315 3268 Idem
334 3220 447 3266 narrant
465 3209 549 3270 etiarn
571 3207 750 3262 continuator
768 3204 923 3277 sigeberti,
939 3202 1080 3258 Robertus
1093 3200 1356 3269 Autissiodorensis,
1371 3199 1542 3257 Guillelmus
1554 3201 1692 3275 Naugius,
1708 3203 1781 3258 Vin-

199 3307 307 3364 centius
320 3303 503 3368 Belvacemis,
518 3301 638 3356 Joannes
650 3298 744 3356 Sancti
759 3295 883 3354 Victoris
896 3296 1061 3361 canonicus,
1075 3295 1202 3349 chronici
1213 3294 1372 3348 turonensis
1382 3293 1510 3366 scriptor,
1522 3304 1552 3349 et
1562 3293 1621 3350 alii.
1634 3293 1689 3351 Sed
1702 3295 1783 3350 aliter

200 3417 283 3472 qnam
302 3411 412 3462 omnes,
439 3395 602 3467 aeriumque
619 3391 713 3449 animo
732 3388 888 3446 Gauiridus
906 3387 1112 3446 claraevallensis
1131 3385 1285 3442 monachus
1301 3386 1350 3443 lib.
1365 3386 1408 3441 Ill
1431 3387 1503 3446 Vite
1525 3391 1612 3444 sancti
1634 3389 1782 3456 bernardi,

200 3510 260 3564 cap.
275 3507 292 3543 v
308 3487 432 3561 [Script.
455 3505 508 3542 rer.
529 3485 638 3556 gallic,
657 3493 677 3538 t.
695 3480 776 3548 XIV,
792 3499 820 3554 p.
835 3479 921 3552 ³7⁴1,
938 3498 1025 3554 quum
1045 3480 1102 3535 ait:
1116 3502 1134 3532 s
1146 3479 1213 3535 Fuit
1232 3479 1261 3534 in
1286 3477 1386 3536 diebus
1406 3479 1460 3535 illis
1480 3480 1579 3536 Petrus
1602 3481 1783 3551 Abailardus‚

202 3583 334 3656 magister
354 3579 487 3652 iusignia,
513 3587 542 3633 et
566 3573 765 3632 celeberrimus
789 3573 818 3628 in
843 3573 978 3645 opinione
1000 3574 1136 3637 scientie,
1156 3571 1205 3627 scd
1224 3572 1261 3628 de
1282 3571 1336 3627 fide
1353 3573 1459 3646 perfide
1478 3574 1676 3649 dogmatizans.
1696 3577 1784 3649 Cujus

202 3693 289 3752 quum
310 3671 491 3746 blasphemiis
509 3669 590 3742 plena
613 3666 781 3741 gravissimis
798 3663 914 3721 volitare
927 3665 1053 3739 undiquc
1076 3665 1178 3739 scripta
1200 3667 1361 3739 coepissent,
1377 3667 1507 3740 profanas
1528 3671 1663 3725 novitates
1685 3688 1784 3728 vocum

202 3779 229 3824 et
245 3782 378 3823 marsum
391 3764 443 3819 viri
464 3761 570 3818 eruditi
590 3769 674 3835 atque
695 3757 790 3814 fideles
806 3757 842 3812 ad
860 3757 911 3814 Dei
930 3759 1090 3824 homiuem,
1104 3768 1232 3813 sanctum
1244 3759 1430 3828 bernardum,
1446 3761 1624 3817 detulerunt:
1638 3765 1687 3837 qui
1700 3766 1785 3820 nimi-

203 3877 264 3914 rum
294 3855 374 3914 solita
398 3856 522 3913 bonitate
547 3864 576 3910 et
598 3852 772 3924 benignitate
801 3850 962 3908 desiderans
984 3869 1109 3906 errorem
1130 3853 1249 3925 corrigi,
1273 3851 1416 3909 hominem
1438 3873 1493 3910 non
1512 3856 1662 3926 conlundi,
1683 3871 1786 3916 secreta

204 3951 283 4006 illurn
304 3948 495 4007 admonitione
516 3947 652 4003 convenit.
668 3947 810 4019 Cumque
827 3945 910 4000 etiam
924 3954 980 3999 tam
998 3943 1123 3998 modeste
1140 3953 1255 4017 tamque
1268 3947 1469 4003 rationabiliter
1481 3951 1552 4024 egit,
1570 3961 1602 4006 ut
1611 3951 1660 4008 ille
1675 3971 1788 4028 quoque

206 4053 388 4118 compunctos
400 4041 435 4097 ad
447 4043 535 4116 ipsius
545 4039 694 4096 arbitrium
707 4048 900 4094 correcturum
912 4055 940 4094 se
954 4038 1131 4110 promitteret
1144 4039 1280 4094 uniuersa.
1290 4040 1437 4112 Ceterum,
1445 4061 1534 4117 quum
1543 4047 1698 4104 recessisset
1706 4047 1742 4104 ab
1755 4067 1788 4105 ρο

204 4136 305 4194 Petrus
317 4135 405 4204 idem,
421 4133 542 4191 consiliis
556 4131 714 4188 stimulatus
727 4131 847 4206 iniquia,
861 4141 889 4186 et
902 4131 1007 4204 ingenii
1023 4131 1067 4187 sui
1082 4129 1186 4186 viribus
1203 4130 1382 4208 plurimoque
1395 4137 1527 4192 exercitio
1541 4136 1702 4211 disputandi
1715 4141 1787 4196 inle-

205 4228 297 4284 liciter
308 4227 411 4294 fidens,
425 4225 523 4282 resiliit
535 4244 551 4280 a
563 4223 707 4299 proposito
720 4223 834 4278 saniori.
847 4223 986 4296 Expeteus
999 4221 1120 4298 denique
1129 4241 1309 4279 senonensem
1323 4227 1584 4300 metropolitanum,
1598 4231 1675 4306 quod
1688 4233 1718 4287 in
1730 4235 1791 4305 ejus

206 4321 319 4378 ecclesia
337 4319 537 4376 celebrandum
557 4318 632 4375 soret
650 4317 678 4373 in
698 4317 826 4390 proximo
841 4315 946 4390 grande
961 4311 1125 4386 concilium,
1148 4316 1372 4373 clarevallensem
1393 4331 1522 4378 causatur
1538 4323 1666 4380 abbatem
1685 4327 1742 4380 auis
1760 4327 1789 4380 in

206 4417 314 4473 occulto
332 4415 482 4472 detrahere
503 4412 592 4468 libris.
614 4410 703 4468 Addit
722 4429 835 4485 quoque
854 4422 982 4485 paratum
997 4429 1100 4468 ecesse
1117 4413 1146 4467 irr
1159 4411 1270 4486 publico
1284 4429 1333 4468 sua
1346 4413 1496 4471 defendere
1508 4417 1626 4491 scripta,
1640 4435 1741 4492 rogans
1758 4429 1790 4473 ut

206 4508 356 4584 praedictus
369 4507 470 4576 abbas,
482 4505 609 4561 dicturus
623 4505 646 4559 si
659 4503 729 4578 quid
744 4503 875 4569 haberet,
892 4503 927 4560 ad
940 4505 1091 4560 concilium
1106 4517 1259 4562 vocaretur.
1273 4507 1388 4562 Factum
1400 4519 1442 4563 est
1454 4519 1486 4563 ut
1499 4510 1656 4583 postulavit.
1671 4510 1727 4568 Sed
1739 4529 1792 4567 ro-

208 4613 283 4658 catus
294 4600 380 4658 abbas
392 4600 486 4654 venire
497 4597 610 4672 penitus
623 4597 774 4665 recusavit,
789 4614 872 4654 suum
882 4595 937 4652 hoc
948 4613 1004 4653 uon
1016 4613 1074 4653 esse
1087 4600 1259 4655 renuntians.
1269 4599 1368 4656 Postea
1382 4610 1473 4656 tamen
1488 4619 1654 4675 magnorum
1666 4605 1790 4660 virorum

209 4693 325 4751 monitis
337 4691 439 4756 derum
454 4688 676 4745 nevidehcetex
693 4689 780 4762 ipsius
799 4689 924 4746 absentia
946 4689 1105 4745 scandalum
1126 4690 1245 4764 populo,
1268 4703 1297 4748 et
1317 4711 1421 4748 cornua
1441 4704 1597 4751 crescerent
1617 4695 1790 4769 adversario,

210 4788 323 4844 manum
337 4802 456 4860 pergere
469 4783 620 4858 acquievit,
633 4783 722 4838 tristis
734 4781 864 4856 quidem,
879 4799 931 4838 nee
943 4783 1003 4839 sine
1015 4783 1144 4856 lacrymis
1152 4801 1287 4853 annuem,
1302 4788 1375 4842 siout
1387 4787 1416 4840 in
1429 4787 1545 4859 epistola
1553 4787 1589 4845 ad
1597 4807 1698 4864 papam
1709 4791 1793 4848 Inno-

211 4882 334 4938 centium
343 4879 403 4952 ipse
412 4885 542 4945 testatur,
552 4877 583 4931 iu
591 4894 646 4950 qua
653 4874 763 4948 plenius
773 4873 982 4950 ludicidiusque
991 4878 1137 4950 negotium
1149 4895 1233 4935 omne
1247 4880 1436 4954 pruseqaitur.
1451 4879 1540 4936 attuit
1553 4879 1626 4949 dies,
1639 4893 1669 4941 et
1679 4883 1793 4941 ecclesia

212 4974 320 5048 copiosa
336 4969 482 5038 convenit,
498 4968 548 5024 ubi
562 4968 641 5024 aDei
655 4965 854 5022 lamulu.Petri
871 4966 947 5025 illius
964 4968 995 5024 in
1014 4969 1139 5025 medium
1159 4971 1262 5043 scripta
1279 4971 1385 5044 prolata
1396 4983 1483 5042 sunt,
1505 4984 1533 5029 et
1551 4975 1655 5030 erroris
1673 4975 1794 5050 capitula

213 5067 363 5143 designata.
382 5065 506 5120 Demum
519 5062 561 5118 illi
574 5062 654 5136 optio
666 5061 730 5120 data
744 5071 802 5130 est,
821 5073 870 5118 aut
887 5081 935 5119 sua
948 5081 1007 5120 esse
1027 5065 1162 5139 negandi,
1185 5075 1234 5120 aut
1252 5081 1377 5124 errorem
1387 5065 1540 5123 ¹humiliter
1552 5067 1725 5142 corrigendi,
1746 5084 1795 5126 aut

212 5157 415 5235 respondendi,
428 5158 451 5212 si
463 5165 564 5230 posset,
575 5154 740 5228 objiciendis
752 5153 805 5210 sibi
817 5156 973 5212 rationibus
983 5158 1127 5231 pariteret
1139 5168 1297 5214 sanctorum
1310 5159 1476 5216 testimoniis
1489 5171 1610 5234 patrum.
1620 5162 1659 5219 At
1670 5159 1731 5232 ille,
1744 5181 1795 5218 nec

212 5255 306 5313 voleus
319 5252 498 5327 resipiscere,
520 5269 573 5308 uec
590 5249 685 5308 voleus
702 5249 830 5308 miscere
842 5251 983 5325 sapientia
1000 5263 1031 5308 et
1050 5253 1163 5327 spiritui
1182 5254 1231 5328 qui
1249 5251 1432 5329 loquebaturs
1448 5263 1480 5311 ut
1499 5265 1609 5331 tempus
1629 5255 1794 5325 redimeret,
