4522 6104
740 553 971 628 EXPOSlTlO
998 557 1042 630 ΙΝ
1065 555 1358 629 HEXAMERON·
1772 563 1843 637 665
1936 637 1941 648 ,

263 717 388 766 omnes
405 693 451 766 ad
467 694 622 765 invicem
638 692 837 789 conjunctas
854 693 1010 766 sedecim
1032 692 1186 784 faciunt,
1211 696 1273 792 qui
1289 695 1451 793 profecto
1471 721 1640 769 numerus
1657 698 1844 773 duodena·

261 816 316 885 rio
335 815 450 912 major
467 827 532 886 est.
551 812 725 884 Diminuti
749 836 835 884 vero
853 827 937 884 sunt
953 838 1109 910 quorum
1130 814 1292 912 partibus
1318 818 1533 914 computatis
1550 833 1585 888 et
1601 817 1670 889 sibi
1693 821 1846 916 conjun-

261 935 327 1006 ctis
351 958 493 1007 summa
514 932 624 1006 totius
648 929 753 1005 reddi
776 955 851 1002 non
872 947 1011 1029 potest,
1031 948 1071 1005 ut
1096 948 1150 1006 est
1175 935 1380 1007 octonarius
1401 963 1409 1004 :
1429 935 1488 1006 hic
1514 937 1647 1035 quippe
1676 964 1847 1014 numerus

261 1051 418 1123 mediam
434 1065 573 1149 partem
589 1049 700 1122 habet
714 1052 1002 1146 quaternarium,
1023 1067 1188 1148 quartam
1209 1053 1409 1154 biparium,
1429 1068 1594 1126 octavam
1615 1082 1748 1147 unum3
1769 1084 1847 1156 quae

260 1169 366 1241 simul
379 1172 511 1265 junctae
527 1169 769 1266 septenarium
785 1169 940 1257 iaciunt,
958 1193 1067 1266 quem
1083 1171 1271 1242 octonario
1288 1171 1467 1244 minorem
1484 1197 1559 1244 esse
1576 1191 1728 1246 constat.

311 1318 328 1356 u
347 1290 457 1386 Igitur
474 1288 621 1386 perlecti
637 1304 733 1360 sunt.
757 1317 775 1356 u
795 1290 888 1377 Quia
910 1289 1077 1363 videlicet
1102 1289 1295 1380 elementa,
1314 1305 1354 1361 ut
1372 1290 1508 1363 dictum
1530 1307 1603 1382 est,
1622 1309 1742 1368 creata
1763 1313 1848 1368 sunt

261 1423 366 1506 atque
382 1409 575 1506 disposita,
595 1422 631 1480 et
647 1408 840 1498 sideribus,
860 1409 1009 1507 plantis,
1029 1410 1271 1483 animantibus
1288 1409 1463 1482 adornata
1484 1438 1491 1481 :
1512 1412 1618 1508 igitur
1635 1438 1710 1485 non
1728 1416 1844 1486 solum

260 1527 352 1599 lacta
367 1528 404 1598 in
422 1528 621 1617 creatione,
640 1526 705 1600 sed
727 1529 835 1602 etiam
856 1527 1014 1627 perlecta
1029 1544 1114 1601 sunt
1130 1530 1167 1600 in
1184 1553 1248 1601 sua
1272 1528 1518 1627 dispositione.
1540 1531 1695 1602 Ornatus
1719 1557 1846 1604 eorum

259 1643 346 1717 dicit
362 1670 436 1717 non
454 1645 579 1718 saltem
602 1669 682 1743 quae
702 1647 838 1719 suntin
856 1648 924 1736 eis,
941 1671 1068 1719 verum
1093 1648 1201 1719 etiam
1223 1671 1301 1744 quae
1317 1661 1402 1720 sunt
1418 1672 1459 1718 ex
1482 1650 1552 1736 eis,
1572 1673 1646 1719 non
1673 1651 1846 1747 spiritales

258 1763 411 1853 scilicet,
431 1765 494 1838 sed
511 1765 715 1863 corporales
738 1763 973 1856 substantias,
993 1789 1072 1864 quae
1097 1767 1249 1838 maxime
1271 1766 1317 1839 ad
1339 1765 1691 1840 commendationem
1717 1771 1846 1843 mundi

258 1863 439 1979 pertinent
459 1908 524 1982 per
544 1882 616 1956 hoc
632 1883 732 1982 quod
749 1907 791 1956 ex
808 1908 852 1956 eo
870 1885 1011 1956 initium
1034 1884 1180 1958 habent.
1204 1887 1367 1958 «Omnis
1390 1900 1539 1957 ornatus
1560 1911 1699 1959 eorum.
1722 1917 1739 1954 u
1759 1893 1844 1960 Tam

258 2000 338 2072 coeli
354 2000 536 2094 videlicet,
555 2003 647 2075 sicut
662 2001 798 2092 sidera,
818 2027 927 2100 quarn
942 2018 1045 2076 terrae
1059 2004 1116 2076 vel
1133 2029 1246 2103 aqua,
1265 2006 1356 2076 sicut
1372 2004 1500 2102 plantae
1516 2005 1572 2075 vel
1589 2007 1767 2079 animalia.

309 2147 327 2185 u
346 2119 453 2207 Quod
471 2119 615 2194 fecerat.
639 2151 656 2188 u
675 2123 742 2194 Sex
757 2120 892 2196 scilicet
907 2122 1192 2221 precedentibus
1207 2122 1347 2196 diebus.
1363 2124 1433 2196 Sed
1450 2125 1636 2221 quomodo
1653 2141 1739 2197 tunc
1753 2151 1844 2224 opus

257 2263 362 2310 suum
379 2241 573 2339 complevit
589 2256 624 2313 et
640 2267 715 2314 non
739 2244 775 2315 in
797 2257 895 2316 sexta
917 2243 993 2333 die,
1012 2246 1042 2316 si
1067 2243 1264 2317 tuncnihil
1286 2245 1388 2316 lecit?
1409 2245 1509 2317 Unde
1532 2249 1724 2344 septimum
1748 2250 1844 2321 diem

256 2359 485 2457 intelligimus
505 2377 622 2434 totum
641 2363 801 2435 futurum
817 2363 934 2436 saeculi
952 2379 1113 2462 tempus,
1133 2390 1206 2463 quo
1227 2365 1462 2464 mtdtiplicare
1482 2391 1557 2437 non
1580 2383 1694 2438 cessat
1710 2371 1845 2466 species

257 2493 392 2552 creatas
409 2483 445 2552 in
463 2480 584 2579 aliquo
598 2507 719 2554 rernm
738 2497 948 2556 numerotex
961 2498 1089 2556 natura
1105 2485 1314 2580 earumjam
1331 2501 1626 2583 praeparatarum,
1641 2487 1741 2582 juxta
1756 2489 1845 2560 illud

258 2598 445 2670 Veritatis¹
466 2626 475 2670 ε
497 2628 514 2668 u
535 2603 638 2672 Pater
657 2624 758 2673 meus
781 2602 1024 2699 usquemodo
1046 2618 1230 2700 operatur,
1248 2620 1284 2674 et
1302 2628 1369 2700 ego
1391 2629 1549 2700 operor:
1574 2633 1591 2671 υ
1614 2609 1798 2702 Tanquam
1814 2611 1842 2679 si

257 2718 391 2792 diceret
411 2747 419 2788 ε
439 2721 537 2791 Sicut
558 2720 617 2794 ille
640 2721 806 2794 nondum
830 2725 970 2819 operari
995 2738 1126 2813 cessat,
1145 2723 1307 2822 quotidie
1327 2723 1460 2796 scilicet
1476 2725 1747 2822 multiplicando
1764 2753 1844 2825 quae

141 2935 147 2945 ι
256 2841 374 2935 primo
392 2839 483 2911 lacta
498 2855 599 2930 sunt;
616 2842 667 2914 sic
686 2866 753 2916 nec
769 2867 835 2938 ego
853 2844 985 2941 pariter
1001 2845 1190 2942 cooperari
1214 2859 1387 2944 tanquam
1411 2860 1587 2917 coaeterna
1606 2846 1680 2940 ejus
1701 2847 1843 2943 sapien·

256 2958 322 3046 tia,
341 2982 533 3055 perquam
550 2960 673 3032 omnia
691 2959 784 3033 lacit.

308 3103 325 3141 r
346 3079 389 3148 Et
414 3078 601 3176 requievit.
624 3106 643 3146 u
662 3078 843 3152 Cessando
871 3080 1024 3172 scilicet,
1051 3084 1143 3154 sicut
1168 3083 1287 3154 statim
1312 3084 1475 3180 exponit,
1502 3107 1523 3154 a
1543 3081 1729 3180 speciebus
1753 3107 1842 3180 quas

255 3213 453 3288 creaverat,
472 3223 548 3270 non
565 3221 587 3270 a
604 3224 755 3274 numero
772 3225 893 3274 rerum
909 3203 1013 3275 ineis
1029 3202 1380 3300 multiplicandarum
1401 3232 1407 3273 :
1428 3203 1527 3276 nulla
1543 3205 1677 3303 quippe
1694 3202 1740 3276 de
1760 3229 1841 3302 spe·

255 3315 377 3387 clebus
389 3317 458 3406 illis
473 3319 708 3416 postmodum
725 3322 883 3418 peritura
900 3337 994 3412 erat,
1015 3337 1056 3394 ut
1072 3323 1118 3396 ad
1138 3347 1217 3395 eam
1233 3323 1473 3422 reparandam
1491 3349 1566 3396 non
1585 3323 1762 3397 sufficeret
1778 3349 1842 3421 per

254 3459 292 3505 se
314 3450 440 3508 natura
461 3438 536 3534 jam
562 3453 776 3536 praeparata,
795 3441 887 3512 sieut
907 3455 942 3512 et
965 3441 1011 3514 ad
1032 3442 1220 3514 individua
1240 3445 1441 3540 specierum
1466 3443 1748 3541 multiplicanda.
1768 3445 1842 3515 Etsi

255 3557 352 3628 enim
367 3581 546 3654 ponamus
562 3558 766 3656 phoenicem
782 3561 940 3658 speciem
956 3585 1051 3652 esse,
1069 3561 1126 3634 vel
1139 3562 1275 3660 aliquas
1287 3564 1421 3660 species
1434 3563 1627 3635 herbarum
1644 3563 1699 3635 vel
1710 3563 1842 3633 florum

254 3676 473 3774 quandoque
490 3677 654 3777 deperire
669 3679 765 3774 :jam
781 3692 903 3752 tamen
920 3682 969 3751 ita
986 3696 1114 3754 natura
1132 3707 1172 3753 ex
1192 3681 1483 3779 primordialibus
1505 3684 1620 3754 causis
1635 3697 1688 3754 est
1704 3705 1841 3779 praepa·

254 3808 347 3884 rata,
366 3809 406 3865 ut
422 3793 469 3866 ad
485 3795 560 3866 haec
579 3795 812 3868 restauranda
827 3795 992 3868 sufficiat.
1012 3801 1107 3869 Bene
1121 3799 1242 3896 itaque
1259 3798 1345 3871 dieit
1364 3828 1383 3867 u
1401 3801 1501 3896 quod
1517 3813 1692 3898 patrarat,
1716 3827 1733 3865 u
1752 3799 1843 3871 scili·

254 3929 311 3986 cet
334 3916 372 3987 in
400 3913 603 4012 speciebus,
634 3939 708 3986 non
738 3915 839 4013 quod
866 3914 1164 4014 multiplicaturus
1192 3931 1269 3988 erat
1301 3919 1337 3988 in
1372 3942 1524 3990 numero
1555 3917 1838 3989 individuorum.

254 4035 426 4120 Quamvis
450 4035 547 4106 enim
572 4033 689 4108 mulus
707 4036 801 4106 inter
821 4036 956 4133 species
978 4035 1187 4108 animalium
1207 4051 1346 4108 creatus
1369 4061 1443 4109 non
1469 4036 1593 4124 suerit,
1622 4034 1678 4106 vel
1703 4059 1842 4106 vermes

254 4152 357 4224 multi
374 4151 550 4249 exaliqua
570 4153 761 4252 putredine
777 4152 835 4226 vel
851 4156 1082 4254 corruptione
1099 4155 1334 4253 postmodum
1351 4157 1444 4244 nati,
1468 4155 1505 4226 in
1521 4154 1607 4252 ipsis
1622 4169 1743 4226 tamen
1760 4179 1840 4252 spe·

253 4272 376 4346 clebus
392 4267 569 4372 praedic'tis
585 4276 818 4348 seminarium
834 4275 1039 4349 babuerunt
1055 4292 1091 4350 et
1106 4277 1180 4348 vim
1195 4275 1391 4374 quamdam
1409 4274 1534 4347 suturae
1549 4299 1621 4346 suae
1636 4275 1839 4347 creationis.

247 4385 388 4486 'Animae
404 4419 490 4468 vero
508 4395 589 4466 licet
606 4419 648 4467 ex
667 4395 856 4468 animabus
871 4420 936 4494 per
954 4396 1141 4470 traducem
1158 4421 1233 4468 non
1250 4409 1512 4494 propagentur3
1531 4395 1615 4491 quia
1632 4409 1753 4464 tamen
1766 4393 1843 4489 jam

253 4512 389 4609 species
406 4513 532 4585 animae
555 4526 675 4586 creata
699 4513 831 4604 suerat,
856 4539 931 4586 non
957 4513 1107 4613 impedit
1129 4539 1253 4588 earum
1273 4512 1484 4613 quotidiana
1508 4510 1754 4609 multiplicatio
1771 4509 1842 4580 dici

254 4633 370 4710 Deum
388 4635 602 4731 requievisse
619 4632 665 4705 ab
681 4634 868 4725 universo,
887 4652 955 4708 etc.
1471 4701 1473 4706 .

305 4779 323 4818 r
344 4750 529 4826 Benedixit
544 4766 579 4824 et
594 4751 840 4826 sanctificavit.
862 4781 882 4822 r
900 4753 940 4825 Id
958 4769 1012 4827 est
1028 4757 1162 4828 caeteris
1183 4755 1337 4853 praetulit
1358 4754 1497 4842 diebus,
1517 4767 1553 4822 et
1575 4752 1611 4821 in
1629 4747 1838 4820 celebratio·

254 4895 338 4944 nem
355 4873 472 4969 ipsum
487 4874 682 4946 constituit.

287 5141 297 5172 ¹
315 5141 400 5207 loen,
412 5157 469 5210 cap.
480 5161 504 5208 v,
516 5159 540 5196 v.
554 5146 592 5195 tl.

379 5245 389 5292 l
