4486 6100
434 757 440 766 Ι
477 657 549 729 sou
1079 657 1468 731 susurrantium

478 797 597 852 Cunctis
610 795 805 869 laudantibus,
817 796 951 852 homone
964 806 1073 864 taceas,

479 885 575 955 Quum
586 883 682 941 laudes
694 885 816 941 Domino
831 903 884 960 pro
897 886 1005 942 cunctis
1018 885 1129 942 debeas.

442 985 444 992 ’
479 975 597 1048 Urgeris
610 975 729 1050 singulis
741 994 775 1032 ex
786 975 946 1045 beneficiis,

479 1069 520 1125 Ut
532 1080 622 1143 grates
635 1069 767 1126 laudibus
780 1070 867 1128 solvas
881 1071 1033 1128 continuis.

478 1199 597 1254 Perenni
610 1197 747 1268 Domino,
760 1210 815 1260 etc.

827 1367 892 1423 XII.

477 1493 510 1547 in
520 1493 606 1548 altum
618 1495 709 1550 orbita
724 1495 789 1550 solis
797 1495 856 1567 jam
870 1495 1000 1562 ducitur,

476 1583 616 1657 Calorque
630 1584 739 1657 proficit
754 1603 811 1660 quo
824 1583 947 1640 mundus
958 1585 1059 1652 alitur,

476 1675 535 1727 Lux
547 1676 685 1746 primum,
700 1673 802 1730 deinde
813 1674 889 1730 calor
900 1674 1076 1743 infunditur,

475 1764 572 1832 Quum
586 1763 668 1818 fidem
683 1764 783 1819 caritas
795 1765 825 1819 in
838 1765 919 1820 nobis
931 1766 1068 1840 sequitur.

474 1903 555 1958 Hanc
565 1902 656 1958 lucem
669 1903 734 1959 fidei
747 1902 788 1960 sol
803 1923 883 1960 verus
894 1905 1005 1975 attulit,

472 1992 506 2048 ln
520 2011 603 2050 carne
619 1993 748 2050 Verbum
761 2011 812 2050 nos
828 2012 916 2070 quum
929 1995 1098 2066 visitaverit,

470 2084 580 2141 Coelum
593 2084 776 2141 fortissimum
791 2087 894 2142 amoris
905 2085 1000 2142 attulit

472 2175 532 2229 IIac
545 2175 615 2230 bora
626 2175 749 2249 Spiritus
762 2193 846 2250 quem
859 2176 987 2232 Verbum
1001 2177 1120 2233 miserit.

472 2315 546 2371 Hinc
560 2328 635 2373 recte
650 2315 772 2390 Spiritus
784 2317 814 2372 in
826 2318 892 2390 igne
905 2318 980 2373 visus
992 2327 1034 2372 est

469 2407 561 2479 Super
572 2406 732 2480 apostolos,
744 2424 833 2482 quum
848 2406 903 2462 boc
916 2405 1049 2481 largitum
1061 2416 1122 2474 est;

469 2496 542 2550 Nam
556 2496 630 2570 ignis
643 2513 722 2552 amor
734 2497 836 2571 estqui
848 2507 956 2552 ruentes
968 2498 1074 2552 animat
1085 2539 1092 2564 ,

470 2585 509 2641 Ut
522 2596 621 2642 testam
634 2586 738 2657 luteam
751 2587 824 2660 ignis
836 2586 1008 2642 corroborat.

421 2719 424 2725 ’
470 2727 590 2781 Perenni
602 2726 734 2795 Domino,
744 2737 798 2782 etc.

814 2895 895 2951 XIII.

469 3026 555 3082 Plena
568 3025 688 3081 meridie
699 3026 747 3081 lux
760 3025 825 3080 solis
838 3025 947 3093 radiat,

468 3115 626 3190 Plenusque
639 3115 714 3170 calor
727 3125 769 3170 est
780 3133 838 3190 quo
851 3113 974 3169 mundns
987 3123 1092 3170 estuat.

468 3205 653 3261 Beatitudinis
665 3204 724 3260 baec
736 3215 778 3260 est
793 3203 942 3278 perfectio,

468 3295 565 3365 Quum
578 3297 638 3369 ipsa
649 3295 702 3351 Dei
715 3311 766 3350 nos
776 3291 909 3349 incendet
919 3295 998 3350 visio.

467 3433 556 3505 Cujus
567 3451 624 3507 quo
637 3433 722 3490 fuerit
735 3433 824 3505 major
838 3433 976 3507 cognitio,
987 3414 992 3424 ¹

467 3523 558 3595 Major
569 3525 599 3578 in
614 3522 732 3596 singulis
742 3525 796 3578 erit
808 3522 936 3590 dilectio,

467 3613 560 3683 Quem
574 3611 646 3667 nilril
661 3611 737 3667 aliud
750 3611 805 3667 erit
819 3613 994 3684 conspicere,

466 3705 559 3773 Quam
572 3719 636 3758 vera
648 3702 754 3775 perlrui
768 3701 954 3758 beatitudine.

467 3845 572 3902 Felices
585 3845 673 3915 oculi,
687 3845 766 3902 beata
779 3844 904 3912 lumina,

466 3936 577 4007 Quibus
589 3953 750 3992 concessum
762 3946 804 3991 est
816 3936 869 3990 hac
882 3934 938 3990 lrui
953 3934 1050 4009 gloria.

465 4026 557 4099 Hujus
568 4037 596 4082 te
607 4025 745 4100 supplices
757 4043 902 4100 rogamus,
917 4025 1050 4092 Domine,

466 4117 537 4173 Loca
549 4116 590 4172 vel
604 4116 703 4172 ultima
717 4116 753 4171 da
772 4116 852 4172 uobis
865 4115 958 4171 curiae.

465 4259 587 4314 Perenni
600 4258 802 4324 Domino,etc.
1053 4295 1071 4326 o

808 4425 889 4481 XIV.
1060 4425 1080 4462 ⁸

465 4557 540 4611 Deus
552 4558 601 4631 qui
615 4573 732 4630 corpora
745 4573 821 4612 creas
834 4565 864 4612 et
877 4557 997 4620 enidrus,

466 4647 501 4701 Et
513 4647 583 4702 cibis
596 4646 717 4719 propriis
729 4656 847 4721 utraque
862 4639 994 4712 recreas,

465 4736 530 4791 Tibi
543 4747 600 4792 tam
614 4754 730 4810 corpora
744 4735 861 4810 psallant
873 4751 958 4810 qnam
971 4735 1083 4801 animae,

464 4825 529 4882 Esse
543 4827 592 4900 qui
605 4826 706 4882 tribuis
720 4825 774 4880 illis
787 4835 815 4881 et
827 4825 926 4880 vivere.

464 4958 595 5029 Ignosce,
608 4957 741 5025 Domine,
756 4957 858 5012 nostris
870 4953 1041 5020 excessibus,

463 5046 492 5102 Si
505 5045 663 5120 plusquam
676 5045 771 5101 decuit
785 5045 854 5118 gulae
867 5045 1035 5099 indulsimus
1047 5069 1055 5112 3

497 5293 503 5318 ¹
524 5293 596 5343 Certe
606 5294 711 5354 supinat.
726 5314 758 5326 -
770 5286 780 5314 ¹
793 5289 853 5338 llale
863 5289 924 5338 Cod.
939 5291 1026 5350 prodii.

1249 803 1256 820 “
1293 799 1385 854 Immo
1396 798 1520 872 piissime
1532 798 1598 873 quia
1609 798 1649 852 sic
1660 796 1777 852 lecimus

1293 889 1364 944 Tam
1377 889 1431 944 boc
1443 906 1529 964 quam
1542 898 1638 944 catera
1648 886 1792 956 condona,
1807 904 1966 962 quesumus.

1293 1037 1354 1093 Hoc
1368 1038 1451 1111 primi
1464 1039 1532 1094 vitio
1543 1047 1672 1112 parentes
1685 1035 1810 1102 exulant,

1293 1127 1328 1184 Et
1340 1129 1445 1184 crebris
1458 1139 1584 1203 posteros
1596 1127 1726 1183 erumnis
1739 1126 1894 1200 implicant.

1292 1217 1352 1273 lloc
1364 1217 1528 1274 naturaliter
1541 1227 1583 1272 est
1595 1216 1677 1272 nobis
1689 1217 1820 1284 insitum,

1292 1309 1327 1364 Et
1339 1310 1417 1384 quasi
1430 1307 1495 1364 filiis
1507 1307 1726 1364 bereditarium.

1290 1459 1506 1516 immoderatior
1517 1470 1546 1515 et
1559 1461 1634 1515 inter
1647 1456 1743 1530 epulas

1290 1549 1319 1606 Si
1332 1549 1402 1624 quid
1412 1549 1553 1606 addiderit
1566 1546 1652 1620 culpae
1665 1546 1831 1622 loquacitas,

1290 1638 1323 1694 Id
1335 1657 1448 1715 quoque
1461 1649 1543 1694 tuum
1555 1647 1599 1692 est
1610 1637 1666 1694 tuIs
1676 1637 1835 1708 ignoscere,

1289 1729 1347 1799 Qui
1359 1729 1440 1784 nobis
1451 1729 1571 1802 spatium
1587 1743 1709 1782 reservas
1720 1726 1813 1780 venie.

1287 1880 1382 1936 Tuum
1395 1891 1438 1936 est
1449 1879 1567 1954 gratiam
1581 1877 1647 1932 dare
1660 1875 1848 1951 supplicibus,

1290 1971 1352 2041 Qua
1365 1971 1418 2025 sibi
1431 1978 1567 2042 temperet
1579 1968 1614 2022 ab
1626 1967 1670 2021 bis
1682 1976 1711 2021 et
1725 1965 1836 2020 talibus.

1288 2062 1384 2116 Tuum
1398 2071 1440 2115 est
1453 2058 1584 2114 omnibus
1597 2055 1713 2112 modum
1726 2056 1869 2129 prefigere

1287 2152 1380 2224 Atque
1396 2150 1563 2224 precipitem
1577 2158 1707 2203 naturam
1720 2163 1826 2219 regere.

1286 2298 1533 2373 Peregrinantibus
1547 2295 1629 2351 nobis
1642 2293 1774 2349 viaticum

1285 2391 1327 2446 Da
1339 2389 1541 2456 necessarium,
1555 2385 1622 2443 tolle
1635 2384 1808 2459 superfluum
1820 2408 1828 2452 ;

1285 2481 1399 2556 Sitque
1413 2498 1470 2536 non
1484 2487 1582 2534 oneret
1595 2474 1719 2550 supellex
1731 2473 1858 2542 modica,

1285 2570 1326 2627 Ne
1340 2570 1420 2626 tarde
1432 2569 1559 2643 profugis
1571 2575 1699 2624 occurrat
1711 2565 1810 2638 patria.

1285 2717 1357 2787 Quis
1370 2716 1399 2770 in
1412 2713 1496 2770 exilio
1508 2723 1614 2788 querat
1625 2711 1756 2768 delicias?

1286 2806 1341 2864 Vel
1352 2804 1445 2860 nudus
1458 2804 1566 2858 utinam
1578 2803 1645 2857 binc
1658 2800 1770 2856 tandem
1782 2811 1875 2855 exeat.

1286 2896 1424 2970 lludeque
1439 2893 1605 2968 naufragum
1618 2891 1770 2947 herentem
1784 2889 1888 2946 tabule

1283 2985 1385 3042 Cautes
1397 2983 1535 3056 excipiant
1546 2997 1641 3036 saxoso
1653 2978 1757 3034 littore.

1283 3127 1340 3197 Qui
1354 3123 1526 3198 spiritalibus
1537 3141 1566 3178 se
1579 3121 1649 3176 cibis
1662 3130 1813 3194 praeparat,

1284 3217 1347 3272 Non
1360 3216 1459 3290 querit
1471 3212 1597 3289 qualibet
1610 3222 1715 3266 stercus
1728 3208 1873 3264 conficiat.

1283 3307 1396 3364 Coelesti
1411 3324 1482 3379 pane
1494 3304 1544 3379 qui
1558 3303 1703 3375 saginaus¹
1719 3301 1844 3358 animaru

1284 3395 1402 3462 Venstis
1416 3394 1555 3469 rugitibus
1568 3411 1623 3448 non
1639 3401 1718 3466 parat
1729 3390 1864 3448 similam.

1281 3535 1454 3608 Quenfierae
1470 3533 1602 3607 poculum
1615 3531 1679 3587 vitis
1691 3529 1825 3598 inebriat,

1282 3627 1351 3684 Vini
1365 3623 1514 3680 dulcedine
1526 3619 1620 3696 gulam
1632 3638 1688 3676 non
1700 3619 1816 3689 incitat,

1282 3717 1392 3790 Regum
1404 3712 1523 3781 delicie,
1537 3729 1595 3767 nou
1607 3709 1714 3766 Christi
1727 3725 1907 3782 pauperum,

1281 3804 1490 3862 Sollicitudines
1503 3811 1569 3857 sunt
1581 3801 1639 3856 istae
1658 3799 1795 3872 gentium.

1279 3915 1402 4001 'seirena
1414 3944 1538 4017 cogitant
1551 3941 1596 4008 hi,
1611 3957 1669 3994 non
1681 3937 1802 3993 caelestis
1814 3961 1822 4003 ;

1279 4035 1392 4091 Pondnt
1403 4033 1517 4089 exilium
1533 4031 1584 4086 sibi
1599 4047 1650 4104 pro
1663 4028 1771 4102 patria3

1278 4127 1389 4181 Sortem
1402 4142 1468 4179 eum
1480 4122 1575 4178 bestiis
1589 4121 1636 4176 hic
1649 4137 1726 4174 suam
1740 4117 1868 4186 iaciunt,

1280 4215 1315 4270 Et
1327 4216 1394 4271 tales
1409 4214 1503 4270 miseri
1514 4212 1629 4268 comites
1642 4209 1760 4282 eligunt.

1277 4357 1379 4411 Averni
1391 4353 1501 4410 facilem
1514 4352 1679 4409 descensum
1693 4357 1849 4423 appetunt,

1276 4445 1406 4501 Arduum
1418 4443 1552 4499 coelornm
1566 4441 1663 4498 callem
1676 4439 1836 4512 refugiunt.

1279 4538 1386 4592 Ventre
1398 4544 1426 4589 et
1439 4544 1551 4607 pectore
1565 4541 1694 4605 repentes
1708 4530 1821 4604 penitus

1279 4629 1314 4684 Se
1325 4627 1383 4698 jam
1393 4623 1521 4680 attollere
1535 4622 1626 4679 valent
1640 4621 1808 4677 nullatenus.

1278 4771 1317 4825 Ut
1329 4785 1429 4843 pronas
1441 4781 1559 4839 corpore
1569 4773 1671 4819 natura
1684 4762 1800 4830 bestias,

1276 4861 1326 4916 Sic
1335 4861 1403 4914 Istos
1417 4857 1512 4912 auimo
1524 4854 1591 4910 lecit
1605 4851 1735 4910 edacitas.

1280 4949 1379 5006 Racebi
1392 4947 1434 5002 vel
1447 4945 1559 5002 Cereris
1571 4944 1684 5019 templis
1697 4941 1822 5010 assidui,

1278 5042 1311 5096 In
1326 5036 1490 5094 cerimoniis
1504 5046 1570 5091 sunt
1583 5035 1689 5090 ventris
1702 5029 1849 5107 prodigi¹.
