4486 6100
977 585 1203 711 untorssn
1226 632 1520 708 rhomum:

1068 850 1201 922 Solutio
1227 848 1418 922 Aboetardt.

508 1019 722 1119 Replieanda
738 1035 845 1108 sunt,
866 1045 945 1117 quae
962 1022 999 1090 in
1018 1019 1182 1116 proximo
1202 1031 1285 1090 sunt
1302 1017 1501 1116 praemissa,
1523 1031 1561 1088 nt
1579 1041 1622 1088 ex
1645 1015 1731 1106 illis,
1751 1016 1848 1089 etde
1867 1017 1938 1090 ltoc
1958 1020 2030 1091 laci*

458 1139 524 1212 lios
542 1139 755 1236 judicemus.
780 1169 797 1206 u
812 1143 924 1229 Dico,
943 1167 961 1206 u
982 1139 1099 1235 inquit
1110 1142 1140 1226 ¹,
1161 1167 1178 1205 u
1195 1137 1316 1226 vobis,
1333 1161 1408 1208 non
1422 1137 1542 1233 jurare
1556 1138 1733 1208 omnino:
1755 1161 1872 1234 neque
1890 1164 1954 1238 per
1969 1165 2029 1212 coe·

455 1260 548 1348 lum,
569 1261 652 1357 quia
672 1259 826 1331 thronus
842 1259 908 1330 Dei
925 1273 1002 1330 cst:
1024 1281 1141 1354 neque
1156 1279 1221 1357 per
1239 1271 1388 1347 terram,
1410 1257 1494 1354 quia
1510 1256 1705 1329 scabellum
1718 1271 1771 1329 est
1781 1257 1918 1355 pedum
1935 1259 2030 1354 ejus:

456 1404 572 1477 neque
589 1405 654 1479 per
672 1379 974 1475 Hierosolymam,
994 1379 1079 1475 quia
1095 1377 1218 1448 civitas
1237 1377 1355 1474 magni
1377 1378 1469 1473 regis
1486 1391 1556 1466 est:
1581 1399 1698 1474 neque
1712 1401 1776 1476 per
1790 1393 1898 1476 caput
1912 1394 2030 1470 tuum,

455 1502 538 1596 quia
554 1523 627 1570 non
646 1513 749 1596 potes
765 1523 878 1569 unum
894 1498 1062 1596 capillum
1080 1496 1202 1569 album
1220 1495 1334 1569 faeere
1348 1511 1410 1568 aut
1426 1498 1581 1594 nigrum.
1597 1525 1615 1564 u
1631 1500 1794 1584 Quatuor
1807 1493 1927 1596 ltaque
1940 1515 2030 1590 sunt,

456 1621 584 1692 coelum
605 1621 755 1710 scilicet,
782 1637 894 1709 terra,
924 1618 1188 1714 Hierosolyma,
1209 1632 1317 1716 caput
1336 1631 1517 1708 nostrum,
1543 1637 1609 1716 per
1634 1641 1713 1714 quae
1726 1617 1848 1714 jurare
1869 1619 2033 1717 prohibe·

457 1765 562 1810 mur:
583 1741 667 1836 quia
683 1738 758 1810 haec
779 1741 931 1810 maxime
950 1740 988 1809 in
1001 1739 1205 1834 juramento
1226 1738 1416 1836 ponimus,
1441 1761 1520 1833 quae
1537 1735 1794 1810 venerabiliora
1807 1739 2031 1832 aestimemus,

458 1872 496 1929 ut
518 1881 560 1928 ex
577 1857 633 1929 his
651 1857 802 1956 amplius
820 1857 925 1928 nobis
942 1856 1119 1928 credatur.
1146 1861 1226 1927 Haeo
1246 1871 1367 1927 autem
1391 1857 1621 1928 veneratione
1642 1855 1750 1952 digna
1766 1857 1901 1953 majore
1915 1859 2034 1932 viden·

456 1993 531 2067 tur,
553 2003 631 2074 quae
651 1977 697 2048 ad
718 1983 833 2050 Deum
851 1979 1002 2049 maxime
1020 1993 1159 2048 constat
1174 1977 1376 2076 pertinere:
1397 1989 1436 2046 ut
1449 1971 1599 2065 coelum,
1620 1976 1718 2074 quod
1740 1976 1871 2049 dicitur
1887 1978 2036 2052 thronus

454 2098 537 2186 Dei,
562 2095 633 2167 hoc
651 2110 704 2167 est
725 2098 842 2168 anima
866 2095 1012 2184 Christi,
1042 2119 1099 2166 cut
1090 2094 1316 2192 s'pecialiter
1335 2093 1500 2165 divinitas
1521 2093 1674 2184 insidet,
1705 2109 1741 2166 et
1771 2095 1807 2166 in
1836 2119 1878 2167 ea
1897 2096 2035 2195 plenius

455 2239 519 2311 per
537 2207 683 2310 gratiam
701 2192 886 2285 inhabitat.
908 2218 1031 2302 Terra,
1053 2237 1131 2310 quac
1149 2211 1342 2284 scabellum
1361 2213 1426 2284 Dei
1447 2209 1594 2302 dicitur,
1610 2212 1814 2285 humanitas
1826 2217 2031 2308 estChristi,

454 2350 623 2432 tanquam
638 2351 778 2407 terrena
794 2351 830 2406 et
840 2335 1008 2406 inferior'
999 2359 1035 2405 m
1049 2332 1190 2406 Christo
1205 2348 1378 2405 creatura.
1400 2333 1662 2429 Hierosolyma,
1680 2333 1802 2406 civitas
1817 2337 1897 2426 Dei,
1914 2353 2032 2420 sancta

455 2468 507 2524 est
526 2453 704 2526 Ecclesia:
726 2455 827 2549 cujus
846 2470 953 2552 eaput
973 2454 1048 2551 ipsc
1063 2468 1116 2524 est
1129 2451 1299 2524 Christus.
1326 2451 1449 2550 Capilli
1475 2450 1696 2524 adhaerentes
1713 2454 1844 2551 capiti,
1864 2471 1900 2527 et
1917 2458 2033 2557 ipsum

453 2572 669 2646 adornantes
686 2572 741 2645 vel
760 2587 1008 2671 protegentes,
1034 2571 1176 2668 eloquia
1194 2585 1276 2642 sunt
1293 2570 1416 2642 divina
1429 2570 1560 2668 quibus
1573 2570 1733 2643 Christus
1745 2575 2031 2668 commendatur,

454 2707 488 2763 et
507 2691 697 2790 perfidem
716 2695 752 2764 in
771 2691 876 2763 nobis
894 2705 1146 2764 conservatur:
1169 2689 1300 2761 horum
1320 2689 1484 2786 quaedam
1501 2689 1600 2780 alba,
1621 2691 1785 2788 quaedam
1798 2694 1899 2791 nigra
1911 2695 2034 2770 dicun·

454 2829 530 2902 tur,
556 2839 668 2910 quum
689 2813 840 2886 aliorum
859 2811 1089 2909 intelligentia
1115 2810 1209 2883 clara
1227 2813 1272 2882 sit
1299 2826 1334 2882 et
1353 2809 1538 2882 manifesta
1557 2838 1566 2881 :
1587 2809 1739 2885 aliorum
1756 2813 1926 2907 obscura,
1945 2820 2038 2892 sicut

453 2932 594 3004 illorum
617 2935 770 3005 maxime
788 2958 868 3031 quae
888 2947 972 3005 sunt
991 2931 1178 3028 allegorice
1194 2929 1300 3002 dicta.
1323 2935 1488 3019 Quorum
1507 2930 1653 3028 quidem
1673 2933 1812 3006 nullum
1827 2937 1901 3010 sive
1912 2939 2037 3020 album

452 3054 515 3142 sit,
536 3067 573 3122 ut
591 3051 725 3123 dictum
744 3068 814 3140 est,
836 3055 910 3124 sive
931 3052 1093 3149 nigrum,
1115 3064 1279 3122 nostrum
1297 3075 1371 3121 non
1392 3066 1445 3122 est
1463 3050 1603 3123 lacere:
1623 3055 1707 3150 quia
1724 3054 1866 3153 eloquia
1880 3061 1945 3131 Dei
1958 3085 2035 3144 not,

451 3187 535 3243 sunt
552 3173 766 3244 inventionis
783 3159 973 3262 humanae,
994 3197 1062 3244 nec
1078 3186 1199 3242 nostra
1216 3184 1297 3242 sunt
1316 3169 1555 3261 documenta,
1576 3172 1640 3244 sed
1660 3174 1792 3246 divina.
1816 3178 1925 3264 Quod
1947 3205 2037 3278 ergo

451 3291 521 3360 ait:
546 3318 563 3355 α
581 3293 659 3362 Nou
676 3288 811 3384 jurabis
830 3314 895 3386 per
914 3303 1022 3388 caput
1041 3303 1142 3360 tuum
1162 3315 1169 3356 :
1191 3288 1275 3385 quia
1298 3312 1372 3359 non
1391 3303 1493 3387 potes
1506 3303 1574 3364 etc.
1588 3342 1598 3380 ,
1614 3319 1633 3358 u
1649 3292 1717 3364 tale
1734 3309 1787 3365 est
1803 3323 1811 3365 :
1827 3299 1908 3367 Non
1921 3298 2038 3376 debes

452 3407 632 3478 Christum
649 3408 686 3478 in
705 3408 909 3502 juramento
928 3431 1080 3508 ponere,
1106 3405 1205 3502 quod
1225 3406 1301 3502 ejus
1323 3406 1431 3477 solius
1453 3431 1601 3479 summae
1613 3411 1676 3480 Dei
1694 3413 1875 3509 sapientire
1892 3418 1938 3488 sit
1958 3417 2035 3496 haec

451 3529 635 3616 invenire,
656 3550 811 3624 quorum
831 3526 915 3616 alia,
937 3541 976 3598 ut
993 3526 1168 3614 diximuS,
1192 3523 1271 3597 alba
1290 3541 1390 3614 sunt,
1411 3526 1478 3599 alia
1492 3528 1604 3625 nigra.
1622 3529 1789 3603 Similiter
1806 3559 1917 3630 quum
1929 3539 2038 3632 jubet

452 3659 491 3716 ut
509 3669 575 3716 nec
589 3645 750 3740 juremus
769 3671 833 3738 per
850 3645 979 3717 coelum
990 3644 1119 3743 ,quod
1140 3644 1291 3715 thronus
1309 3645 1375 3716 Dei
1392 3660 1462 3733 est,
1485 3647 1702 3746 sicaccipe:
1730 3665 1768 3721 ut
1783 3675 1855 3724 non
1870 3655 1954 3728 ideo
1971 3683 2040 3758 pet

450 3767 568 3862 ipsum
583 3765 703 3860 jurare
722 3766 910 3862 eligamus,
930 3767 1015 3862 quia
1031 3779 1136 3836 tuntae
1153 3764 1332 3862 dignitatis
1348 3781 1418 3852 est,
1441 3765 1541 3862 quod
1554 3769 1686 3840 ooeteris
1699 3773 1831 3844 eminet
1845 3782 2041 3911 creaturis,

450 3889 489 3954 ln
511 3884 592 3954 his
584 3899 701 3980 :taque
719 3882 836 3956 verbis
853 3885 1056 3981 negativum
1076 3883 1285 3956 adverbium
1308 3886 1536 3984 praepositum
1551 3887 1723 3978 orationi,
1749 3915 1891 3964 causam
1915 3898 2042 3994 ipsam

451 4002 625 4087 excludit,
651 4028 723 4074 non
751 4005 1000 4103 interpositum
1018 4005 1131 4102 ipsam
1145 4002 1311 4100 relinquit
1335 4018 1473 4101 atque
1459 4007 1653 4078 constituit.
1674 4008 1784 4081 Aliam
1803 4015 1938 4113 quippe
1959 4023 2048 4092 vim

450 4124 612 4219 negativa
629 4122 799 4222 particula
817 4122 925 4194 habet
943 4123 1008 4194 toti
1030 4123 1183 4194 orationi
1204 4123 1414 4220 praeposita,
1439 4137 1480 4194 ut
1494 4138 1606 4196 totam
1625 4126 1757 4200 scilicet
1774 4131 1880 4204 simul
1898 4155 2046 4233 neget,

449 4243 553 4314 aliam
572 4244 802 4340 interposita,
822 4257 862 4314 ut
877 4244 939 4314 uni
958 4257 1096 4315 tantum
1113 4242 1208 4314 illius
1228 4243 1399 4314 orationis
1412 4245 1503 4342 parti
1519 4246 1690 4344 apposita.
1713 4248 1814 4323 Aliud
1828 4255 1969 4354 quippe
1988 4279 2052 4334 est

448 4363 597 4435 dicere:
619 4364 796 4460 nunquia
817 4361 888 4433 hoc
909 4363 1040 4449 iecisti,
1063 4363 1236 4460 peccasti3
1257 4361 1354 4433 aliud
1372 4362 1525 4438 dicere:
1550 4369 1723 4462 peccasti,
1744 4371 1911 4467 quiahoc
1928 4401 2048 4474 non,

448 4483 569 4555 fecisti.
594 4481 647 4553 lbi
664 4505 820 4578 namque
839 4505 945 4553 causa
957 4495 1162 4553 removetur
1176 4480 1366 4580 peccandi,
1381 4497 1420 4553 ut
1433 4482 1595 4557 videlicet
1609 4509 1684 4557 non
1700 4505 1845 4586 propter
1855 4492 1927 4565 hoc
1945 4517 2048 4621 pec}
2083 4571 2088 4582 ,

377 4671 381 4686 ,
447 4603 599 4689 caverit,
620 4616 659 4671 ut
674 4600 760 4671 hinc
776 4623 860 4671 eum
878 4613 1015 4672 certum
1034 4600 1078 4670 sit
1096 4623 1169 4671 non
1188 4624 1376 4699 peccasse,
1395 4599 1458 4672 ubi
1477 4626 1583 4674 causa
1601 4604 1647 4674 ad
1667 4604 1766 4678 hoo
1757 4619 2012 4692 intercesserit

446 4721 495 4795 ihi
514 4747 599 4793 vero
616 4747 689 4794 non
708 4721 908 4794 ostenditur
921 4722 1021 4820 quod
1035 4747 1108 4794 non
1128 4723 1345 4820 peccaverit,
1366 4723 1429 4796 sed
1442 4723 1513 4796 hoc
1526 4739 1663 4797 tantum
1676 4729 1773 4826 quod
1792 4628 2052 4859 nonprop14

447 4843 516 4913 hoc
533 4841 750 4939 peccaverit,
774 4856 814 4912 ut
834 4839 997 4913 videlicet
1015 4863 1118 4913 causa
1137 4844 1273 4941 peccati
1298 4844 1416 4942 potius
1436 4869 1544 4941 quarn
1563 4863 1748 4943 peccatum
1769 4852 1885 4950 ipsum
1908 4867 2053 4966 remog

447 4977 582 5034 ocatur.
602 4959 684 5030 Tale
701 4975 753 5032 est
770 4985 853 5058 ergo
873 4961 973 5058 quod
992 4961 1038 5033 de
1055 4961 1259 5057 juramento
1275 4963 1452 5035 Dominus
1471 4965 1629 5065 praecipit
1647 4966 1704 5040 vel
1722 4967 1951 5066 adhortatur,
1973 4997 2053 5085 ut,

482 5227 490 5254 ⁴
509 5227 606 5288 llatth,
619 5242 675 5293 cap.
685 5243 714 5290 r,
727 5244 749 5276 r.
762 5227 793 5276 at
803 5236 828 5276 et
838 5228 882 5276 ³5.
