4486 6100
472 607 544 684 260
989 609 1213 720 HEhOlSSAE
1237 607 1527 680 montanam

474 779 491 815 ιι
513 752 692 836 Quoniam
704 751 769 849 ipsi
783 750 1018 847 possidebunt
1035 765 1176 821 terram.
1192 779 1208 816 a
1224 754 1329 820 Istam
1341 750 1377 820 in
1395 748 1519 820 talibus
1532 744 1813 818 mansuetudinis
1824 759 1859 816 et
1871 745 2034 844 patientie

434 881 435 884 ’
471 870 636 940 virtutem
660 869 827 941 deremias
851 869 1075 957 describens,
1093 870 1160 940 ait¹
1182 897 1190 938 ι
1212 897 1230 936 a
1247 874 1385 940 Bonum
1401 883 1455 938 est
1472 867 1570 954 viro,
1587 889 1699 962 quum
1718 858 2034 962 portaveritjugum

469 989 515 1060 ab
535 990 772 1062 adolescentia
790 1015 864 1061 sua.
882 990 1026 1088 Sedebit
1039 989 1214 1060 solitarius
1228 1005 1262 1060 et
1280 987 1430 1060 tacebit:
1448 989 1532 1084 quia
1546 985 1675 1058 levavit
1688 1009 1727 1056 se
1744 1008 1914 1082 superse.
1933 988 2036 1058 Ponet

463 1108 504 1182 t'n
524 1107 670 1204 pulvere
688 1133 728 1178 os
745 1133 870 1197 suum,
892 1110 921 1178 si
941 1109 1029 1179 forte
1048 1109 1092 1178 sit
1107 1133 1199 1205 spes.
1218 1106 1320 1178 Dabit
1336 1105 1546 1203 percutienti
1563 1129 1601 1175 se
1619 1101 1814 1190 maxillam,
1831 1102 2035 1175 saturabitur

469 1226 671 1323 opprobriis
697 1254 704 1296 :
729 1227 812 1324 quia
837 1251 911 1297 non
940 1225 1077 1324 repellit
1102 1227 1138 1295 in
1169 1225 1422 1322 sempiternum
1448 1223 1635 1294 Dominus.
1658 1249 1676 1288 u
1698 1225 1825 1318 Jugum
1845 1222 2038 1293 monastice

468 1345 683 1443 discipliuae¹
700 1344 746 1418 ab
764 1345 1000 1417 adolescentia
1018 1369 1081 1415 sua
1105 1359 1242 1442 portat,
1268 1368 1379 1441 quum
1403 1345 1482 1440 quis
1510 1341 1581 1413 hoc
1605 1341 1781 1439 suscipere
1804 1365 1878 1412 non
1906 1339 2036 1428 differt,

467 1490 656 1564 quousque
676 1467 713 1536 in
733 1467 833 1538 senio
854 1465 986 1536 viribus
1011 1464 1200 1541 exhaustus
1225 1463 1298 1534 hoe
1324 1478 1512 1562 praesumat
1540 1461 1684 1551 tollere,
1708 1461 1808 1559 quod
1834 1484 1910 1533 non
1936 1462 2039 1559 possit

468 1601 610 1684 portare
628 1614 635 1656 ι
654 1602 689 1658 et
705 1588 859 1682 quietem
886 1584 1047 1683 corporis
1072 1584 1182 1680 magis
1207 1608 1315 1681 quam
1343 1607 1467 1681 pacem
1494 1582 1620 1652 animae
1638 1605 1821 1677 quaerens,
1845 1580 2039 1680 voluptates

467 1706 597 1794 saeculi,
614 1730 702 1802 quas
716 1705 835 1801 sugere
849 1728 886 1775 se
901 1706 1082 1793 mentitur,
1093 1704 1128 1772 in
1140 1703 1355 1773 monasterio
1365 1702 1501 1798 quaerit.
1519 1703 1563 1770 Et
1575 1699 1664 1790 nihil
1673 1699 1748 1794 jam
1760 1698 1882 1772 valens
1891 1703 2037 1798 operari,

391 1889 398 1902 .
469 1841 639 1920 tanquam
659 1825 750 1894 inter
766 1847 851 1922 apes
868 1822 998 1894 burdio
1016 1823 1146 1909 factus,
1168 1822 1268 1917 quod
1286 1821 1351 1892 illae
1373 1832 1607 1916 congregant,
1633 1817 1782 1890 devorat
1805 1819 2037 1917 impudenter.

469 1947 513 2013 Et
526 1944 601 2037 jam
618 1943 837 2039 consumptis
854 1941 986 2012 viribus
1003 1943 1183 2039 corporis,
1203 1965 1291 2036 quas
1309 1939 1429 2036 quoad
1447 1939 1581 2036 potuit,
1610 1938 1644 2008 in
1664 1937 1806 2010 servitio
1831 1936 1967 2010 diaboli
1988 1963 2041 2010 ex·

470 2061 605 2160 pendit,
626 2062 812 2133 occasione
835 2060 972 2132 senilis³
989 2059 1219 2146 infirmitatis,
1249 2059 1427 2129 luxurioso
1444 2071 1546 2129 vacat
1562 2057 1657 2145 otio,
1677 2056 1823 2153 quando
1844 2081 1928 2128 eum
1948 2073 2042 2130 tantu

470 2180 660 2252 restrictius
678 2182 796 2252 vivere
821 2180 955 2268 decuit,
979 2195 1015 2252 et
1033 2169 1156 2250 contra
1180 2179 1264 2250 vitia
1290 2178 1480 2267 dimicare,
1509 2191 1644 2274 quanto
1667 2201 1705 2248 se
1731 2161 1849 2249 mlnus
1870 2178 2043 2251 victurum

472 2304 585 2391 novit,
596 2317 632 2371 et
642 2301 687 2372 ad
697 2299 964 2398 percipiendam
974 2300 1085 2370 bravii
1099 2300 1152 2370 sui
1164 2298 1319 2396 palmam
1330 2298 1432 2369 citius
1445 2311 1713 2395 perventurum,
1724 2295 1856 2369 sihanc
1866 2301 2041 2371 meruerit.

471 2427 538 2494 iste
553 2422 631 2492 talis
648 2420 754 2491 miser
770 2419 814 2490 ah
829 2419 1065 2489 adolescentia
1086 2443 1148 2489 sua
1168 2418 1292 2513 jugum
1312 2432 1453 2516 portare
1471 2441 1544 2487 non
1559 2429 1739 2507 assuetus,
1754 2415 1821 2488 sub
1834 2417 1932 2515 ipso,
1949 2419 2045 2516 quod

472 2565 545 2613 non
565 2555 681 2639 potest
704 2539 815 2628 lerre,
835 2539 974 2634 cogitur
996 2537 1237 2609 succumbere.
1265 2537 1371 2609 Sedet
1395 2537 1571 2608 solitarius
1592 2550 1627 2608 et
1648 2543 1753 2608 tacet·
1762 2535 1943 2635 professor
1967 2563 2047 2610 mo-

472 2661 611 2732 nasticae
633 2657 844 2756 disciplinae,
863 2682 975 2754 quum
995 2673 1029 2728 et
1048 2679 1179 2729 nomen
1195 2655 1364 2727 monaehi
1382 2670 1418 2728 et
1435 2656 1514 2726 vitae
1531 2654 1783 2753 perlectionem
1797 2655 1863 2726 sibi
1877 2657 2045 2730 vindieat.

471 2779 666 2851 Monachus
683 2779 836 2876 quippe,
861 2776 1036 2848 solitarius
1053 2777 1315 2873 interpretatur,
1332 2799 1445 2872 quem
1462 2775 1586 2847 beatus
1599 2775 1785 2872 increpans
1797 2776 2046 2872 Hieronymus,

472 2895 564 2971 ait‘:
585 2925 604 2966 u
617 2897 712 2984 Quid
729 2896 812 2968 lacis
833 2897 869 2968 in
888 2895 1009 2985 turba,
1029 2896 1091 2992 qui
1113 2894 1209 2966 solus
1233 2894 1296 2966 es?
1313 2923 1330 2961 a
1352 2899 1469 2982 Quem
1493 2923 1511 2962 ιι
1532 2894 1632 2965 omni
1656 2905 1816 2992 tempore
1844 2877 1979 2969 debere
2005 2898 2049 2969 si·

473 3019 581 3090 lentio
601 3018 741 3089 studere
759 3045 777 3084 a
799 3016 932 3088 beatus·
946 3017 1067 3088 asserit.
1085 3015 1333 3104 Benedictus⁸,
1356 3014 1491 3087 cultum
1516 3015 1656 3110 justitia
1682 3014 1859 3086 silentium
1883 3041 1928 3088 ex
1956 3020 2049 3090 testi·

475 3140 597 3208 monio
618 3134 859 3234 comprobans
879 3137 971 3206 lsaiae
987 3139 1008 3206 ⁶.
1031 3141 1075 3206 Et
1092 3135 1274 3233 apostolus
1294 3135 1388 3205 hane
1402 3135 1579 3233 praecipue
1596 3134 1761 3206 virtutem
1774 3137 2049 3226 commendans,
2125 3135 2130 3143 ’

472 3261 561 3328 ait⁷:
583 3285 599 3322 ιι
615 3255 743 3352 Siquis
757 3255 794 3324 in
808 3254 919 3326 verbo
934 3277 1008 3326 non
1028 3255 1196 3351 offendit,
1217 3255 1276 3325 hic
1293 3253 1467 3352 perlectus
1487 3269 1538 3325 est
1554 3253 1619 3324 vir.
1640 3282 1657 3320 ιι
1676 3259 1782 3326 Levat
1798 3279 1836 3328 se
1857 3237 1967 3356 super
1990 3283 2050 3346 se,

439 3370 448 3389 ¹
472 3400 584 3474 quum
605 3399 641 3444 se
659 3376 776 3472 ipsum
792 3397 938 3470 regens,
965 3389 999 3445 et
1022 3374 1250 3471 opprimens,
1277 3399 1421 3446 carnem
1438 3375 1575 3474 spiritui
1595 3374 1715 3446 subdit
1740 3402 1748 3444 :
1771 3391 1807 3448 et
1827 3377 2052 3453 voluntatem

471 3495 653 3594 propriam
668 3493 840 3563 voluntati
853 3492 1042 3588 subjiciens
1056 3494 1141 3582 Dei,
1162 3494 1206 3564 de
1225 3495 1340 3593 seipso
1357 3493 1509 3590 gloriose
1523 3494 1735 3591 triumphat,
1749 3495 1938 3569 attendens
1949 3499 2052 3596 quod

472 3615 641 3710 scriptum
663 3613 760 3683 est⁸:
787 3610 948 3682 «Melior
967 3625 1019 3682 est
1041 3612 1177 3709 patiens
1197 3614 1273 3683 viro
1294 3613 1398 3702 forti,
1424 3627 1460 3684 et
1487 3613 1551 3708 qui
1580 3612 1785 3684 dominatur
1811 3616 1932 3687 animo
1962 3643 2052 3705 suo,

472 3745 713 3828 expugnatore
741 3729 893 3800 urbium.
916 3757 933 3796 u
957 3733 1056 3799 Tunc
1077 3745 1195 3800 autem
1214 3733 1365 3802 maxime
1385 3745 1500 3802 tacere
1521 3729 1649 3819 dehet,
1675 3755 1786 3828 quum
1807 3731 1869 3804 alii
1884 3735 2054 3807 virtutem

474 3849 548 3943 ejus
565 3846 747 3943 divulgant
764 3876 772 3918 ι
790 3873 835 3918 ne
854 3850 929 3945 ipse
942 3849 995 3918 sui
1008 3873 1124 3945 praeco
1145 3848 1278 3934 factus,
1304 3851 1340 3919 iu
1358 3848 1473 3920 levem
1491 3863 1677 3921 evanescat
1691 3873 1835 3940 auram,
1859 3867 1896 3923 et
1914 3871 2056 3950 quanto

472 3967 576 4039 altior
588 3971 624 4040 in
644 3968 831 4040 virtutihus
849 3967 1001 4056 videtur,
1027 3969 1223 4063 graviorem
1242 3967 1481 4066 superbiendo
1502 3991 1623 4040 casum
1639 3969 1802 4066 perferat.
1818 3975 1945 4044 Taceat
1963 3998 2055 4072 ergo

471 4088 554 4183 quia
568 4086 696 4158 levavit
710 4109 746 4157 se
760 4111 934 4183 superse,
950 4111 996 4156 ne
1008 4086 1170 4157 videlicet
1182 4086 1257 4157 haec
1270 4087 1299 4157 si
1313 4087 1434 4159 feeerit
1447 4101 1690 4185 recognoscat,
1704 4102 1739 4159 et
1752 4089 1903 4186 pavidus
1913 4107 1994 4163 oret
2008 4116 2059 4163 ne

471 4221 633 4296 corruat;
656 4207 739 4301 quia
762 4207 797 4276 in
822 4205 890 4276 hac
910 4207 1001 4293 vita,
1026 4204 1115 4275 nulli
1137 4229 1260 4276 secura
1278 4221 1330 4277 est
1354 4207 1513 4278 victoria.
1539 4205 1648 4294 Quod
1663 4207 1693 4277 si
1716 4206 1805 4280 lorte
1828 4208 1873 4280 de
1895 4233 1934 4282 se
1951 4209 2062 4308 loqui

473 4341 678 4426 prasumat,
701 4349 775 4397 non
797 4325 964 4396 virtutem
987 4350 1107 4413 suam,
1133 4325 1195 4396 sed
1211 4324 1435 4398 infimitatem
1455 4325 1631 4424 praedicet.
1656 4326 1759 4398 Unde
1781 4342 1817 4400 et
1841 4327 2055 4402 subditur’.
2148 4337 2152 4352 '

475 4479 492 4516 u
512 4453 622 4518 Ponet
645 4447 683 4515 in
703 4445 849 4543 pulvere
868 4469 1050 4529 ossuum,
1074 4447 1104 4516 si
1122 4445 1212 4516 forte
1232 4446 1277 4516 sit
1298 4471 1391 4544 spes.
1406 4474 1424 4514 u
1439 4445 1547 4532 Quod
1567 4461 1620 4517 ast
1633 4444 1752 4518 dicere
1767 4473 1776 4516 ι
1793 4463 1961 4545 tanquam
1972 4453 2063 4550 pul·

473 4592 592 4640 verem
609 4563 863 4636 tentationibus
883 4563 1087 4634 daemonum
1105 4565 1292 4661 agitatum,
1313 4579 1349 4636 et
1372 4566 1408 4636 in
1436 4564 1603 4663 operibus
1622 4589 1696 4636 non
1720 4581 1962 4659 constantem,
1990 4571 2065 4642 sed

474 4686 685 4758 dissolutum
698 4682 907 4782 profiteatur
923 4697 984 4753 :et
1002 4684 1031 4754 si
1049 4683 1195 4780 quando
1218 4683 1346 4756 mentis
1366 4684 1471 4756 elatio
1491 4683 1701 4770 titillaverit,
1724 4685 1841 4758 statim
1867 4713 1905 4760 se
1930 4687 2065 4786 objur-

474 4833 559 4904 gans
577 4806 722 4878 dicatl:
742 4833 759 4872 ιι
774 4803 869 4891 Quid
889 4801 1063 4901 superbis,
1084 4820 1177 4878 terra
1188 4821 1224 4876 et
1233 4805 1345 4876 cinis?
1361 4834 1379 4872 u
1395 4805 1489 4893 Quid
1508 4805 1707 4904 praesumis,
1729 4805 1904 4880 levissime
1921 4809 2064 4907 pulvis,
2135 4881 2138 4886 .

508 5025 515 5050 ⁴
535 5023 634 5080 Thaca„
644 5037 702 5088 cap.
714 5039 789 5084 ιιι,ι.
801 5023 831 5072 27
846 5033 870 5071 et
881 5037 918 5087 aq.
930 5048 960 5057 —
971 5021 1055 5071 'Cod
1070 5020 1246 5086 Vico-Dimi-
1283 5021 1291 5047 ⁷
1305 5021 1402 5080 Jacob..
1420 5038 1474 5086 cap.
1497 5037 1536 5082 ιιι,
1550 5037 1573 5071 ι.
1587 5023 1612 5070 2.
1627 5049 1648 5058 -
1665 5023 1774 5084 ⁸Pmn,
1791 5040 1847 5092 cap.
1862 5043 1918 5090 ιιι,
1929 5045 1951 5079 ι.
1965 5031 2013 5082 32.
2039 5057 2068 5068 -

473 5113 546 5170 plinta
559 5107 630 5157 deest
642 5106 705 5155 Edd.
716 5104 768 5142 -⁸
780 5106 878 5157 Serulia
895 5105 956 5156 God.
1016 5104 1026 5131 ⁴
1039 5107 1110 5168 lieu,
1123 5119 1177 5171 cap.
1190 5121 1246 5155 mu.
1283 5105 1293 5130 '
1309 5104 1408 5163 Three„
1421 5120 1476 5172 cap.
1493 5123 1532 5166 ru,
1548 5121 1572 5155 ι.
1584 5105 1625 5156 29.
1636 5133 1665 5142 -
1680 5106 1701 5134 ¹⁰
1715 5109 1805 5168 Facti„
1818 5124 1872 5176 cap.
1887 5127 1902 5162 x
1910 5149 1917 5174 ,
1927 5128 1949 5162 ι.
1960 5112 1986 5161 9.

478 5219 504 5232 -
517 5191 527 5216 ⁵
541 5193 609 5254 Rea„
627 5205 682 5256 cap.
704 5205 761 5238 ιιιι.
781 5216 798 5224 --
819 5188 910 5244 ⁸lsai.
933 5204 990 5252 cap.
1011 5205 1093 5251 xxxu,
1113 5205 1135 5239 ιι.
1159 5191 1198 5238 tt.
1217 5213 1250 5226 -
