4536 6102
434 581 508 656 aaa·
897 631 900 642 ·
1032 580 1164 652 Plll'lll
1185 579 1419 654 tumtum

432 723 604 809 scribens,
624 722 699 819 ejus
712 719 948 820 providentiae
958 718 1129 816 relinquit
1143 719 1180 790 iu
1193 717 1323 790 divinis
1339 716 1484 806 officiis,
1497 713 1556 790 vel
1570 715 1812 790 celebratione
1825 719 1959 806 missae,
1972 719 2016 791 de

433 844 539 914 variis
559 841 680 922 usibus
697 841 850 912 aliorum
872 839 910 912 id
924 839 1026 936 quod
1042 838 1241 911 decreverit
1262 837 1417 936 eligere,
1432 861 1500 910 nec
1513 851 1589 912 tam
1604 837 1720 936 ipsam
1742 837 1852 910 etiam
1867 851 2018 920 matrem

433 986 622 1034 romanam
638 962 834 1034 Ecclesiam
849 961 889 1032 in
903 959 1034 1032 talihu's
1058 961 1184 1057 sequi,
1200 978 1321 1057 quam·
1330 957 1432 1056 quod
1455 972 1580 1030 tenere
1599 958 1789 1032 censuerit.
1816 988 1834 1026 o
1851 961 1978 1048 Novit,
1999 989 2016 1028 n

432 1081 580 1181 inquit¹,
600 1083 834 1154 «fraternitas
856 1097 917 1154 tua
940 1105 1103 1153 romanae
1122 1079 1289 1154 maesia
1303 1078 1680 1169 cousuetudinem,in
1701 1103 1774 1176 qua
1799 1105 1838 1152 se
1858 1081 2018 1152 meminit

433 1204 607 1275 nutritam
631 1230 639 1273 :
660 1201 724 1273 sed
746 1201 835 1273 mihi
855 1201 1071 1299 placet'sive
1099 1201 1138 1272 in
1158 1221 1328 1288 romana,
1353 1200 1429 1272 sive
1451 1200 1490 1272 in
1512 1199 1707 1296 gallicana,
1725 1223 1789 1272 seu
1809 1201 1848 1270 iu
1863 1198 2020 1296 qualibet

435 1321 590 1424 Ecclesia
611 1321 746 1420 aliquid
766 1322 959 1411 invenisti,
975 1319 1077 1421 quod
1096 1320 1177 1419 plus
1197 1321 1439 1418 omnipotenti
1461 1323 1539 1393 Deo
1562 1321 1675 1418 possit
1695 1318 1853 1418 placere,
1872 1319 2046 1426 sollicite·

435 1441 565 1538 eligas,
586 1457 623 1513 et
639 1443 676 1512 in
694 1440 893 1536 Anglorum
906 1440 1123 1530 Ecclesiam,
1136 1463 1215 1537 quar
1228 1439 1347 1512 adhuc
1365 1439 1437 1514 fide
1452 1463 1552 1513 nova
1564 1454 1638 1529 est,
1657 1440 1881 1512 institutione
1899 1442 2020 1538 praci-

438 1587 535 1660 pua,
562 1587 642 1660 quae
656 1561 703 1633 de
719 1561 839 1632 multis
859 1558 1023 1634 Ecclesiis
1042 1559 1211 1656 colligere
1226 1559 1391 1657 potuisti,
1412 1557 1596 1632 infundas.
1614 1562 1695 1631 Non
1721 1559 1819 1630 enim
1842 1581 1910 1656 pro
1935 1559 2020 1631 locis

437 1705 512 1770 res,
531 1680 596 1751 sed
618 1704 685 1778 pro
703 1677 809 1750 nohis
826 1677 951 1750 rebos¹
966 1679 1047 1750 loca
1060 1677 1215 1750 amanda
1229 1689 1326 1750 sunt.
1342 1681 1393 1748 Ex
1408 1676 1557 1776 singulis
1575 1701 1661 1774 ergo
1683 1675 1885 1775 quibusque
1903 1679 2020 1750 Eucle-

437 1802 516 1890 siis,
532 1825 611 1898 quae
624 1801 706 1898 pia,
729 1823 811 1898 quae
823 1799 1013 1896 religiosa,
1026 1823 1106 1898 quae
1122 1813 1222 1872 recta
1236 1812 1321 1870 sunt
1342 1797 1449 1895 elige,
1476 1810 1513 1870 et
1535 1797 1611 1870 haee
1632 1797 1734 1896 quasi
1756 1797 1794 1868 in
1817 1796 2021 1870 fasciculum

437 1921 600 2008 collecta,
620 1918 718 2017 apud
731 1917 926 2015 anglorum
938 1933 1075 1992 mentes
1091 1920 1128 1992 in
1145 1917 1445 1990 consuetudinem
1461 1916 1618 2018 depone.
1634 1945 1653 1986 u
1669 1916 1778 2004 Quod
1791 1919 1821 1990 si
1839 1919 1879 1990 in
1894 1917 2022 1990 talibus

438 2055 474 2112 et
490 2040 596 2112 nohis
612 2041 740 2137 eligere
753 2039 858 2112 licem
871 2063 914 2111 ex
929 2038 1250 2112 consuetudinibus
1266 2037 1505 2112 Ecclesiarum
1517 2093 1530 2128 ,
1542 2061 1619 2110 non
1641 2035 1884 2136 improbanda
1903 2053 2021 2110 nostra

438 2161 582 2234 videtur
596 2161 736 2251 electio,
752 2159 1018 2257 providentiam
1035 2163 1262 2248 Graecorum,
1281 2159 1447 2256 aquibus
1465 2157 1659 2258 plurimam
1670 2158 1872 2256 accepimus
1891 2157 2022 2230 doctri·

439 2303 547 2368 nam,
565 2281 604 2350 in
618 2279 693 2350 hoc
703 2279 812 2350 etiam
827 2279 985 2366 imitata,
1000 2292 1042 2349 ut
1058 2301 1128 2348 nec
1143 2277 1336 2348 auctoritas
1353 2275 1624 2350 consuetudinis
1639 2275 1731 2348 desit
1745 2290 1820 2348 tam
1832 2275 2023 2348 manifesta

440 2398 584 2468 rationi.
604 2401 723 2483 Quam
735 2395 902 2468 videlicet
917 2397 1096 2468 rationem
1112 2396 1163 2467 ita
1175 2419 1241 2466 vos
1258 2395 1422 2468 videmus
1437 2396 1618 2486 insistere,
1636 2410 1673 2470 et
1685 2397 1724 2468 in
1737 2421 1780 2468 ea
1795 2395 2024 2470 vehementes

441 2541 538 2605 esse,
552 2529 593 2588 ut
614 2530 742 2588 contra
757 2517 924 2588 omnium
938 2515 1239 2588 consuetudinem
1250 2514 1507 2606 Ecdcsiarum,
1525 2519 1567 2590 in
1583 2517 1720 2590 divinis
1734 2517 1861 2590 officiis
1875 2543 1954 2591 eam
1972 2535 2023 2591 te·

440 2661 528 2708 nere
544 2661 586 2709 sc
608 2634 801 2708 defendere
823 2635 997 2708 audeatis.
1023 2640 1097 2708 Vos
1121 2635 1256 2734 quippe
1280 2636 1383 2734 quasi
1406 2636 1551 2710 noviter
1577 2637 1710 2726 exorti,
1734 2661 1777 2710 ac
1800 2637 1847 2710 de
1868 2639 2025 2710 novitate

439 2757 634 2854 plurimum
652 2754 867 2851 gaudentes,
884 2770 1012 2854 praeter
1034 2755 1335 2828 consuetudinem
1350 2781 1497 2829 omnem
1512 2770 1588 2829 tam
1599 2753 1812 2829 clericortmr
1827 2781 1939 2855 quam
1954 2782 2025 2830 mo·

440 2876 642 2983 nachorum
662 2875 769 2972 longe
789 2890 873 2949 aute
896 2875 1078 2966 habitam,
1100 2889 1137 2948 et
1153 2900 1251 2947 nunc
1271 2899 1417 2975 quoque
1437 2891 1733 2982 permanentem,
1751 2879 1857 2950 novis
1878 2877 2024 2976 quibus·

442 2997 527 3069 dem
542 2994 694 3068 decret'u
711 2995 812 3068 aliter
829 2995 927 3094 apud
942 3019 1007 3068 ros
1024 2994 1189 3068 divinum
1208 2993 1370 3068 officinm
1394 2995 1596 3068 instituistis
1617 2996 1675 3091 agi
1690 3023 1698 3067 :
1714 3020 1781 3068 nec
1801 3011 1922 3068 tamen
1943 2996 2026 3068 inde

442 3139 507 3186 ros
531 3113 753 3186 accusandos
772 3114 939 3186 censetis.
961 3113 998 3184 si
1020 3112 1097 3186 haec
1116 3127 1236 3186 vestra
1253 3115 1396 3186 novitas
1418 3125 1481 3188 aut
1499 3112 1725 3211 singularitas
1747 3113 1794 3187 ab
1818 3115 2027 3212 antiquitate

441 3233 586 3306 recedat
600 3232 776 3322 aliorum,
797 3256 907 3331 quam
926 3233 1058 3306 rationi
1074 3233 1271 3332 plurimum
1286 3248 1322 3307 et
1334 3234 1452 3308 tenori
1475 3234 1604 3332 regrxlae
1619 3234 1764 3307 creditis
1781 3235 2022 3308 concordare:

443 3379 510 3425 nec
538 3353 670 3426 curatis
696 3367 977 3450 quantacunque
1000 3353 1240 3424 admiratione
1260 3377 1369 3452 super
1389 3351 1461 3426 hoc
1483 3353 1544 3426 alii
1564 3365 1793 3444 moveantur,
1810 3377 1852 3426 ac
1866 3379 2026 3426 murmu-

443 3487 541 3560 rent,
554 3459 756 3544 dummodo
777 3485 919 3559 vestrae,
938 3495 1049 3568 quam
1060 3473 1210 3568 putatis,
1227 3473 1360 3544 rationi
1377 3474 1543 3571 pareatis.
1564 3476 1730 3561 Quorum
1746 3486 1786 3544 ut
1797 3495 1914 3570 pauca
1928 3497 2027 3544 com·

352 3647 355 3654 ,
444 3612 665 3678 memorem,
683 3611 772 3686 pace
788 3603 922 3677 vestra,
940 3587 1096 3686 hymnos
1111 3587 1236 3662 solitos
1252 3591 1452 3690 respuistis,
1471 3607 1507 3664 et
1524 3592 1706 3690 quosdam
1719 3591 1817 3691 apud
1832 3615 1901 3665 nos
1922 3593 2028 3666 inau-

444 3707 552 3796 ditos,
571 3723 607 3778 et
624 3707 696 3778 sere
713 3698 882 3779 omnihus
897 3707 1063 3781 Ecclesiis
1078 3710 1298 3808 incognitos,
1317 3735 1359 3784 ac
1375 3713 1495 3786 minus
1513 3711 1753 3802 sufficientes,
1767 3713 2023 3786 introduxistis.

445 3824 550 3896 Unde
566 3841 601 3897 et
617 3849 682 3924 per
700 3839 818 3897 totum
833 3850 970 3898 annum
983 3827 1020 3898 in
1035 3827 1161 3924 vigiliis
1174 3844 1250 3902 tam
1261 3829 1432 3903 feriarum
1443 3855 1553 3928 quam
1566 3831 1794 3904 festivitatum
1805 3857 1881 3904 uno
1892 3831 2025 3928 hymno

445 3955 481 4012 et
496 3943 626 4014 eodem
643 3944 804 4015 contenti
821 3945 918 4034 estis,
936 3969 1050 4043 quum
1068 3946 1223 4021 Ecclesia
1238 3973 1306 4047 pro
1322 3948 1527 4023 diversitate
1542 3949 1712 4023 feriarum
1726 3949 1784 4023 vel
1799 3949 2027 4022 festivitatum

445 4061 594 4136 diversis
610 4078 731 4136 utatur
746 4063 912 4162 hymnis,
930 4065 1023 4138 sicut
1038 4079 1074 4139 et
1089 4066 1252 4165 psalmis,
1271 4069 1329 4142 vel
1344 4070 1495 4159 caeteris,
1513 4095 1593 4168 quae
1608 4069 1665 4143 his
1680 4070 1860 4170 pertinere
1875 4093 2027 4143 noscun-

445 4199 503 4256 tur
517 4209 526 4252 :
541 4183 643 4282 quod
659 4199 696 4256 et
711 4183 898 4256 manifesta
918 4186 1009 4257 ratio
1031 4187 1150 4282 exigit.
1172 4188 1276 4260 Unde
1296 4199 1332 4261 ct
1355 4189 1417 4287 qui
1437 4213 1503 4262 ros
1528 4189 1587 4262 die
1611 4189 1760 4280 Natalis,
1785 4214 1848 4262 seu
1869 4188 2023 4277 Pascha,

445 4303 502 4376 vel
517 4309 760 4393 Pentecostes,
783 4318 819 4376 et
835 4305 969 4378 caeteris
984 4304 1269 4380 solemnitatibus
1286 4307 1464 4406 hymnmu
1485 4335 1626 4410 semper
1648 4307 1817 4382 eumdem
1837 4309 2025 4382 decantare

327 4471 342 4494 .
446 4423 614 4514 audiunt,
633 4424 787 4496 scilicet:
805 4451 823 4492 o
842 4429 989 4498 AEterne
1010 4450 1131 4499 rerum
1152 4428 1334 4521 conditor,
1348 4458 1368 4498 »
1385 4445 1699 4530 summostupore
1720 4431 1863 4502 amoniti
1879 4455 2025 4528 suspen·

446 4542 602 4632 duntur,
620 4569 687 4616 nec
703 4558 779 4615 tam
794 4542 1032 4618 admiratione
1047 4569 1158 4644 quam
1173 4546 1353 4621 derisione
1372 4563 1577 4622 moventur.
1596 4553 1721 4623 Preces
1744 4575 1825 4648 qum
1843 4564 1928 4648 post
1947 4573 2027 4647 sup·

447 4660 677 4759 plicationem
692 4675 728 4734 et
744 4664 948 4736 orationem
963 4663 1185 4740 dominicam
1200 4666 1246 4740 ab
1263 4667 1419 4742 Ecclesia
1430 4667 1565 4767 ubique
1575 4667 1824 4756 celebrantur3
1841 4683 1879 4740 et
1893 4691 1936 4740 ea
1950 4692 2027 4766 quae

447 4781 616 4878 suffragia
638 4797 845 4856 sanctorum
867 4782 1050 4877 dicuntur,
1069 4787 1219 4859 omnino
1236 4812 1258 4860 a
1273 4787 1377 4860 vobis
1396 4786 1475 4860 fieri
1490 4787 1733 4879 interdixistis,
1752 4789 1854 4886 quasi
1868 4787 1925 4860 vel
1947 4811 2026 4886 pre·

449 4900 548 4972 cibus
564 4903 690 4976 vestris
706 4903 881 4994 mundus,
902 4902 959 4978 vel
975 4930 1041 4980 vos
1056 4905 1231 5004 suffragiis
1247 4923 1454 4982 sanctorum
1470 4909 1590 4982 minus
1604 4909 1748 5007 egeatis.
1763 4912 1825 4997 Et,
1843 4907 1944 5007 ‘quod
1960 4905 2025 4978 mi·

483 5173 490 5198 ⁴
510 5173 563 5224 tib.
577 5173 625 5235 lll,
640 5173 713 5240 epist.
724 5191 789 5239 exn,
801 5176 864 5241 opp.
878 5185 897 5228 t.
911 5175 948 5240 ll,
963 5177 1011 5230 col.
1025 5178 1304 5247 nih-’hemmam
1313 5197 1359 5246 pro
1369 5183 1518 5234 nanneto
1529 5183 1593 5232 toea.
