4536 6102
460 547 530 619 trs
1056 543 1183 616 ratur
1210 541 1443 616 ABAELARDI

506 691 626 776 Quum
647 709 732 782 ergo
748 685 785 758 id
801 708 875 756 non
893 709 960 783 pro
981 683 1082 757 lucro
1099 686 1318 772 animarum,
1339 681 1404 754 sed
1425 703 1658 752 nummorum
1678 681 1811 776 geritur
1823 681 1923 776 juxta
1938 685 2035 780 quod

457 833 521 907 per
541 808 730 879 Jeremiam
754 807 931 876 Dominus
952 807 1203 903 conqueritur,
1227 803 1388 876 dicens¹:
1406 800 1645 874 «Sacerdotes
1668 801 1739 872 mei
1755 826 1830 874 non
1847 802 2033 878 dixerunt:

458 926 526 998 Ubi
547 942 600 998 est
620 925 843 996 Dominusln
867 932 915 996 Ac
937 925 966 994 si
988 923 1138 1014 diceret,
1157 922 1220 995 sed
1238 923 1299 994 ubi
1315 936 1368 994 est
1383 922 1572 992 nummus?
1588 946 1664 992 non
1680 921 1807 992 tamid
1823 920 2034 996 beneficium

455 1071 564 1144 quarn
580 1047 732 1133 lucrum,
749 1069 823 1115 non
840 1059 916 1116 tam
926 1043 1080 1116 charitas
1094 1068 1202 1141 quam
1219 1042 1395 1140 cupiditas
1407 1056 1459 1112 est
1475 1039 1744 1140 appellandum.
1763 1045 1877 1136 Aque
1889 1040 2032 1136 quidem

455 1167 550 1261 turpi
575 1178 710 1262 quaestu
732 1176 950 1240 memoratus
970 1162 1152 1260 apostolus
1173 1177 1247 1232 tarn
1268 1161 1417 1258 proprio
1438 1183 1548 1257 quam
1572 1159 1756 1238 dominico
1776 1157 1940 1255 exemplo
1968 1183 2033 1232 nos

453 1286 684 1356 vehementer
710 1284 922 1372 dehortans,
949 1299 985 1354 et
1009 1283 1269 1382 impudentiam
1295 1297 1457 1354 nostram
1477 1281 1698 1380 reprimens,
1717 1285 1813 1350 Luca
1834 1281 1872 1350 in
1895 1277 2032 1350 Acribus

452 1403 702 1502 Apostolorum
724 1404 917 1492 referente,
943 1403 1008 1475 ait¹
1023 1430 1031 1473 :
1049 1407 1288 1500 «Argentum,
1306 1417 1341 1474 et
1356 1426 1502 1491 aurum,
1522 1416 1583 1473 aut
1597 1416 1734 1472 vestem
1754 1398 1884 1472 nullius
1900 1423 2029 1470 concu-

452 1524 543 1620 pivi,
562 1524 629 1620 ipsi
647 1525 759 1611 scitis,
779 1523 952 1620 quoniam
968 1547 1009 1593 ea
1025 1546 1104 1618 quae
1119 1521 1208 1593 mihi
1225 1545 1316 1618 opus
1332 1535 1452 1611 erant,
1472 1536 1508 1593 et
1527 1520 1583 1592 his
1599 1519 1662 1618 qui
1678 1543 1819 1591 mecum
1832 1533 1916 1589 sunt
1931 1519 2030 1588 mini·

451 1657 654 1714 straverunt
676 1667 804 1714 manus
824 1643 910 1713 istae.
935 1642 1066 1713 Omnia
1090 1640 1231 1712 ostendi
1253 1641 1372 1730 vobis,
1395 1641 1569 1738 quoniam
1588 1642 1637 1712 sic
1661 1639 1865 1711 laborantes
1892 1653 2029 1736 oportet

449 1762 628 1860 suscipere
639 1743 820 1849 infirmos,
840 1785 882 1832 ac
898 1761 1102 1832 meminisse
1118 1760 1220 1832 verbi
1236 1761 1382 1832 Domini
1397 1765 1493 1850 lesu,
1512 1761 1684 1858 quoniam
1700 1761 1776 1857 ipse
1792 1757 1900 1832 dixit:
1916 1787 1934 1826 «
1945 1763 2028 1831 Bea-

454 1909 472 1948 ιι
491 1880 560 1951 tius
585 1896 638 1952 est
664 1883 775 1976 magis
801 1881 886 1952 dare
911 1887 1020 1977 quain
1041 1881 1247 1978 accipere.»
1273 1885 1313 1950 ln
1339 1897 1515 1978 quantum
1537 1897 1658 1953 autem
1680 1879 1725 1950 ad
1743 1878 1907 1950 dandum
1922 1880 2029 1974 magis

425 2023 559 2095 ·quam
584 1999 630 2071 ad
653 1998 901 2098 accipiendum
925 2001 1085 2071 Christus
1106 2024 1255 2071 manum
1278 2015 1461 2072 extensam
1481 1999 1649 2086 haberet,
1671 2000 1747 2096 ipse
1762 2012 1927 2096 patenter
1947 1998 2027 2068 insi·

449 2131 548 2206 nuat,
561 2141 674 2213 quum
691 2118 791 2188 diviti
808 2117 854 2187 de
869 2117 1238 2214 perlectionejustitiae
1254 2117 1455 2186 consulenti
1467 2116 1672 2212 respondit³
1685 2143 1693 2185 :
1708 2145 1726 2182 e
1739 2117 1775 2184 Si
1785 2115 1839 2186 vis
1854 2114 2026 2212 perlectus

448 2261 536 2325 esse,
555 2238 659 2324 vade,
678 2237 795 2307 vende
812 2237 935 2308 omnia
951 2259 1030 2331 quae
1046 2233 1171 2322 habes,
1187 2250 1223 2304 et
1238 2235 1285 2304 da
1300 2235 1532 2332 pauperibus,
1545 2251 1581 2307 et
1597 2237 1692 2324 veni,
1708 2250 1744 2307 et
1760 2259 1908 2331 sequere
1925 2259 1995 2306 me.
2008 2262 2024 2301 n

448 2359 668 2452 Nonutique
685 2358 733 2428 ait
746 2383 755 2426 ε
768 2356 871 2443 Veni,
890 2369 926 2425 et
942 2353 1028 2426 affer
1044 2378 1123 2450 quae
1139 2351 1250 2425 habes
1268 2353 1315 2438 ad
1331 2379 1411 2444 nos,
1429 2353 1493 2426 sed
1509 2353 1585 2426 aliis
1597 2355 1696 2450 prius
1712 2377 1821 2448 eroga
1838 2369 1912 2442 tua,
1931 2355 2025 2424 etsie

447 2489 530 2573 post
549 2474 713 2565 modurn,
731 2476 870 2572 suscipe
884 2489 1018 2547 nostra.
1045 2477 1117 2545 Nos
1133 2497 1220 2543 vero
1242 2475 1459 2546 econtrario
1477 2473 1674 2570 quemlibet
1694 2472 1741 2545 ad
1756 2473 2024 2545 conversionem

448 2599 663 2684 venientem,
682 2619 757 2666 non
774 2610 848 2668 tarn
861 2594 1001 2666 lucrum
1018 2593 1145 2665 animae
1160 2617 1269 2689 quam
1285 2594 1445 2691 pecuniae
1456 2610 1666 2691 quaerentes,
1678 2609 1719 2703 ut
1730 2619 1809 2691 quae
1825 2595 1936 2666 habet
1951 2591 2025 2666 alle-

446 2731 501 2790 rat
515 2716 759 2805 exhortamur,
778 2741 846 2788 nec
862 2730 936 2787 tam
953 2715 986 2786 ei
999 2729 1123 2786 nostra
1138 2714 1309 2810 largimur
1324 2711 1435 2812 quam
1450 2715 1651 2788 vendimus.
1671 2721 1711 2786 In
1728 2741 1803 2812 quo
1815 2717 1848 2787 ei
1865 2715 2021 2814 prolecto
2067 2761 2072 2772 ·

444 2859 520 2906 non
541 2833 760 2906 mediocrem
778 2832 984 2906 tentationis
1005 2833 1231 2905 occasionem
1248 2834 1388 2906 damus.
1408 2834 1522 2906 Facile
1535 2835 1670 2932 quippe
1686 2833 1732 2904 de
1748 2833 1803 2904 his
1816 2859 1896 2931 quae
1913 2833 2023 2905 attulit

444 2955 702 3041 intumescens,
722 2977 835 3050 quum
855 2950 942 3048 quid
959 2952 992 3022 ei
1013 2950 1386 3048 defueritlindignatur
1403 2968 1438 3024 et
1458 2969 1677 3042 murmurat3
1697 2968 1732 3024 et
1748 2979 1785 3024 se
1801 2953 1971 3024 miserum
1985 2977 2023 3024 ac

445 3071 628 3169 proditum
649 3071 796 3159 clamat,
819 3095 931 3167 quum
954 3094 991 3140 se
1016 3069 1072 3142 his
1098 3071 1275 3167 coaequari
1298 3070 1443 3160 viderit,
1463 3073 1525 3168 qui
1541 3073 1678 3161 minus,
1696 3087 1758 3144 aut
1772 3073 1923 3153 omnino
1940 3069 2023 3142 nrlril

444 3190 639 3263 attulerint.
659 3193 730 3261 Has
747 3190 853 3286 igitur
867 3212 993 3260 omnes
1009 3190 1216 3260 occasiones
1232 3189 1392 3261 Christus
1409 3206 1616 3288 amputans,
1636 3175 1775 3262 nudum
1792 3193 1903 3287 magis
1918 3213 2021 3288 quam
2073 3275 2079 3288 Ι

443 3312 712 3384 suffarcinatum
724 3313 882 3382 decrevit
898 3334 1089 3382 assumere.
1110 3311 1180 3395 Qui
1194 3312 1291 3382 enim
1302 3311 1484 3410 discipulis
1495 3317 1728 3410 praeceperat*
1741 3341 1749 3384 :
1772 3314 1918 3386 «Gratis
1932 3337 2023 3384 acce·

418 3529 422 3535 Ι
443 3434 560 3531 pistis,
584 3434 691 3528 gratis
709 3432 844 3520 date,n
869 3431 994 3502 hocin
1012 3431 1129 3528 seipso
1146 3432 1303 3528 primum
1320 3432 1433 3504 voluit
1449 3432 1616 3505 exhibere
1637 3457 1712 3505 non
1735 3448 1808 3504 tarn
1825 3434 1937 3504 verbo
1958 3457 2019 3504 suo

443 3577 552 3650 quam
568 3543 731 3649 exemplo
748 3574 815 3622 nos
837 3549 883 3652 ad
904 3550 975 3620 hoc
996 3551 1143 3645 cupiens
1160 3551 1320 3622 incitare.
1344 3553 1414 3638 Qui
1435 3555 1531 3624 enim
1552 3567 1700 3651 propter
1720 3559 1836 3626 Deum
1857 3553 2020 3651 relinquit

443 3671 605 3769 propria,
625 3669 852 3766 impudenter
865 3669 970 3764 exigit
987 3667 1114 3740 aliena.
1135 3673 1183 3740 Ac
1199 3669 1304 3766 longe
1322 3671 1447 3743 melius
1462 3671 1518 3743 vel
1533 3672 1718 3746 honestius
1734 3688 1826 3744 esset
1837 3673 1872 3744 ei
1887 3698 1951 3745 sua
1966 3697 2019 3745 re·

442 3789 602 3876 tinuisse,
620 3803 660 3858 ut
675 3787 824 3859 haberet
840 3787 885 3859 de
901 3789 1050 3886 proprio
1065 3788 1219 3859 fructum
1237 3789 1487 3887 eleemosynae,
1505 3816 1614 3888 quam
1631 3791 1678 3863 ad
1694 3791 1807 3864 aliena
1821 3793 2021 3864 mendican-

442 3925 515 3982 tem
536 3907 638 3980 samae
657 3933 728 3980 suae
748 3908 1004 3980 detrimentum
1026 3911 1224 4000 incurrere,
1244 3926 1279 3981 et
1295 3936 1369 3984 non
1392 3910 1621 3984 mediocriter
1636 3913 1815 4008 religionis
1831 3916 2021 4012 propositae

441 4029 648 4126 dignitatem
664 4027 803 4099 laedere.
823 4029 893 4114 Qui
909 4028 998 4100 dum
1015 4031 1195 4127 marsupia
1210 4030 1381 4103 hauriunt
1397 4032 1525 4122 aliena,
1544 4055 1586 4104 ea
1599 4031 1725 4131 procul
1741 4032 1854 4105 dubio
1871 4057 2020 4130 congre·

441 4138 536 4243 gant,
550 4172 629 4244 qum
642 4145 804 4242 religioni
815 4147 968 4218 maxime
984 4147 1055 4219 sint
1071 4151 1263 4240 contraria,
1278 4164 1314 4222 et
1323 4151 1424 4246 juxta
1433 4151 1652 4232 dominicam
1667 4152 1889 4250 parabolam,
1903 4154 2022 4250 spinas

440 4265 603 4363 plantant
613 4290 764 4336 messem
780 4266 927 4336 Domini
939 4265 1185 4339 suffocaturas.
1206 4269 1301 4355 Quid
1314 4271 1411 4340 enim
1422 4285 1496 4342 tam
1506 4295 1707 4367 congruum
1721 4271 1898 4368 religioni,
1912 4295 2020 4370 quam

439 4383 632 4478 frugalitas,
651 4407 760 4480 quam
776 4383 998 4456 “voluntaria
1009 4389 1219 4484 paupertas?
1236 4387 1331 4475 Quid
1347 4405 1421 4461 tam
1437 4391 1584 4461 noxium
1601 4413 1710 4488 quam
1728 4391 1947 4466 abundantia
1966 4415 2022 4462 re·

439 4502 653 4572 rumlUnde
663 4516 698 4572 et
709 4500 916 4600 philosophi
924 4505 1085 4598 gentium
1093 4530 1321 4605 nequaquam
1328 4509 1476 4582 virtutes
1485 4533 1568 4582 cum
1577 4510 1708 4587 divitiis
1716 4512 1862 4584 retineri
1871 4533 2021 4584 censue·

438 4636 534 4692 runt.
555 4625 720 4708 Quorum
741 4645 850 4711 unus,
869 4637 909 4694 ut
925 4638 1071 4696 caeteros
1087 4628 1269 4718 omittam,
1289 4627 1347 4700 ille
1362 4627 1446 4718 luit,
1465 4642 1574 4726 quetn
1594 4631 1640 4702 de
1661 4646 1871 4729 contemptu
1892 4628 2022 4702 mundi

440 4739 543 4810 nobis
559 4736 761 4837 exemplum
770 4740 941 4838 predicto
955 4744 1089 4814 Contra
1099 4747 1324 4818 lucinianum
1335 4745 1429 4819 libro
1442 4749 1681 4846 Hieronymus
1693 4749 2018 4850 proponens,ait‘:
2138 4831 2145 4848 .
2226 4791 2227 4838 ,

470 5029 476 5054 ¹
493 5028 594 5091 terem,
604 5045 660 5095 cap.
674 5047 705 5092 n,
720 5047 742 5082 r.
756 5032 779 5079 8.
792 5056 825 5068 -
838 5030 1016 5096 'lct.1pest.‚
1028 5047 1082 5100 rep.
1094 5050 1138 5098 xx,
1152 5051 1176 5086 r.
1189 5038 1231 5089 33.
1242 5063 1275 5079 --
1285 5037 1295 5065 ⁸
1306 5037 1402 5102 Herm..
1417 5055 1473 5106 cap.
1485 5056 1525 5092 xrx
1536 5057 1567 5104 ,v
1589 5043 1631 5092 21.
1645 5069 1673 5079 —
1686 5040 1802 5103 *Ιιῑὼη
1812 5056 1867 5109 cap.
1878 5057 1908 5102 x,
1918 5055 1941 5090 r.
1958 5042 2021 5090 8.-

437 5115 512 5164 'lern
524 5113 595 5166 Δηώ.
608 5139 638 5153 -
653 5115 727 5170 ‘titt
737 5116 774 5180 ll,
789 5117 881 5199 Orant.
897 5118 938 5182 lV,
951 5129 1015 5183 part.
1029 5120 1065 5183 ll,
1080 5121 1130 5174 col.
1146 5123 1205 5174 203.
