4496 6102
458 551 530 624 tuo
1054 555 1183 628 PE'l'Rl
1209 557 1445 630 tumtum

455 691 588 762 esurire
614 645 850 782 demonstrat,
873 707 910 762 ut
928 691 978 763 ibi
996 693 1115 765 satiari
1140 699 1335 788 mereatur,
1360 696 1460 791 juxta
1484 693 1572 766 illud
1601 693 1804 767 Veritatis¹:
1829 721 1847 758 u
1864 693 1960 764 Beati
1976 691 2037 790 qui

454 831 552 882 nunc
566 811 722 910 esuritis,
739 813 821 910 quia
835 813 1093 887 saturabimini.
1107 842 1126 882 u
1144 820 1295 904 «Quum
1312 816 1531 915 apparuerit,
1548 844 1565 882 u
1579 815 1713 912 inquit,
1729 813 1870 910 «gloria
1884 828 1961 902 tua,
1976 836 2034 884 sa-

453 927 580 1022 tiabor,
596 958 613 997 u
631 933 715 1028 quia
733 957 845 1029 quum
865 933 910 1004 de
928 934 1005 1032 ipsa
1022 936 1176 1027 visione,
1196 961 1275 1032 quae
1293 961 1390 1008 nunc
1407 935 1507 1027 latet,
1528 960 1587 1008 me
1606 933 1785 1024 refeceris,
1807 932 1895 1004 nibil
1913 955 2034 1029 super·

452 1060 506 1120 est
522 1049 799 1145 requirendum,
820 1075 1008 1149 quousque
1027 1051 1143 1126 donec
1170 1048 1397 1153 perveniam3
1425 1055 1711 1152 quantiscunque
1737 1055 1881 1128 interim
1903 1049 2034 1122 deliciis

450 1165 613 1260 affluam,
635 1195 777 1268 semper
790 1172 998 1248 mendicum
1012 1198 1069 1247 me
1084 1197 1351 1271 recognoscam.
1374 1175 1444 1262 Qui
1457 1189 1492 1246 et
1505 1173 1589 1246 alibi
1604 1173 1650 1246 ad
1668 1175 1788 1271 patriae
1804 1199 1876 1246 suae
1889 1172 2033 1244 beatitu-

449 1285 571 1367 dinem
582 1291 664 1370 totis
674 1293 766 1373 votis
777 1291 962 1383 anhelans,
978 1308 1014 1366 et
1025 1295 1103 1366 vitae
1112 1295 1293 1393 praesentis
1301 1295 1445 1368 exilium
1453 1295 1658 1392 deplorans,
1668 1294 1866 1391 ingemiscit
1877 1293 2027 1364 dicens²z

449 1411 562 1490 «Heu
582 1407 692 1492 mihil
715 1411 797 1508 quia
816 1411 993 1483 incolatus
1012 1437 1113 1484 meus
1129 1412 1361 1511 prolongatus
1390 1427 1444 1486 est
1469 1440 1477 1483 :
1501 1412 1659 1485 habitavi
1686 1438 1768 1485 cum
1794 1411 2031 1513 babitantibus

445 1528 579 1620 Cedar;
599 1529 752 1602 multum
767 1525 884 1604 incola
902 1532 967 1604 luit
981 1533 1101 1605 anima
1118 1557 1212 1607 mea.
1233 1562 1251 1604 u
1271 1539 1453 1632 Tanquam
1471 1535 1500 1605 si
1517 1534 1674 1607 diceret:
1698 1538 1757 1606 Vae
1774 1534 1863 1605 mihi
1879 1535 2031 1632 peregri·

444 1651 545 1721 nanti
562 1651 600 1722 in
620 1650 726 1749 hujus
744 1652 848 1724 exilio
863 1654 960 1743 vitae,
978 1669 1014 1725 et
1029 1669 1102 1726 tam
1124 1654 1224 1734 tarda
1243 1654 1289 1727 ad
1306 1655 1457 1753 patriam
1481 1651 1656 1728 venienti!
1674 1653 1769 1742 Quid
1786 1656 1884 1726 enim
1904 1667 1957 1726 est
1973 1655 2030 1726 in-

405 1814 409 1829 »
442 1767 596 1861 uolatus,
625 1773 692 1842 uisi
713 1773 952 1870 peregrinatio
977 1788 1076 1846 extra
1094 1776 1282 1873 proprium
1300 1771 1447 1846 solum?
1467 1774 1570 1849 Unde
1586 1791 1622 1847 et
1641 1774 1786 1847 exilium
1804 1773 2029 1850 meminimus

442 1883 591 1960 dictum.
614 1889 868 1988 Prolongatum
886 1893 1005 1990 itaque
1021 1917 1127 1968 suum
1139 1893 1237 1965 dolet
1252 1892 1467 1984 incolatum,
1487 1895 1571 1990 quia
1584 1893 1794 1993 praesentem
1806 1895 1928 1984 vitam,
1944 1919 2025 1992 qua,

442 2004 530 2078 dum
544 2033 667 2082 sumus
679 2011 715 2081 in
727 2034 892 2108 corpore,
906 2013 1176 2110 peregrinamur
1193 2015 1322 2104 aDeo,
1344 2027 1381 2086 et
1398 2027 1569 2110 tanquam
1587 2011 1707 2084 exules
1722 2013 1874 2109 patriam
1887 2011 2029 2088 deside-

440 2150 579 2220 ramus,
604 2131 685 2227 qui,
714 2146 753 2202 ut
776 2133 825 2203 eit
848 2131 1069 2230 Apostolus⁸,
1097 2157 1208 2204 enon
1226 2133 1400 2206 habemus
1426 2133 1486 2205 bic
1507 2147 1713 2205 manentem
1742 2133 1937 2223 civitatem,
1968 2133 2028 2206 sed

441 2246 597 2320 futuram
614 2250 826 2346 inquirimus
835 2278 846 2340 ς
868 2278 885 2319 u
906 2251 996 2322 sicut
1014 2252 1141 2352 etipse
1159 2252 1222 2350 qui
1239 2251 1398 2324 dicebat*
1416 2279 1425 2328 ;
1455 2281 1472 2320 u
1486 2253 1600 2350 Cupio
1617 2249 1780 2341 dissolvi,
1802 2265 1838 2323 et
1858 2275 1933 2324 esse
1947 2275 2027 2324 cum

440 2365 598 2458 Christo,
617 2395 635 2434 u
657 2369 797 2465 gravius
815 2372 1050 2461 sustinemus,
1075 2385 1111 2442 et
1126 2369 1324 2468 longiorem
1337 2395 1447 2467 quam
1460 2370 1632 2462 vellemus
1649 2395 1747 2461 esse,
1775 2395 1888 2467 quum
1905 2373 2027 2468 quari·

440 2502 663 2584 musquanto
678 2487 724 2559 ad
735 2487 845 2580 illam,
862 2515 941 2588 quae
951 2492 1027 2561 sine
1039 2487 1111 2562 fine
1121 2504 1186 2581 est,
1203 2491 1306 2562 citius
1319 2491 1504 2588 pervenire
1519 2492 1693 2589 cupimus.
1711 2493 1783 2561 Nec
1801 2489 1919 2563 solum
1935 2490 2026 2562 banc

439 2608 549 2679 vitam
570 2610 865 2706 peregrinationi,
887 2611 1120 2682 verumetiam
1139 2609 1293 2682 tenebris
1309 2633 1543 2707 comparans,
1564 2634 1638 2708 quo
1656 2610 1856 2706 graviorem
1874 2635 1954 2682 eam
1967 2610 2025 2682 de·

439 2733 633 2816 monstret⁸
652 2757 659 2797 :
685 2755 702 2795 «
719 2727 899 2818 Habitavi,
917 2755 935 2796 u
954 2729 1089 2825 inquit,
1112 2757 1130 2798 α
1148 2752 1231 2800 cum
1249 2728 1489 2800 habitantibus
1511 2729 1643 2820 Cedar,
1664 2757 1682 2797 u
1701 2730 1773 2802 hoc
1788 2745 1842 2806 est
1867 2756 1952 2808 cum
1973 2731 2026 2802 bis

439 2845 501 2941 qui
515 2845 551 2915 in
566 2843 722 2917 tenebris
736 2859 1019 2918 commorantur.
1042 2844 1156 2916 Cedar
1172 2845 1306 2944 quippe
1319 2847 1569 2945 interpretatur
1585 2877 1602 2916 u
1613 2847 1779 2920 tenebra.
1792 2876 1810 2916 u
1826 2853 1870 2922 Et
1883 2873 2026 2946 compa·

438 2963 576 3035 ratione
596 2988 758 3062 supernae
776 2963 961 3054 claritatis,
982 2962 1138 3035 tenebrae
1167 2963 1339 3036 dicendus
1365 2980 1420 3037 est
1438 2979 1547 3038 status
1571 2967 1651 3038 vitae
1667 2967 1866 3066 presentis,
1893 2981 1930 3040 et
1956 2991 2025 3044 not

436 3083 556 3181 potius
582 3109 691 3182 quam
718 3083 793 3156 dies
820 3083 1066 3183 appellandus.
1092 3083 1196 3156 Unde
1212 3101 1248 3157 et
1264 3085 1379 3182 longae
1396 3087 1691 3184 peregrinationis
1715 3112 1905 3186 gravamen
1922 3087 2023 3186 repli-

439 3225 541 3294 cans,
566 3202 685 3275 adhuc
703 3203 901 3300 ingemiscit
922 3202 1084 3274 dicenslz
1106 3233 1123 3272 α
1140 3203 1291 3276 Multum
1305 3203 1422 3276 incola
1436 3205 1501 3276 luit
1514 3206 1634 3278 anima
1646 3229 1739 3278 mea.
1756 3233 1774 3274 u
1795 3213 1845 3279 Ac
1861 3209 1891 3280 si
1905 3222 2023 3307 aperte

437 3320 533 3394 dicat
549 3351 558 3394 ε
575 3285 727 3396 Multum
740 3321 800 3396 hic
813 3338 848 3398 et
862 3323 924 3396 diu
939 3349 996 3396 me
1010 3325 1227 3423 peregrinari
1239 3324 1365 3418 doleo,
1385 3327 1448 3423 qui
1464 3325 1547 3398 alibi
1564 3327 1716 3425 patriam
1737 3353 1966 3426 recognosco.

485 3445 527 3513 ln
542 3444 643 3540 cujus
659 3444 820 3542 prolecto
838 3445 1133 3542 peregrinationis
1148 3460 1185 3518 et
1196 3447 1317 3544 patriae
1330 3446 1481 3545 figuram
1499 3449 1574 3546 ipse
1590 3447 1767 3521 israelitici
1779 3451 1905 3548 populi
1918 3449 2021 3548 longe

436 3563 669 3662 postmodum
689 3589 755 3663 per
774 3562 989 3660 Babylonios
1011 3565 1176 3664 captivati
1200 3566 1484 3666 deplorationem
1512 3568 1736 3660 describens,
1760 3569 1854 3642 ait⁷:
1878 3600 1896 3639 u
1910 3573 2021 3669 Super

438 3684 586 3756 flumina
597 3683 787 3781 Babylonis
805 3684 877 3756 illic
894 3683 1068 3778 sedimus,
1090 3701 1125 3758 et
1141 3687 1321 3779 flevimus,
1342 3688 1430 3785 dum
1449 3689 1719 3764 recordaremur
1732 3691 1831 3762 Sion.
1851 3695 1891 3762 ln
1912 3689 2021 3762 salici-

435 3803 559 3880 busin
578 3785 698 3874 medio
717 3803 794 3901 ejus
812 3803 1062 3903 suspendimus
1086 3831 1217 3904 organa
1235 3823 1375 3898 nostra,
1398 3823 1464 3881 etc.
1485 3837 1502 3875 u
1531 3812 1618 3880 Duae
1643 3810 1777 3907 quippe
1794 3825 1878 3884 sunt
1893 3809 2021 3882 electo·

436 3947 518 4003 rum
540 3938 575 3995 et
600 3922 837 4022 reproborum
856 3925 1031 4017 civitates,
1052 3952 1130 4024 quae
1153 3926 1224 3999 hoc
1241 3927 1324 4000 loco
1341 3927 1408 4000 sub
1424 3929 1540 4027 specie
1562 3929 1756 4003 Jerusalem
1776 3946 1811 4004 et
1833 3929 2021 4027 babylonis

436 4045 697 4119 describuntur.
723 4044 838 4118 Altera
850 4044 909 4120 hic
921 4063 1167 4145 prosperatur,
1184 4073 1263 4146 quae
1274 4049 1513 4148 reproborum
1528 4064 1597 4142 est,
1616 4066 1654 4124 et
1669 4051 1863 4148 babylonia
1877 4051 2016 4126 dicitur.

436 4165 552 4238 Altera
567 4165 627 4238 hic
637 4166 767 4262 jugiter
780 4159 845 4264 per
862 4165 963 4237 illum
976 4166 1105 4239 afflicta
1120 4182 1218 4242 tanto
1232 4170 1384 4269 amplius
1401 4171 1450 4254 ed
1466 4196 1628 4276 superuae
1644 4173 1742 4271 pacis
1761 4173 1937 4247 visionem
1956 4199 2019 4248 an·

434 4287 546 4378 helat,
562 4301 699 4385 quanto
713 4288 891 4383 graviores
908 4312 1091 4386 pressuras
1104 4289 1163 4361 hic
1179 4289 1315 4362 tolerat.
1338 4295 1392 4364 De
1406 4291 1474 4366 bac
1488 4294 1607 4391 itaque
1620 4297 1690 4366 vita
1703 4294 1826 4368 fideles
1838 4296 1886 4368 ad
1899 4321 2020 4396 super-

336 4497 341 4508 ·
434 4433 519 4483 nam
533 4409 661 4484 mentis
675 4407 798 4480 oculos
814 4409 1005 4506 erigentes,
1022 4425 1058 4482 et
1071 4423 1242 4508 tauquam
1255 4410 1300 4484 de
1315 4412 1480 4487 exilio'ad
1493 4413 1643 4513 patriam
1655 4415 1889 4513 suspirantes,
1913 4435 1949 4488 et
1974 4417 2019 4492 de

437 4528 637 4626 captivitate
664 4526 878 4624 babylonica
904 4526 1061 4622 liberati,
1089 4529 1135 4608 ad
1161 4529 1359 4604 libertatem
1381 4533 1530 4609 civitatis
1558 4559 1630 4606 suaa
1657 4535 1852 4610 Jerusalem
1878 4560 2020 4637 semper

435 4646 602 4735 aphelant
619 4647 675 4740 hi,
695 4672 852 4745 quorum
875 4673 972 4726 nuuc
989 4673 1142 4749 persona
1160 4650 1317 4749 psalmus
1333 4651 1400 4724 iste
1422 4653 1659 4752 compositus,
1680 4655 1777 4754 ipsos
1799 4655 1846 4728 ad
1867 4656 2018 4730 modum

434 4766 577 4854 errulum
594 4766 822 4865 deplorantes
844 4766 998 4862 inducit,
1019 4793 1133 4866 quum
1154 4769 1225 4842 ait:
1249 4771 1394 4870 «Super
1412 4771 1559 4844 flumina
1582 4771 1788 4870 Babylonis,
1814 4789 1882 4847 etc.
1900 4803 1917 4843 u
1940 4774 2019 4848 Flu·

467 5064 565 5126 ¹lue.,
583 5079 638 5132 cap.
661 5080 698 5126 u,
718 5080 742 5116 r.
761 5067 803 5116 tt.
815 5064 872 5104 -¹
890 5065 979 5118 Psalm.
1000 5049 1072 5132 oxu,
1092 5083 1114 5118 r.
1136 5069 1161 5118 5.
1173 5094 1203 5108 -
1244 5069 2014 5139 mecumctaetosffuupumap.iacal—‘rumam

432 5147 537 5216 'iffi-s
546 5163 599 5213 cap.
607 5164 661 5212 xm,
669 5164 691 5201 v.
703 5148 806 5200 tle-⁴·
816 5145 1065 5204 Desideriumlrabens
1074 5151 1172 5205 dissolvi
1180 5163 1205 5205 et
1244 5169 1268 5205 v.
1282 5157 1306 5205 5.
1319 5181 1346 5192 -
1362 5138 1456 5218 ubit..
1468 5171 1493 5209 v.
1503 5157 1528 5208 6.
1540 5139 1595 5196 -⁴''
1608 5155 1697 5212 reatu.
1711 5173 1801 5218 cxxxu
1811 5195 1819 5222 ,
1830 5173 1855 5212 v.
1873 5162 1882 5210 l
1899 5167 1925 5214 et
1938 5173 1976 5226 eq.
