4536 6102
462 647 533 717 592
1059 633 1186 706 PETRl
1213 633 1443 706 lnAEtannt

461 783 618 874 Quilibet
634 782 671 849 in
688 775 815 848 saeculo
828 776 1022 865 macilenti,
1037 801 1150 873 quum
1166 776 1212 848 ad
1224 777 1359 847 vivaria
1375 774 1657 846 monasticorum
1672 769 1909 840 claustrorum
1919 791 2041 865 perve-

462 918 606 990 nerunt,
625 902 673 972 ita
689 898 727 968 in
745 897 847 968 brevi
863 894 999 968 dilatati
1016 921 1057 970 ac
1075 897 1286 994 impinguati
1301 894 1406 984 fiunt,
1421 909 1461 966 ut
1478 893 1508 964 si
1526 905 1607 990 post
1622 888 1807 962 modicum
1823 903 1965 985 tempus
1981 911 2041 958 eos

461 1023 599 1108 visites,
621 1017 680 1088 vix
704 1039 897 1111 agnoscere
918 1039 1040 1111 queas.
1066 1021 1162 1086 Inter
1183 1015 1280 1086 mille
1295 1015 1424 1101 laicos,
1442 1013 1472 1083 si
1489 1033 1623 1109 paucos
1639 1005 1811 1081 adhibeas
1828 1004 2038 1094 monachos,

461 1141 580 1240 plures
597 1141 633 1210 in
650 1136 700 1208 eis
718 1137 884 1234 pingues,
908 1133 1028 1232 plures
1046 1135 1196 1224 nitidos,
1219 1137 1340 1233 plures
1356 1159 1400 1205 ex
1421 1133 1533 1204 nimio
1550 1129 1670 1202 calore
1684 1126 1898 1215 inebriatos,
1916 1127 2040 1221 saepius

462 1260 586 1356 capitis
603 1256 723 1331 calvos
739 1255 907 1355 reperies.

901 1791 958 1880 IN
996 1791 1202 1880 natant
1236 1789 1614 1880 INNOGENTUM.

1121 2037 1232 2085 sanato
1258 2017 1393 2084 xxxrv¹.

514 2264 549 2332 Si
567 2260 615 2334 ad
630 2261 855 2358 corporalem
872 2261 1085 2358 aspiciamus
1102 2285 1229 2358 pacem
1244 2260 1423 2333 hodierna
1439 2261 1558 2358 passio
1575 2261 1811 2329 innocentum
1826 2259 1944 2355 prima
1963 2283 2042 2354 pro·

468 2384 593 2454 lassata
607 2396 660 2454 est
671 2405 781 2477 quam
797 2405 924 2451 verum
935 2379 1040 2451 suerit
1055 2381 1155 2477 quod
1167 2382 1244 2479 ipsa
1260 2382 1398 2452 Veritas
1411 2377 1646 2479 postmodum
1664 2379 1750 2451 ait¹:
1767 2408 1784 2446 u
1795 2378 1911 2450 Nolite
1922 2393 2043 2476 putare

467 2504 550 2601 quia
572 2503 655 2572 veni
681 2525 808 2599 pacem
831 2502 971 2570 mittere
996 2501 1034 2568 in
1060 2513 1193 2570 terram
1214 2525 1222 2568 :
1243 2523 1319 2570 non
1336 2501 1417 2570 veni
1442 2522 1569 2596 pacem
1587 2499 1740 2586 mittere,
1759 2498 1824 2569 sed
1840 2497 2008 2594 gladium.
2025 2527 2041 2562 u

467 2622 541 2692 Etsi
558 2621 657 2692 enim
673 2618 848 2691 adventus
862 2617 937 2712 ejus
954 2640 1081 2715 pacem
1098 2617 1291 2687 maximam
1308 2617 1446 2688 mundo
1462 2615 1624 2704 dederit,
1642 2614 1744 2686 bellis
1771 2615 1954 2714 prioribus
1982 2615 2044 2687 sub

467 2749 625 2838 Augusto
635 2739 757 2828 finitis,
771 2760 1000 2835 nequaquam
1012 2735 1163 2834 ipsesibi
1176 2736 1439 2836 hancpraestitit
1455 2761 1565 2833 quam
1582 2735 1751 2807 omnibus
1768 2735 1933 2807 contulit.
1943 2733 2044 2822 Quod

467 2862 614 2959 quidem
630 2885 705 2931 non
723 2859 800 2931 sine
816 2881 945 2953 magna
962 2857 1230 2955 dispensatione
1248 2858 1382 2928 sactum
1399 2882 1474 2929 esse
1492 2857 1692 2956 credimus,
1710 2870 1751 2928 ut
1770 2860 1806 2928 in
1825 2857 1901 2952 ejus
1919 2857 2043 2928 scilicet

468 2981 715 3080 persecutione
732 2994 806 3051 tam
822 2978 894 3049 cito
911 2975 1102 3065 inchoata,
1121 2975 1251 3072 singuli
1269 2973 1392 3048 fideles
1408 2977 1445 3047 in
1472 2977 1620 3075 propria
1643 3000 1682 3047 se
1705 2977 1858 3048 maxime
1884 2975 2043 3047 consola-

468 3118 612 3190 rentur,
631 3123 740 3196 quam
765 3112 801 3168 et
826 3098 902 3194 ipse
927 3095 1104 3167 Dominus
1136 3095 1421 3166 consolationem
1447 3094 1630 3192 discipulis
1656 3097 1919 3194 anteponens³z
1942 3123 1960 3162 n
1979 3097 2044 3204 lle·

470 3232 649 3306 mentote,
668 3217 807 3314 inquit,
834 3215 1010 3286 sermonis
1031 3215 1124 3304 mei,
1154 3238 1262 3311 quem
1290 3239 1355 3309 ego
1384 3213 1457 3284 dixi
1481 3212 1584 3284 vobis
1602 3241 1610 3284 :
1630 3237 1706 3284 non
1732 3201 1828 3284 enim
1849 3228 1905 3284 est
1931 3236 2046 3284 servus

471 3341 586 3436 major
609 3338 760 3410 domino
787 3360 878 3423 su03
906 3335 935 3406 si
963 3360 1021 3405 me
1043 3336 1218 3433 persecuti
1236 3347 1371 3405 suntet
1387 3357 1452 3404 vos
1473 3348 1745 3432 persequentur.
1766 3363 1784 3400 u
1808 3339 1904 3404 Bene
1933 3348 2046 3406 autem

471 3457 517 3526 ab
534 3457 611 3554 ipsa
626 3456 746 3528 statim
763 3453 914 3523 infantia
926 3451 1058 3522 Christi
1071 3453 1273 3549 persecutio
1286 3451 1361 3546 ejus
1375 3465 1428 3524 est
1444 3453 1599 3550 incoepta
1615 3466 1652 3525 et
1666 3454 1703 3524 in
1720 3453 1917 3525 infantibus
1928 3452 2048 3524 debeo

472 3574 578 3646 chata
595 3588 634 3644 ut
654 3587 757 3644 tanto
782 3569 1063 3643 irrationabilior
1088 3570 1367 3668 comprobetur,
1394 3572 1495 3669 quod
1521 3587 1596 3644 tam
1621 3570 1776 3644 crudelis
1807 3573 2047 3644 innocentiam

472 3693 698 3766 manifestam
714 3691 965 3788 prosequitur,
986 3705 1025 3761 nt
1041 3691 1141 3790 prius
1158 3689 1353 3788 imperatur
1370 3691 1585 3790 supplicium
1601 3717 1711 3790 quam
1722 3691 1890 3790 patrandi
1907 3692 2048 3764 faculta-

472 3825 547 3882 tem
563 3824 645 3880 aetas
662 3807 806 3880 habeat.
828 3811 879 3879 Ne
894 3809 974 3906 quis
992 3808 1083 3879 forte
1093 3809 1292 3881 Dominum
1306 3809 1526 3883 crudelitatis
1542 3825 1667 3906 arguat
1682 3808 1782 3907 quod
1796 3811 1871 3908 ipse
1887 3834 2049 3907 persecu·

473 3931 610 4002 tionem
627 3924 810 3999 declinans
825 3927 862 3999 in
875 3931 1028 4025 AEgypto
1045 3926 1211 4018 latuerit,
1230 3953 1297 4000 nec
1315 3928 1361 4001 ab
1382 3952 1424 4000 ea
1440 3929 1684 4001 innocentiam
1701 3928 1878 3999 infantum
1904 3927 2050 3998 liberare

474 4050 653 4138 decrevit,
672 4049 760 4122 sciat
775 4048 847 4120 boc
863 4047 1052 4120 dominicae
1060 4050 1184 4147 pietati
1202 4050 1313 4146 magis
1331 4049 1584 4147 imputandum
1600 4073 1689 4120 esse.
1702 4049 1790 4135 Quis
1807 4048 1905 4120 enim
1921 4050 2051 4121 nesciat

475 4194 536 4240 eos
554 4167 615 4264 qui
633 4182 720 4238 tnnc
737 4165 845 4240 occisi
871 4179 955 4239 sunt
977 4167 1196 4264 quandoque
1218 4168 1435 4258 morituros,
1455 4182 1517 4239 aut
1536 4169 1615 4265 quis
1633 4182 1751 4238 certus
1767 4166 1812 4238 sit
1828 4191 1912 4258 eos,
1931 4168 1962 4238 si
1979 4191 2054 4240 non

475 4286 777 4374 interficerentur,
803 4285 909 4356 luisse
926 4285 1140 4375 salvandos,
1170 4285 1216 4358 de
1242 4311 1399 4384 quorum
1417 4286 1530 4359 salute
1554 4287 1736 4358 neminem
1769 4285 1930 4358 fidelium
1958 4311 2053 4358 nunc

477 4421 618 4478 constat
633 4405 825 4478 dubitare?
841 4406 950 4493 Quod
974 4432 1087 4503 quum
1113 4407 1151 4478 id
1177 4406 1254 4478 sola
1282 4408 1394 4503 gratia
1424 4408 1490 4478 Dei
1518 4408 1568 4478 eis
1585 4406 1721 4506 absque
1738 4407 1915 4506 aliquibus
1928 4431 2054 4480 eorum

478 4523 612 4595 meritis
621 4522 792 4594 collatum
808 4523 866 4610 sit,
878 4524 958 4619 quis
973 4548 1049 4594 non
1063 4524 1233 4621 pietatem
1239 4525 1306 4596 Dei
1320 4525 1431 4622 magis
1441 4524 1672 4596 commendet
1688 4549 1797 4620 quam
1807 4523 2055 4597 crudelitatem

480 4643 644 4714 accuset?
661 4646 739 4738 lpse
755 4640 910 4737 deniqne
932 4643 1056 4716 mortis
1073 4644 1250 4716 cruciatus
1271 4657 1373 4716 tanto
1400 4643 1437 4714 in
1460 4645 1510 4715 eis
1533 4643 1646 4715 levior
1663 4645 1797 4733 exurit,
1819 4657 1956 4740 quanto
1975 4667 2056 4714 mo-

484 4776 691 4834 mentaneus
717 4774 753 4832 et
776 4760 990 4858 improvisus
1011 4763 1122 4858 magis
1148 4763 1224 4834 suit.
1257 4792 1274 4832 u
1290 4762 1423 4835 Vidcns
1437 4761 1620 4851 Herodes,
1641 4791 1659 4828 n
1676 4764 1791 4861 inquit
1807 4761 2055 4858 evangelista⁸‚

485 4909 502 4949 u
514 4882 687 4978 quoniam
698 4878 820 4951 illusus
836 4894 927 5006 esset
943 4904 964 4951 a
980 4882 1105 4977 magis,
1122 4883 1231 4954 iratus
1242 4897 1296 4954 est
1308 4881 1426 4971 valde,
1443 4897 1478 4955 et
1487 4883 1631 4986 mittens
1646 4883 1778 4955 occidit
1787 4908 1913 4955 omnes
1924 4907 2059 4980 pueros

516 5105 525 5134 ⁸
541 5105 578 5156 Ex
589 5103 679 5155 Codice
694 5102 846 5156 Etmadlensi
855 5103 901 5159 Hs.
912 5119 977 5158 nnuc
987 5105 1127 5172 pnnmin
1138 5105 1218 5163 lucen
1229 5105 1316 5160 editos.
1325 5107 1482 5170 ditatu..
1495 5121 1550 5176 cap.
1565 5123 1597 5170 x,
1608 5122 1632 5159 r.
1646 5108 1688 5166 at.
1701 5133 1731 5144 -
1740 5105 1842 5168 'lnam
1854 5123 1909 5174 rap.
1922 5123 1965 5170 ιν,
1976 5124 2003 5158 r.
2015 5109 2059 5158 20.

393 5239 407 5252 ,
484 5188 756 5257 ψ-Ἰιιὼηοψηι,
768 5205 792 5241 r.
807 5191 846 5240 tt.
