4496 6102
457 571 529 645 ue
644 512 650 522 ’
1057 565 1186 640 reru
1213 565 1447 641 sentiani

457 729 492 784 te
510 715 702 799 sustinere,
728 702 783 782 v'el
800 708 973 781 confundi
996 732 1140 780 necesse
1163 722 1215 780 est
1237 732 1278 779 ex
1299 707 1442 780 vilitate.
1470 705 1528 778 Sic
1546 707 1677 780 misero
1691 707 1855 781 diabolus
1872 710 2041 802 illudens,

458 858 570 929 quum
589 856 630 903 ea
649 807 805 929 primum
824 831 856 900 ei
869 827 1069 920 abstulerit,
1090 852 1250 927 quaeper
1266 842 1451 926 peccatum
1466 829 1576 899 vitare
1590 828 1733 918 debuit,
1748 830 1874 902 eadem
1886 848 2046 932 postmo-

460 951 548 1022 dum
568 951 599 1021 ei
618 948 792 1038 reddidit,
809 974 874 1047 per
889 973 968 1046 quae
986 949 1104 1047 ipsum
1119 948 1155 1017 in
1173 961 1320 1045 peccato
1339 945 1498 1017 detinere
1514 949 1635 1046 possit.
1659 948 1772 1020 Timet
1784 951 1944 1048 captivus
1957 965 2046 1024 tem·

458 1071 600 1170 porale,
622 1094 696 1140 non
715 1070 842 1140 animae
858 1067 1044 1139 damnum.
1072 1065 1254 1138 Erubescit
1273 1065 1456 1155 homines,
1476 1069 1672 1139 contemnit
1690 1072 1817 1139 Deum.
1844 1069 1960 1142 Pudet
1975 1070 2046 1142 hoc

457 1190 493 1260 in
510 1191 672 1262 notitiam
689 1188 879 1259 hominum
897 1187 1037 1277 venire,
1060 1186 1161 1284 quod
1184 1210 1257 1257 non
1278 1185 1406 1284 puduit
1426 1211 1509 1258 eum
1529 1187 1565 1258 in
1585 1204 1779 1285 conspectu
1800 1191 1864 1260 Dei
1883 1205 1919 1262 et
1937 1193 2045 1263 totius

457 1311 562 1382 curiae
580 1333 742 1406 supernae
760 1309 996 1378 committere.
1013 1311 1039 1376 F
1040 1304 1195 1377 ormidat
1207 1304 1405 1376 humanum
1422 1304 1617 1401 judicium,
1633 1307 1784 1404 quinon
1798 1322 1940 1380 veretur
1957 1308 2046 1380 divi·

458 1456 558 1502 num.
574 1435 627 1500 De
641 1451 714 1526 quo
733 1427 922 1525 Apostolus
934 1428 1023 1498 ait¹:
1047 1455 1065 1494 u
1079 1425 1308 1496 Horrendum
1327 1441 1379 1500 est
1398 1425 1554 1498 incidere
1566 1427 1602 1496 in
1621 1450 1748 1498 manus
1761 1429 1827 1498 Dei
1846 1429 2043 1500 viventis.»

458 1555 500 1620 Et
518 1574 582 1648 per
600 1548 824 1647 semetipsam
840 1547 992 1618 Veritas²
1008 1571 1015 1616 ε
1036 1575 1054 1614 «
1070 1545 1197 1634 Nolite,
1215 1574 1232 1610 n
1248 1545 1377 1642 inquit,
1396 1575 1414 1612 u
1428 1569 1490 1616 eos
1503 1547 1626 1618 timere
1640 1547 1702 1642 qui
1716 1547 1884 1619 occidunt
1897 1573 2042 1647 corpus,

458 1672 584 1743 animae
602 1695 688 1742 vero
709 1691 782 1740 non
796 1665 930 1740 habent
948 1667 1034 1765 quid
1049 1667 1195 1756 faciant3
1215 1666 1278 1737 sed
1296 1667 1415 1764 potius
1430 1667 1552 1740 timete
1562 1691 1645 1742 eum
1660 1668 1721 1765 qui
1740 1683 1857 1767 potest
1867 1693 1998 1768 corpus
2011 1685 2047 1742 et

459 1792 616 1862 animam
635 1790 773 1861 mittere
792 1789 827 1858 in
848 1787 1061 1884 gehennam.
1073 1815 1091 1854 u
1359 1774 1366 1786 '

506 1914 595 1980 Sunt
607 1910 733 1980 animae
745 1906 878 1998 morbi,
897 1909 987 1980 sieut
1000 1922 1036 1979 et
1046 1907 1220 2005 corporis.
1236 1909 1280 1978 Et
1288 1906 1372 1978 ideo
1387 1905 1506 1980 divina
1520 1905 1632 2007 pietas
1645 1905 1805 1979 medicos
1819 1908 1979 2004 utrisque
1991 1931 2045 1978 sa·

458 2030 585 2103 nandis
605 2029 777 2128 previdit.
799 2033 879 2128 lpse
897 2029 1030 2128 quippe
1051 2029 1228 2099 Dominus
1245 2032 1344 2100 lesus
1362 2054 1401 2100 se
1418 2027 1610 2128 spiritalem
1631 2028 1812 2126 medicum
1834 2027 2041 2127 appellans,

457 2153 547 2221 ait⁸:
571 2179 587 2216 u
604 2153 684 2219 Non
703 2164 756 2220 est
773 2173 866 2248 opus
882 2147 1082 2220 valentibus
1100 2147 1260 2238 medice,
1277 2148 1340 2219 sed
1354 2148 1447 2220 male
1461 2147 1714 2221 habentibus.»
1729 2149 1842 2244 Hujus
1858 2147 1982 2220 locum
1994 2173 2046 2220 sa·

457 2268 620 2361 cerdotes
637 2269 673 2338 in
687 2268 842 2340 Ecclesia
860 2283 999 2358 tenent,
1015 2267 1145 2364 quibus
1163 2282 1334 2365 tanquam
1346 2269 1548 2340 animarum
1566 2267 1713 2340 medicis
1725 2282 1870 2367 peccata
1882 2266 2046 2343 confiteri

458 2391 647 2479 debemus,
669 2405 709 2461 ut
728 2389 840 2462 abeis
859 2389 1101 2462 satisfactionis
1115 2389 1330 2488 cataplasma
1348 2415 1542 2463 sumamus.
1565 2392 1635 2480 Qui
1655 2406 1808 2463 mortem
1828 2390 1992 2489 corporis
2007 2391 2047 2462 ti·

458 2525 550 2596 met,
578 2510 818 2607 qualicunque
839 2511 999 2608 corporis
1016 2525 1117 2608 parte
1140 2510 1294 2607 patiatur
1312 2523 1558 2608 quantumque
1580 2526 1730 2601 secreta,
1753 2526 1929 2609 quantum
1959 2510 2048 2584 libet

458 2631 632 2719 obscena,
652 2629 791 2702 medico
804 2629 977 2720 revelare,
991 2645 1027 2702 et
1039 2630 1086 2701 ad
1099 2628 1300 2702 curandum
1316 2653 1495 2729 exponere
1513 2655 1588 2702 non
1607 2630 1736 2702 differt.
1751 2629 1925 2718 Quaettbei
1939 2630 2044 2720 dura,

456 2750 620 2850 quaelibet
644 2776 768 2850 aspera
790 2752 954 2842 sustinet,
974 2763 1016 2822 ut
1032 2765 1186 2823 mortem
1203 2749 1361 2840 diflerat,
1383 2775 1457 2820 non
1477 2749 1616 2823 evadat.
1643 2750 1828 2848 Quidquid
1848 2752 2047 2850 pretiosum

455 2868 578 2960 habet,
592 2870 677 2943 dare
691 2893 766 2941 uon
775 2867 931 2956 dubitat,
948 2885 987 2940 ut
1001 2870 1047 2942 ad
1060 2869 1243 2942 modicum
1256 2883 1409 2942 mortem
1424 2869 1519 2940 hanc
1530 2869 1753 2968 corporalem
1767 2869 1935 2968 depellat.
1949 2870 2047 2958 Quid

455 3014 539 3086 ergo
553 3015 619 3088 pro
638 3003 753 3063 morte
767 2989 894 3062 animae
905 2990 1107 3063 faciendum
1117 3005 1189 3080 est,
1204 3004 1522 3088 quantumcunque
1534 2992 1579 3062 sit
1590 2991 1808 3088 gravissima,
1821 2991 1898 3062 sine
1913 3015 2047 3089 magno

454 3110 593 3200 labore,
608 3113 684 3182 sine
699 3103 835 3210 maguis
846 3110 1046 3208 sumptibus
1059 3093 1324 3210 imperpetuum
1335 3109 1504 3182 medicari
1515 3124 1644 3208 potest.
1661 3113 1733 3182 Nos
1742 3111 1839 3208 ipsos
1851 3113 2045 3199 Dominus,

455 3256 529 3302 non
554 3245 674 3301 nostra
699 3231 842 3327 quaerit,
866 3253 932 3300 nec
950 3231 1079 3301 nostris
1097 3229 1231 3326 indiget
1249 3229 1311 3326 qui
1333 3229 1455 3301 omnia
1473 3227 1617 3327 praebet.
1639 3234 1719 3328 lpse
1736 3230 1871 3326 quippe
1893 3245 1968 3320 est,
1990 3229 2048 3302 cui

455 3349 626 3441 dicitur‘:
651 3353 865 3420 «Bonorum
886 3371 1050 3418 meorum
1070 3371 1145 3419 non
1163 3373 1288 3445 eges.»
1312 3346 1420 3446 ilpud
1446 3371 1530 3419 eum
1547 3348 1698 3444 quisque
1718 3363 1817 3419 tanto
1834 3347 1952 3442 major
1971 3364 2046 3439 est,

454 3483 589 3567 quanto
603 3467 701 3566 apud
716 3491 753 3538 se
771 3491 836 3563 per
851 3464 1090 3538 humilitatem
1107 3467 1239 3536 minor.
1259 3470 1372 3538 Tanto
1391 3459 1503 3562 magis
1515 3466 1649 3562 justus,
1666 3482 1802 3564 quanto
1823 3468 1975 3565 proprio
1990 3469 2048 3564 ju·

454 3588 548 3660 dicio
564 3589 675 3685 magis
693 3613 784 3660 reus.
800 3591 912 3658 Tanto
932 3585 1083 3684 amplius
1097 3585 1146 3658 ibi
1160 3601 1282 3658 nostra
1295 3586 1465 3684 tegimus,
1487 3603 1623 3685 quanto
1638 3587 1697 3659 hic
1708 3612 1749 3658 ea
1767 3588 1972 3686 promptius
1984 3614 2050 3688 per

455 3708 716 3781 confessionem
740 3707 982 3805 propalamus.
1007 3707 1060 3778 th
1078 3704 1144 3778 hoc
1166 3707 1303 3803 itaque,
1324 3707 1461 3798 fratres,
1493 3731 1561 3779 nos
1584 3708 1794 3800 retinentes,
1818 3707 2051 3780 attendamus

454 3829 552 3927 quod
568 3830 739 3927 scriptum
757 3833 849 3900 est⁸z
873 3857 889 3894 a
907 3831 966 3900 Est
989 3827 1153 3900 confusio
1167 3827 1350 3900 adducens
1363 3828 1533 3925 gloriam,
1555 3843 1591 3900 et
1607 3843 1660 3900 est
1683 3828 1846 3900 confusio
1860 3827 2051 3901 adducens

453 3964 653 4050 peccatum.
669 3979 687 4018 u
708 3953 751 4021 Et
783 3951 943 4020 rursum‘
969 3977 976 4019 :
1012 3977 1030 4017 α
1048 3951 1271 4045 Veniensque
1308 3947 1545 4046 Babylonem,
1586 3949 1636 4020 ibi
1666 3948 1920 4022 liberaberis.»
1948 3954 2052 4022 Con-

453 4072 544 4143 fusio
556 4073 691 4170 quippe
704 4069 835 4168 duplex
848 4085 901 4142 est
916 4069 1177 4142 erubescentiae.
1196 4068 1313 4140 Altera
1325 4068 1472 4166 quidem
1484 4068 1651 4160 salubris,
1667 4093 1781 4166 quum
1801 4068 2053 4142 erubescimus

453 4215 519 4262 nos
537 4190 653 4288 turpia
679 4189 897 4261 commisisse
920 4189 956 4259 in
974 4202 1170 4286 conspectu
1188 4187 1266 4258 Dei.
1292 4186 1409 4260 Altera
1426 4186 1582 4278 lethalis,
1603 4211 1716 4288 quum
1743 4187 1852 4284 magis
1877 4187 2052 4260 homines

368 4301 378 4326 '
452 4334 560 4407 quarn
578 4313 698 4382 Deum·
708 4323 869 4382 verentes
885 4306 932 4380 ed
943 4307 1205 4394 confessionem
1220 4307 1342 4379 venire
1359 4332 1427 4379 uos
1442 4307 1575 4408 pudet».
1592 4299 1647 4379 vel
1665 4308 1831 4405 quotiens
1848 4306 1970 4403 aliqua
1985 4307 2054 4379 hu·

453 4429 549 4500 milia
567 4444 714 4527 propter
739 4433 854 4499 Deum
868 4452 972 4524 agere
991 4449 1210 4515 recusamus,
1233 4451 1279 4500 ne
1298 4425 1440 4500 viliores
1459 4427 1557 4528 apud
1580 4427 1707 4516 stultos
1727 4425 1938 4498 habeamur.
1963 4433 2055 4502 Haec

453 4549 612 4645 profecto
632 4547 794 4618 confusio
814 4561 867 4618 est
886 4545 1069 4618 adducens
1086 4561 1292 4644 peccatum,
1309 4547 1394 4643 quia
1414 4571 1460 4618 ne
1479 4545 1690 4619 vilescamus
1708 4544 1935 4634 bominibus,
1958 4547 2054 4620 vile-

452 4691 550 4740 scere
568 4672 646 4738 Deo
663 4667 890 4738 sustinemus.
912 4665 974 4736 llla
997 4690 1081 4736 vero
1099 4665 1261 4738 confusio
1283 4689 1405 4738 veram
1422 4665 1527 4738 nobis
1544 4666 1695 4765 acquirit
1716 4666 1882 4763 gloriam,
1897 4690 1974 4763 qua
1995 4670 2056 4740 vi-

452 4784 585 4860 lescere
611 4785 817 4857 hominibus
835 4809 910 4856 nou
933 4783 1145 4880 refugimus,
1168 4800 1205 4856 ut
1224 4784 1368 4882 gloriosi
1392 4789 1470 4860 Deo
1494 4783 1702 4878 efficiemur,
1724 4801 1760 4859 et
1781 4786 1901 4884 magni
1917 4785 2055 4860 divino

488 5099 494 5124 ¹
512 5099 583 5157 fleo..
596 5115 651 5165 cop.
665 5115 697 5162 x,
710 5115 733 5149 r.
749 5103 791 5151 tt.
800 5125 832 5137 —
844 5098 853 5126 ¹
867 5097 963 5160 naith..
979 5115 1035 5166 cap.
1054 5116 1085 5161 x,
1102 5116 1127 5150 r.
1139 5103 1223 5150 111-
1265 5115 1320 5167 cap.
1332 5117 1368 5162 rr,
1378 5119 1400 5153 r.
1412 5099 1499 5152 ‘lb-⁸
1512 5119 1523 5146 ι
1534 5101 1562 5152 ln
1571 5097 1720 5168 babylonem
1731 5099 1814 5150 reniet
1823 5107 1848 5148 et
1857 5097 1891 5148 ibi
1903 5097 2053 5150 morieris.-

368 5193 372 5198 '
452 5183 462 5209 ⁸
475 5183 573 5244 ttaru„
584 5198 637 5250 cap.
651 5199 690 5246 rx,
702 5199 725 5232 v.
741 5183 839 5234 12.-·
852 5182 939 5234 Psalm.
956 5199 996 5247 xv,
1006 5199 1028 5235 r.
1038 5187 1101 5233 1.·-
1112 5185 1224 5242 “Εσσ1ι”.,
1266 5185 1386 5248 (ferm,
1397 5201 1453 5251 cip.
1463 5201 1507 5249 xx,
1520 5201 1543 5234 r.
1554 5185 1591 5251 6.)
