4486 6100
818 955 1252 1116 ploraret

373 1299 810 1506 PETRI
909 1293 1692 1510 ABAELARDI

439 1719 811 1835 SERMONES
838 1721 978 1833 PER
1006 1721 1252 1835 ANNUM
1279 1721 1612 1838 Leonum.

950 2156 1107 2168 nna—uua·-

279 2521 496 2586 tlonesterium
515 2525 551 2587 D.
567 2522 702 2604 Virginis
720 2522 759 2586 ad
778 2523 946 2586 Heremites
963 2523 1044 2604 apud
1069 2523 1240 2601 Helvetios,
1259 2523 1352 2606 vulgo
1373 2523 1566 2598 Einsiedetn,
1585 2524 1826 2606 manuscriptum

236 2624 376 2689 codicem
394 2627 519 2689 unicum
542 2627 696 2708 possidet,
721 2646 820 2710 neque
842 2627 921 2690 elius
948 2628 1109 2710 quisquam
1137 2628 1176 2690 ad
1197 2635 1334 2690 nostrum
1354 2628 1562 2708 cognitionem
1587 2628 1691 2705 venit,
1713 2628 1745 2689 in
1766 2648 1827 2710 quo

236 2729 386 2793 abaelardi
407 2732 621 2794 contineantur
643 2733 808 2816 Sermones:
836 2731 892 2794 llic
913 2741 960 2794 est
984 2731 1131 2808 in-lolio,
1155 2731 1262 2794 former
1285 2732 1433 2809 minoris,
1457 2731 1724 2812 membranaceus,
1748 2743 1778 2795 et
1801 2737 1826 2796 si

235 2832 417 2914 scripturam
435 2834 617 2916 respexeris,
632 2833 673 2898 ed
686 2834 832 2898 mulum
845 2852 889 2897 rn
906 2834 1012 2897 referri
1031 2853 1124 2916 posse
1137 2834 1265 2897 videtur.
1285 2834 1525 2916 Comprehendit
1542 2835 1574 2895 τό
1587 2837 1639 2898 Sic
1652 2845 1683 2898 et
1696 2839 1780 2907 Noa,
1797 2847 1827 2898 et

236 2934 370 3017 quinque
384 2936 548 3000 Sermones
561 2962 569 2998 r
584 2945 618 3001 1⁰
636 2943 671 3000 in
692 2941 800 3002 Natali
818 2939 960 3013 Domini,·
983 2943 1014 3000 2⁰
1028 2939 1066 2999 de
1080 2939 1250 3019 Stephano,
1273 2941 1304 3002 3⁰
1319 2939 1357 3000 de
1371 2941 1484 3002 Sancto
1498 2937 1656 3012 lulianam
1675 2939 1707 3000 4ο
1721 2940 1758 3001 de
1770 2942 1826 3002 Iu-

234 3038 430 3113 nooentibus3
454 3041 486 3102 5ο
505 3039 544 3101 de
562 3040 746 3121 Epiphanio.
772 3041 878 3104 Sermo
895 3042 933 3103 dc
949 3041 1164 3104 innocentibus
1184 3049 1216 3103 et
1229 3039 1337 3104 ultima
1350 3059 1444 3103 secrae
1459 3041 1497 3102 de
1510 3042 1665 3122 Stephano
1680 3043 1827 3106 orationis

234 3141 374 3204 nondum
385 3140 469 3204 edita
482 3140 619 3221 fuerunt,
635 3144 753 3206 ceteris
765 3152 867 3206 nmen
881 3142 1025 3208 omnibus
1035 3144 1098 3225 jam
1113 3152 1202 3208 antee
1214 3143 1356 3226 vulgatis.

273 3242 516 3309 Einsidelnensis
529 3246 647 3310 codicis
665 3248 875 3310 recensionem
894 3249 1001 3310 amicae
1019 3251 1051 3310 L.
1069 3248 1109 3311 de
1126 3248 1235 3311 Sinner
1255 3247 1464 3330 procurationi
1478 3255 1509 3310 et
1522 3247 1680 3310 reverendi
1699 3252 1730 3310 P.
1749 3251 1825 3313 Galli

232 3347 345 3426 llorel,
370 3347 565 3414 bibliothece
590 3359 621 3412 et
645 3350 761 3413 archivi
788 3352 983 3414 monacensis
1004 3350 1161 3430 custodis,
1184 3350 1352 3433 diligentie
1373 3349 1538 3424 debemus;
1564 3352 1684 3434 utrique
1708 3353 1826 3436 publice

231 3449 346 3539 gratiss
359 3449 489 3531 agimus.

254 3586 257 3596 ·
272 3551 403 3614 Codices
414 3569 488 3614 vero
502 3552 572 3616 illos
585 3553 698 3636 quibus
719 3573 795 3617 usus
811 3564 859 3618 est
876 3556 1076 3632 amboesius,
1092 3564 1123 3618 et
1137 3573 1268 3637 quorum
1287 3554 1363 3617 alter
1382 3555 1612 3634 Paraclitensis,
1628 3556 1704 3620 ulter
1718 3576 1735 3618 e
1749 3560 1824 3620 Sor-

231 3649 343 3714 bonico
353 3635 514 3734 gymnasio
524 3662 605 3728 erat,
617 3653 729 3718 frustra
738 3657 935 3736 quesivimus
948 3681 954 3717 :
967 3674 1050 3718 nunc
1063 3655 1179 3730 emissi,
1190 3657 1324 3720 nonnisi
1339 3654 1603 3739 tortumquedem
1616 3659 1742 3741 reperiri
1756 3678 1828 3740 pos-

230 3763 323 3829 sunt;
346 3754 418 3818 illos
437 3765 538 3820 eutem
557 3775 596 3820 eo
614 3759 713 3839 magis
731 3758 987 3834 desideravimus,
1013 3777 1075 3840 quo
1094 3777 1130 3822 ea
1156 3777 1225 3841 quae
1243 3759 1282 3820 ab
1302 3759 1467 3822 amboesio
1490 3760 1574 3822 edita
1594 3771 1684 3838 sunt,
1714 3765 1826 3844 saepius

230 3855 355 3935 mutila,
370 3858 483 3940 sepius
495 3857 680 3940 interpolate
693 3879 760 3924 esse
773 3861 925 3924 videntur.

270 3957 449 4022 Abaelerdus
467 3960 549 4023 enim
570 3959 604 4024 in
621 3959 675 4023 illa
692 3962 823 4044 epistola
843 3980 903 4045 que
922 3965 1078 4025 Sermones
1097 3961 1137 4024 ed
1157 3962 1326 4024 Heloissam
1345 3963 1425 4025 mitti
1445 3961 1684 4044 significet,eos
1702 3967 1824 4048 abipso

230 4058 458 4152 redemptionis
478 4072 593 4126 nostrae
614 4065 718 4144 initio,
734 4065 973 4128 ennuntiatione
994 4064 1112 4127 scilicet
1132 4066 1166 4126 B.
1188 4064 1322 4144 Virginis
1342 4065 1443 4128 llariae
1462 4065 1617 4144 exordiri,
1637 4069 1824 4150 praecipuas-

231 4181 300 4244 que,
313 4161 386 4227 inde
407 4165 478 4227 anni
500 4165 679 4232 festivitates
699 4167 862 4251 complecti
883 4186 1010 4230 monere
1032 4166 1163 4231 videtur.
1185 4166 1277 4249 Atqui
1297 4166 1330 4228 in
1352 4167 1461 4250 primis
1482 4167 1607 4251 quidem
1631 4169 1824 4231 sermonibus

231 4261 314 4326 hunc
326 4263 466 4328 ordinem
476 4275 561 4330 certa
573 4267 731 4346 datenct3
747 4269 801 4332 ubi
814 4288 887 4333 vero
901 4271 932 4332 in
947 4269 1110 4351 septimum
1125 4268 1263 4346 veneris,
1274 4269 1328 4351 qui
1341 4269 1375 4331 in
1388 4267 1439 4332 dle
1453 4271 1619 4332 Remorum
1634 4279 1696 4346 est,
1712 4272 1824 4350 saepius

232 4363 287 4429 tibi
306 4367 441 4448 reperire
455 4369 514 4432 erit
527 4370 630 4452 plures
642 4371 682 4435 de
696 4371 805 4436 eedem
823 4372 987 4436 iesdritete
1005 4362 1165 4445 homilias,
1181 4371 1328 4455 quasdam
1348 4380 1451 4434 autem
1472 4371 1584 4434 frustm
1603 4373 1740 4454 requires
1756 4392 1824 4455 quae

231 4463 453 4552 quominus'ad
470 4474 641 4538 lleloissam
662 4477 784 4560 scriptae
806 4477 932 4554 luerint,
952 4477 1005 4540 vix
1027 4485 1129 4559 potest
1150 4476 1293 4539 dubitari.
1310 4475 1493 4559 addequod
1507 4475 1614 4537 harum
1629 4475 1823 4540 homiliarum

230 4574 387 4640 nonnullae
398 4575 439 4638 ad
452 4575 594 4659 Virgines
608 4578 824 4659 paraclitenses
841 4579 969 4642 minima
988 4578 1182 4662 spectabant,
1197 4595 1291 4661 quum
1306 4595 1368 4641 una
1381 4597 1420 4642 ex
1434 4578 1483 4640 his
1497 4575 1532 4640 in
1545 4575 1596 4640 die
1611 4579 1642 4640 S.
1657 4579 1823 4642 Marcellini

230 4675 324 4739 certis
349 4695 385 4740 eo
407 4680 542 4762 propriis
560 4679 665 4742 verbis
685 4679 832 4744 habeatur
848 4681 890 4743 ad
911 4681 1026 4757 fratres
1047 4683 1289 4762 rothomapeases
1310 4683 1457 4762 reliquias
1478 4681 1637 4756 babentes,
1660 4690 1690 4745 et
1710 4682 1823 4761 saepius

231 4787 336 4842 noster
349 4782 392 4843 ad
406 4781 522 4858 fratres
540 4781 634 4845 verba
650 4783 750 4846 saciet.
773 4787 889 4848 Forsan
909 4785 1076 4868 putandum
1096 4795 1142 4848 est
1159 4783 1369 4858 bbaelardum,
1398 4801 1597 4866 quoscunque
1615 4788 1824 4867 composuerit

229 4900 389 4945 sermones
403 4885 513 4948 sivein
527 4888 557 4950 S.
574 4885 701 4951 Gildasii
714 4889 916 4968 monasterio,
930 4893 994 4951 sive
1007 4889 1098 4963 elias,
1114 4906 1221 4951 omnes
1234 4887 1274 4950 ed
1293 4887 1463 4950 lleloissam
1481 4886 1612 4952 diversis
1632 4887 1823 4971 temporibus
1953 4891 1956 4904 '

228 4982 361 5045 misisse.
384 4987 619 5069 Quodquidem
643 4990 668 5050 si
691 4989 858 5052 uerisimile
885 4989 1084 5072 judicaveris,
1114 4989 1235 5052 facilius
1256 4989 1392 5072 reperies
1418 5007 1473 5052 cur
1492 4988 1570 5052 adeo
1589 4991 1693 5053 mixtae
1715 4989 1822 5054 conlu-
1922 5015 1923 5018 ¹

228 5101 333 5165 saeque
349 5086 412 5149 sint
428 5086 488 5150 illa
505 5089 544 5154 ab
562 5088 727 5154 Amboesio
744 5101 872 5174 reperte
891 5091 1033 5155 homiliae.
1048 5082 1217 5175 =Utcunque
1235 5099 1297 5169 est,
1317 5099 1472 5172 oporteret
1488 5109 1561 5154 seue
1575 5101 1610 5155 ut
1623 5099 1717 5156 totam
1737 5091 1819 5156 illam

225 5191 333 5271 operis
347 5199 464 5273 partem
478 5201 655 5258 retractaret
666 5193 776 5278 aliquis
790 5213 826 5258 ac
839 5203 988 5274 mutaret,
1008 5205 1057 5273 ct,
1074 5194 1158 5278 quod
1173 5193 1342 5257 maximum
1356 5194 1448 5258 nobis
1465 5194 1595 5270 videtur,
1614 5195 1647 5257 in
1661 5195 1819 5258 meliorem

224 5288 334 5356 locum
348 5294 475 5359 referret
490 5297 663 5361 sermonem
678 5301 716 5362 ds
729 5301 767 5363 S:
776 5301 894 5363 Ioanne
912 5302 1072 5381 Baptista,
1091 5298 1145 5381 qui
1161 5299 1242 5361 inter
1256 5297 1479 5381 pretiosissime
1493 5297 1643 5362 Abrelardi
1656 5317 1750 5381 opere
1762 5317 1820 5362 en·
