4486 6100
448 605 520 680 aas
720 691 725 703 ,
969 559 1196 676 nemisse
1221 599 1515 676 rnonunuiru

448 747 577 818 Christi
592 748 791 836 caritatem,
801 769 911 844 quam
928 745 1034 818 nobis
1047 743 1220 834 exhibuit,
1237 757 1272 816 et
1290 767 1357 815 nos
1368 769 1451 816 cum
1465 745 1568 832 scire,
1577 769 1618 816 ac
1627 769 1768 843 semper
1780 745 1965 820 attendere
1975 748 2025 818 ad·

449 882 594 957 monet,
608 885 648 938 ut
665 867 741 963 ejus
754 866 1023 966 comparatione
1041 864 1249 936 humiliores
1260 885 1302 934 ac
1316 863 1546 936 ferventiores
1559 864 1596 935 in
1616 865 1692 960 ejus
1705 864 1896 940 dilectione
1916 881 2025 938 tenea·

449 1010 540 1056 mur.
559 991 660 1058 Hanc
677 988 801 1083 utique
817 986 946 1058 Christi
960 979 1142 1059 caritatem
1159 986 1483 1083 supereminentem
1504 986 1658 1058 scientiae
1679 1001 1807 1058 nostra
1823 986 1935 1059 dicit:
1950 990 2026 1085 quia

447 1103 552 1201 longe
583 1105 696 1202 major
717 1123 786 1196 cst,
814 1132 923 1204 quam
949 1129 1016 1178 nos
1038 1103 1345 1203 comprehendere
1369 1105 1616 1202 intelligentia,
1637 1106 1693 1180 vel
1714 1108 1932 1206 experientia
1949 1132 2026 1207 pos·

446 1225 566 1295 simus.
589 1228 711 1311 Quum
725 1240 845 1304 autem
863 1225 957 1296 hanc
974 1223 1104 1296 Christi
1120 1224 1302 1296 caritatem
1324 1209 1605 1315 considerantes,
1626 1242 1851 1308 eamnostrae
1870 1228 2026 1300 confere·

447 1367 526 1416 mus
536 1345 861 1444 incomparabiliter
873 1346 1093 1445 superiorem
1107 1372 1115 1415 ε
1130 1359 1232 1434 ωηο,
1249 1357 1285 1415 ut
1299 1343 1434 1416 dictum
1446 1361 1515 1432 est,
1530 1333 1736 1420 humiliores
1746 1372 1788 1420 ac
1802 1347 2027 1421 ferventiores

446 1463 579 1553 effecti,
601 1464 831 1562 implebimur
844 1465 944 1536 omni
958 1464 1175 1564 perfectione
1189 1466 1358 1535 virtutum
1374 1468 1484 1536 aDeo
1498 1466 1601 1538 nobis
1617 1466 1756 1540 collata.

998 1678 1176 1724 Proetum
1202 1677 1369 1724 HELOlSSAE
1396 1677 1478 1722 XXX.

445 1938 558 2012 debat
574 1942 630 2012 vir
642 1940 700 2012 ille
712 1942 849 2014 statutis
866 1939 1012 2027 diebus,
1028 1955 1069 2012 ut
1080 1940 1269 2014 adoraret?
1284 1969 1301 2006 n
1316 1941 1406 2029 Qui,
1430 1940 1485 2014 vel
1498 1966 1519 2012 a
1532 1965 1606 2039 quo
1627 1944 1747 2018 statuti
1766 1958 1850 2016 sunt
1866 1943 1943 2016 dies
1954 1945 2029 2016 istil

1066 2125 1202 2196 Solutr'o
1219 2123 1413 2196 Aboelardr'.

495 2291 660 2364 Rabanus
684 2293 827 2364 Maurus
849 2296 887 2362 r'n
915 2290 1013 2362 libris
1037 2295 1188 2388 Regum,
1210 2315 1254 2362 ex
1275 2291 1449 2362 sententia
1470 2291 1655 2386 cujusdam
1679 2291 1829 2382 llebnei,
1865 2317 1977 2390 quem
1998 2295 2034 2380 in

445 2413 623 2512 plerisque
645 2413 804 2510 sequitur
821 2410 1019 2484 secundum
1037 2409 1209 2482 litteram*
1225 2438 1232 2480 :
1259 2441 1276 2477 r<
1293 2409 1401 2498 Quod
1418 2425 1536 2482 autem
1553 2411 1657 2500 dicit,
1674 2441 1691 2479 a
1706 2414 1844 2484 statutis
1859 2413 2001 2502 diebus,
2016 2445 2032 2478 r

445 2533 516 2604 hoc
547 2547 617 2623 est,
639 2533 750 2606 tribus
768 2530 1030 2618 festivitatibus,
1052 2530 1185 2601 Pascha
1209 2531 1390 2620 videlicet,
1416 2535 1641 2621 Pentecoste,
1669 2547 1704 2604 et
1737 2533 1963 2606 solemnitate
1986 2550 2035 2606 ta·

446 2651 734 2726 hernaculorum.
758 2651 861 2724 Unde
873 2653 1049 2722 Dominus
1066 2651 1105 2724 in
1123 2649 1249 2722 Exodo
1267 2653 1451 2749 pracepit,
1466 2651 1629 2723 dicens³z
1648 2653 1806 2726 «Tribus
1828 2653 1966 2726 vicibus
1974 2677 2036 2751 per

447 2803 464 2840 a
480 2773 637 2869 singulos'
658 2795 772 2844 annos
790 2771 878 2841 mihi
899 2769 985 2842 festa
1002 2768 1237 2842 celebrabitis.
1260 2798 1278 2835 u
1299 2773 1343 2840 Et
1358 2770 1493 2841 item‘:
1518 2800 1536 2837 α
1559 2775 1637 2857 Ter,
1657 2799 1675 2836 n
1691 2769 1822 2869 inquit,
1840 2801 1858 2840 a
1882 2774 1918 2842 in
1938 2797 2035 2844 anno

452 2891 671 2991 «apparebit
693 2914 803 2962 omne
821 2889 1057 2962 masculinum
1084 2904 1187 2960 tuum
1213 2913 1336 2961 coram
1363 2891 1520 2962 Domino
1542 2894 1620 2962 Deo
1644 2906 1723 2979 tuo,
1746 2892 1781 2962 in
1806 2890 1905 2981 loco,
1927 2917 2036 2989 quem

452 3039 469 3078 <r
485 3011 630 3110 elegerit
639 3013 815 3084 Dominus
823 3014 920 3082 Deus
934 3024 1027 3082 tuus.
1043 3039 1060 3078 n
1068 3014 1161 3106 Ergo
1176 3009 1214 3082 in
1229 3008 1302 3082 Silo
1314 3026 1527 3106 quumessct
1541 3035 1584 3082 eo
1595 3024 1758 3110 tempore
1777 3037 1857 3084 arca
1867 3013 2036 3097 Domini,

448 3129 496 3204 ibi
508 3131 566 3203 hic
585 3130 782 3220 Helehana,
800 3155 913 3227 quum
931 3145 1022 3202 esset
1035 3131 1110 3227 ipse
1130 3129 1269 3218 Levita,
1287 3144 1369 3227 post
1384 3129 1520 3201 oblatas
1535 3129 1719 3224 victimas,
1740 3157 1824 3202 curn
1841 3132 2034 3221 uxoribus,

448 3267 484 3324 et
496 3251 594 3342 filiis,
617 3268 724 3349 atque
737 3249 877 3324 filiabus
896 3253 1027 3348 pariter
1040 3249 1261 3322 vescebatur.
1280 3279 1299 3316 n

987 3461 1169 3509 PROBLEMA
1195 3462 1361 3510 Remissa
1388 3463 1486 3508 XXXI.

498 3605 594 3695 Quid
607 3621 659 3678 est
675 3604 924 3703 postmodum,
944 3605 1045 3702 quod
1069 3611 1169 3679 Anna
1193 3607 1377 3706 respondit
1395 3607 1448 3678 Uli
1460 3607 1635 3680 sacerdoti
1647 3612 1679 3679 ⁸:
1702 3639 1719 3676 u
1744 3613 2003 3706 Nequaquam,
2019 3639 2037 3676 r

449 3731 583 3826 inquit,
607 3757 624 3794 α
643 3727 795 3799 Domine
811 3728 881 3797 mi:
900 3750 983 3797 nam
1002 3726 1129 3800 mulier
1147 3728 1265 3800 infelix
1282 3729 1387 3800 nimis
1406 3753 1472 3827 ego
1492 3754 1588 3818 sum,
1609 3731 1822 3827 vinumque,
1843 3747 1880 3802 et
1902 3755 2041 3822 omne,

451 3848 550 3946 quod
563 3847 738 3919 inebriare
749 3861 882 3945 potest,
899 3871 973 3918 non
990 3846 1065 3918 bibi
1082 3877 1090 3917 :
1108 3848 1170 3919 sed
1184 3847 1293 3920 effudi
1311 3849 1467 3922 animam
1479 3873 1598 3920 meam
1610 3850 1646 3920 in
1665 3863 1857 3948 conspectu
1872 3853 2042 3924 Domini.

451 3976 501 4043 Ne
521 3983 665 4067 reputes
683 3966 847 4040 ancillam
863 3983 977 4057 tuam,
991 3969 1083 4039 sicut
1097 3993 1205 4039 unam
1223 3968 1269 4040 de
1283 3968 1422 4042 filiabus
1436 3968 1567 4042 Belial?
1589 3998 1607 4038 n

1072 4152 1206 4224 Solun'o
1231 4153 1425 4226 Aboetardi.

498 4319 677 4393 Infelicem
690 4345 728 4390 se
740 4318 843 4409 dicit,
859 4320 958 4414 quasi
971 4318 1200 4422 probrosam;
1218 4317 1303 4415 quia
1321 4317 1507 4390 maledicta
1525 4319 1667 4404 sterilis,
1684 4334 1718 4393 et
1731 4343 1810 4416 quse
1823 4344 1949 4392 semen
1965 4347 2048 4395 non

448 4440 590 4537 reliquit
599 4439 635 4510 in
649 4436 767 4510 lsrael.
791 4439 894 4509 Unde
908 4454 943 4510 et
961 4436 1049 4508 illud
1066 4452 1119 4510 est
1133 4436 1354 4534 Elizabqth⁸z
1374 4466 1392 4506 r
1409 4439 1502 4526 Quia
1520 4440 1570 4510 sic
1588 4440 1668 4510 fecit
1692 4438 1777 4510 mihi
1798 4441 1986 4514 Dominus
2011 4445 2050 4512 in

448 4559 587 4648 diebus,
601 4557 731 4656 quibus
743 4560 896 4656 respexit
908 4557 1045 4628 auferre
1057 4555 1293 4656 opprobrium
1307 4583 1428 4629 meum
1442 4559 1534 4630 inter
1549 4557 1725 4630 homines.
1745 4587 1762 4625 n
1779 4558 1883 4630 Unde
1897 4575 1934 4632 et
1949 4559 2053 4634 illud

448 4693 500 4750 est
519 4680 785 4750 Deuteronomri'
814 4677 915 4777 quod
941 4679 1117 4749 Dominus
1141 4678 1233 4750 inter
1255 4693 1378 4750 caetera
1400 4681 1574 4779 promittit
1588 4682 1742 4780 populu,
1758 4705 1826 4781 pro
1841 4699 2055 4782 praecepto-
2088 4657 2101 4682 ⁶

449 4825 527 4872 rum
552 4799 792 4870 observantia*
814 4826 821 4868 :
846 4827 863 4865 u
890 4801 968 4868 Non
987 4798 1053 4869 erit
1070 4797 1166 4893 apud
1185 4811 1221 4870 te
1236 4797 1362 4870 sterilis
1387 4800 1569 4898 utriusque
1590 4825 1711 4890 sexus,
1731 4804 1852 4874 tamin
1872 4801 2057 4875 homini·

484 5047 570 5110 'ch
592 5049 618 5106 l,
637 5043 1022 5111 cap.r,v.a.-·tt.ttabant
1041 5046 1115 5098 Mauri
1132 5045 1223 5110 Opera,
1260 5045 1346 5110 'lieu
1366 5049 1392 5104 f,
1412 5063 1467 5112 cap.
1485 5065 1547 5106 r,r.
1565 5049 1604 5098 15.
1624 5007 1767 5109 --·Luc.‚
1785 5063 1841 5118 cap.
1861 5067 1883 5108 r.
1903 5065 1929 5101 r.
1954 5054 1993 5101 25
2019 5079 2058 5101 -.

451 5133 558 5182 Coloniae
583 5131 737 5198 Agrippina,
762 5135 839 5189 ¹826.
865 5131 959 5190 iri-ful..
981 5142 1000 5181 t.
1025 5131 1073 5188 tlt.
1096 5148 1120 5198 p.
1144 5134 1185 5180 tr.
1202 5157 1220 5167 -
1262 5131 1439 5198 'Gap.nr,v.
1459 5135 1495 5182 tl.

452 5215 568 5274 'Barth
583 5231 639 5280 cap.
655 5231 731 5268 xxnr.
746 5231 769 5264 r.
788 5217 824 5264 tl.
842 5241 870 5250 *
886 5214 896 5240 ⁴
912 5215 1006 5272 fland,
1019 5213 1091 5273 ibid,
1102 5231 1126 5264 v.
1143 5217 1179 5264 ll.
1196 5239 1225 5252 «-
