4644 6112
918 632 1156 704 El’lSTOLAE.
1663 673 1664 677 ,
1810 632 1830 698 7

249 781 358 870 Quod
376 781 406 852 Si
428 801 495 874 080
517 791 655 848 ineram
663 779 686 864 ¹,
703 799 758 847 res
771 775 848 874 ipsa
865 775 1010 864 clamat,
1033 790 1069 846 et
1087 777 1195 873 ipsius
1209 777 1260 849 rei
1273 774 1353 852 finis
1373 773 1516 849 indicat.
1534 779 1630 850 Dum
1656 798 1741 847 vero
1759 774 1833 846 haec
1877 790 2039 854 bompariu-

250 915 458 999 agerentur,
475 896 655 968 cariss'una
669 890 757 968 mibi
774 909 889 966 mater
906 919 986 968 mea
1005 895 1128 968 Lucia¹
1145 896 1335 992 repatriare
1355 921 1414 968 me
1433 895 1616 994 compulit.
1634 899 1720 982 Quae
1736 893 1834 966 vide·
1877 866 2041 994 iiiiiilii„

250 1021 332 1092 licet
346 1033 428 1118 post
439 1016 713 1090 conversionem
728 1015 928 1111 Berengarii
940 1016 1049 1113 patris
1065 1015 1137 1086 mei
1150 1013 1198 1085 ad
1210 994 1466 1112 professionem
1478 1016 1723 1105 monasticam,
1740 1013 1835 1087 idern
1874 987 2031 1114 mrgpgprus

253 1143 366 1212 faeere
383 1135 626 1237 disponebat⁸.
650 1139 732 1222 Quo
760 1134 959 1232 complet0,
981 1156 1142 1206 reversus
1158 1157 1239 1204 sum
1262 1133 1299 1204 in
1325 1135 1527 1224 Franciam,
1552 1136 1706 1208 maxime
1728 1149 1768 1206 ut
1789 1133 1835 1206 de

253 1260 442 1332 Divinitate
468 1255 708 1344 addiscerem,
724 1253 898 1356 .quando⁸
918 1255 993 1349 jam
1014 1277 1106 1351 saepe
1126 1252 1217 1324 fatus
1241 1253 1406 1348 magister
1429 1268 1550 1326 noster
1571 1253 1781 1328 Guillelmus
1799 1255 1834 1324 in

252 1380 458 1477 episcopatu
477 1375 716 1451 catalaunensi
733 1373 913 1472 pollebat,
938 1378 978 1444 ln
997 1373 1065 1448 hac
1080 1387 1202 1444 autem
1213 1371 1369 1444 lectione
1383 1373 1547 1468 magister
1564 1374 1640 1468 ejus
1651 1373 1835 1456 anselmus

253 1496 483 1570 leudenensis
500 1495 710 1566 maximam⁶
728 1517 772 1564 ex
789 1493 997 1590 antiquitate
1014 1493 1261 1564 auctoritatem
1279 1506 1365 1564 tuuc
1378 1490 1533 1564 tenebat.

301 1615 439 1690 decessi
458 1613 565 1710 igitur
584 1611 630 1684 nd
650 1611 748 1684 hunc
764 1636 908 1700 senem,
931 1613 988 1682 cui
1007 1612 1119 1707 magis
1136 1610 1316 1706 longevus
1334 1635 1434 1700 usus,
1451 1633 1559 1706 quam
1581 1610 1763 1706 ingenium
1780 1613 1837 1684 vel
1863 1615 2056 1726 adlidi...

253 1735 427 1808 memoria
438 1756 574 1807 nomen
587 1745 868 1828 comparaverat.
888 1729 940 1802 td
955 1755 1064 1828 quem
1083 1731 1208 1828 siquis
1225 1729 1272 1802 de
1284 1723 1401 1827 aliqua
1415 1729 1609 1827 questione
1622 1728 1835 1828 pulsandum
1871 1730 2046 1842 ,gunumtl‘jssl

251 1851 438 1929 accederet
455 1853 622 1941 incertus,
643 1849 781 1924 redibat
799 1851 979 1922 incertior.
999 1849 1166 1928 attrahitis
1177 1848 1324 1946 quidem
1345 1863 1421 1920 erat
1434 1849 1470 1922 in
1489 1847 1624 1920 oculis⁷
1642 1847 1838 1920 auscultari·
1871 1808 2049 1908 “iiiiiill'l

254 1973 365 2058 tium,
387 1971 449 2046 sed
464 1969 583 2044 nullus
595 1971 633 2042 in
649 1983 843 2068 conspectu
859 1970 1197 2067 quaestionantium&
1219 1967 1419 2046 Verborum
1440 1991 1545 2040 usum
1563 1967 1718 2041 habebat
1733 1969 1838 2044 mira-

254 2091 383 2190 bilem,
399 2089 578 2164 sedeenru
589 2088 924 2188 contemptibilem,
946 2105 981 2162 et
992 2090 1132 2164 ratione
1150 2111 1314 2164 vacuum.
1336 2085 1457 2174 Quum
1467 2089 1586 2183 ignem
1604 2085 1828 2183 accenderet,

255 2211 405 2284 domum
417 2233 520 2284 suam
539 2210 638 2284 fumo
651 2207 841 2308 implebat,
856 2233 932 2289 non
948 2209 1028 2282 luce
1040 2207 1248 2282 illustrabat.
1270 2206 1385 2280 Arbor
1399 2208 1474 2302 ejus
1489 2221 1561 2280 tota
1582 2208 1620 2278 in
1638 2205 1730 2280 toliis
1750 2208 1840 2302 aspi-

253 2330 429 2404 cientibus
456 2330 614 2428 alonge
647 2330 841 2428 conspicua
869 2328 1075 2414 videbatur,
1108 2328 1171 2401 sed
1198 2325 1540 2426 propinquantibus,
1576 2341 1612 2398 et
1638 2325 1840 2422 diligentius

254 2449 472 2521 laurentibus
489 2449 709 2522 infructuosa
725 2448 979 2547 reperiebatur.
1001 2449 1055 2521 td
1073 2449 1167 2520 banc
1184 2449 1304 2545 itaquo
1322 2470 1433 2544 quum
1459 2447 1683 2518 accessissem
1702 2460 1742 2515 ut
1763 2445 1838 2516 iru-

253 2582 350 2640 ctum
368 2569 454 2640 inde
465 2567 682 2668 colligerem,
696 2567 918 2666 deprehendi
930 2569 1027 2642 illam
1045 2593 1123 2644 erae
1142 2567 1331 2640 ficulneam
1348 2567 1407 2640 cui
1425 2566 1606 2640 maledixit
1619 2567 1794 2638 Dominus
1805 2570 1835 2657 ¹⁰,
1873 2577 1879 2584 '

237 2700 315 2760 'seu
333 2686 431 2760 illam
444 2703 600 2764 veterem
613 2711 805 2784 quercum,
827 2689 884 2760 cui
905 2689 1115 2785 Pompeium
1134 2691 1299 2758 Lucanus
1310 2697 1506 2783 comparat,
1523 2685 1669 2758 dicens:

890 2859 955 2922 Stat
968 2859 1070 2940 magni
1085 2857 1221 2920 nominis
1234 2855 1358 2932 umbra,

612 2961 716 3040 Qualis
728 2961 874 3043 frugifero
888 2979 1018 3044 quercus
1031 2959 1172 3024 sublimis
1184 2962 1218 3024 in
1232 2980 1305 3040 agro
1316 2963 1344 3019 ¹¹.

243 3130 332 3201 'Hoc
354 3131 461 3226 igitur
482 3146 679 3229 compertu,
704 3155 779 3202 non
796 3131 915 3200 multis
940 3129 1066 3200 diebus
1084 3131 1120 3199 in
1140 3127 1267 3198 umbra
1289 3128 1363 3221 ejus
1384 3128 1517 3196 otiosus
1534 3124 1641 3219 jacui.
1669 3126 1838 3198 Paulatim

254 3273 340 3320 vero
360 3249 509 3344 mejam
529 3249 641 3320 rarius
657 3263 693 3319 et
715 3249 826 3318 rarius
841 3249 861 3284 ¹¹
885 3245 930 3317 ad
950 3245 1121 3318 lectiones
1143 3244 1218 3340 ejus
1243 3243 1452 3328 accedente,
1476 3241 1621 3339 quidam
1646 3256 1732 3314 tunc
1749 3245 1840 3316 inter
1890 3247 1894 3256 '

254 3366 446 3465 discipulos
472 3367 547 3462 ejus
565 3367 762 3438 eminentes
785 3365 936 3462 graviter
956 3363 993 3434 id
1011 3361 1183 3448 ferebant,
1205 3363 1304 3459 quasi
1327 3361 1416 3432 tanti
1439 3361 1594 3458 magistri
1613 3375 1838 3460 contemptor

254 3481 388 3556 fierem.
414 3483 569 3556 Proinde
590 3484 688 3554 illum
704 3507 849 3580 quoque
864 3482 1052 3554 adversum
1076 3506 1134 3552 me
1150 3480 1301 3552 latenter
1321 3494 1603 3566 commoventes,
1621 3480 1739 3576 pravis
1758 3505 1838 3577 sug·

255 3601 471 3700 gestionibus
485 3603 518 3674 ei
531 3627 590 3676 me
601 3603 818 3676 invidiosum
832 3602 1001 3674 fecerunt.
1020 3601 1156 3672 Accidit
1172 3615 1292 3672 autem
1306 3599 1461 3695 quadam
1476 3599 1547 3690 die,
1561 3614 1600 3670 ut
1612 3613 1692 3698 post
1705 3598 1839 3695 aliquas

255 3723 509 3794 sententiarum
517 3722 737 3812 collationes,
754 3747 821 3794 nos
834 3720 1014 3794 scholares
1023 3721 1175 3792 invicem
1182 3721 1397 3816 jocaremur.
1416 3718 1484 3789 Ubi
1498 3743 1609 3816 quum
1622 3744 1679 3790 me
1692 3718 1839 3814 quidam

129 3893 139 3908 .
254 3843 374 3914 animo
397 3843 577 3914 intentans
592 3843 891 3940 interrogavisset,
913 3840 1000 3938 quid
1017 3839 1102 3912 mihi
1115 3839 1161 3911 de
1174 3839 1379 3911 divinorum
1390 3839 1541 3912 lectione
1556 3838 1730 3910 librorum
1744 3838 1839 3910 vide-

258 3975 365 4051 retur,
382 3963 443 4058 qui
460 3960 624 4034 nondum
642 3962 709 4033 nisi
727 3965 763 4033 in
781 3959 936 4058 physicis
956 3959 1183 4049 studueram,
1207 3959 1375 4059 respondi
1393 3959 1665 4030 saluberrimum
1692 3958 1838 4056 quidem

255 4077 362 4174 bujus
387 4079 549 4152 lectionis
567 4104 643 4154 esse
667 4080 825 4152 studium
851 4077 912 4150 ubi
929 4077 1022 4150 salus
1040 4079 1165 4150 animae
1186 4079 1424 4174 cognoscitur,
1453 4077 1516 4148 sed
1534 4103 1590 4148 me
1611 4077 1839 4150 vehementer

257 4199 389 4288 mirari,
405 4199 504 4296 quod
523 4199 579 4270 his
597 4201 659 4297 qui
679 4200 821 4272 litterati
836 4213 932 4290 sunt,
954 4198 1000 4272 ad
1018 4198 1255 4298 expositiones
1273 4214 1479 4284 sanctorum
1493 4196 1749 4292 intelligendas,
1765 4198 1839 4295 ipsa

257 4340 383 4387 eorum
396 4320 524 4418 scripta
541 4319 595 4392 vel
609 4319 714 4418 glosae
732 4345 807 4392 non
828 4317 1038 4410 sufficiantss,
1056 4333 1095 4390 ut
1113 4318 1183 4390 alio
1203 4317 1336 4390 scilicet
1359 4341 1432 4387 non
1452 4331 1576 4414 egeant
1597 4316 1797 4414 magisterio
1806 4317 1835 4384 ¹⁸.

256 4433 445 4506 lrridentes
462 4437 606 4534 plurimi
624 4440 686 4534 qui
697 4437 857 4529 aderant,
875 4462 920 4508 an
930 4438 1001 4509 hoc
1015 4462 1081 4534 ego
1092 4461 1237 4535 possem
1250 4452 1286 4508 et
1296 4435 1438 4534 aggredi
1449 4460 1710 4534 praesumerem,
1728 4435 1843 4530 requi-

257 4554 401 4624 sierunt.
425 4555 603 4653 Respondi
622 4580 681 4627 me
700 4556 738 4628 id
762 4559 792 4626 si
816 4556 947 4629 vellent
971 4557 1121 4653 experiri
1139 4570 1303 4654 paratum
1323 4579 1411 4627 esse.
1432 4559 1530 4624 Tunc
1553 4550 1816 4622 conclamantes
1824 4557 1842 4590 ¹⁵

257 4686 292 4742 et
317 4669 468 4772 amplius
495 4673 712 4746 irridentes:
738 4678 860 4766 Certe,
886 4675 1070 4771 inquiunt,
1092 4689 1127 4746 et
1153 4697 1219 4746 nos
1242 4676 1463 4754 assentimus.
1486 4675 1672 4760 Quaeratur
1693 4670 1842 4766 itaque¹⁶

290 4881 297 4907 ¹
310 4881 352 4932 Sic
361 4881 551 4936 Cib-Tarm
564 4883 627 4936 adit
642 4882 713 4934 amb.
724 4911 757 4922 -
768 4883 778 4911 ¹
790 4883 852 4936 Vide
867 4893 919 4934 not.
937 4899 987 4934 xit.
1001 4910 1028 4920 -
1066 4883 1120 4918 -Η
1136 4885 1226 4937 bacan.
1239 4885 1343 4941 Phara,
1357 4882 1401 4932 lib.
1415 4881 1456 4942 Ν,
1468 4897 1490 4932 v.
1507 4879 1592 4932 rat.-
1604 4878 1624 4904 ''
1636 4875 1672 4930 lta
1683 4879 1793 4932 am).-
1803 4879 1840 4930 Ha

258 4965 370 5019 'Setitoe
379 4971 508 5020 amatore
518 4971 607 5019 rationi
619 4970 702 5019 dicare
712 4972 828 5032 disposuit
835 4966 956 5023 tus-⁴
969 4970 1031 5028 Ouo·
1063 4971 1116 5032 jam
1130 4973 1210 5020 rarius
1224 4972 1383 5021 adiectiones
1402 4967 1453 5030 eju
1470 4964 1532 5018 tait.
1549 4963 1622 5016 dmb.
1632 4989 1664 5003 -·-
1680 4963 1701 4990 ¹³
1717 4967 1841 5027 Sufficiunt

255 5054 320 5102 aium
332 5050 383 5102 ttS.
398 5045 471 5102 arob.
483 5077 515 5090 -
528 5052 538 5078 ⁸
552 5051 613 5102 Vide
625 5063 677 5104 not.
689 5069 731 5104 ιν.
742 5080 768 5090 -
781 5052 862 5104 ‘Vide
873 5063 925 5106 not.
939 5069 988 5104 ur.
1001 5079 1031 5088 -·
1068 5051 1156 5104 arcu.
1168 5079 1198 5090 -α
1215 5051 1237 5080 “
1253 5053 1370 5115 'aratro
1383 5051 1433 5102 llS.
1447 5047 1518 5103 emb.
1536 5073 1561 5084 -
1580 5048 1773 5101 '‘lactamaatcr
1790 5047 1839 5098 ils.

258 5134 304 5184 'br
314 5139 390 5188 oculta
401 5147 456 5188 erat
465 5135 556 5186 u.-·
567 5139 717 5198 Quoerdmer
730 5141 905 5190 mattarum
919 5136 990 5188 llldS.
1002 5161 1031 5174 -
1070 5138 1140 5192 drab.
1161 5163 1174 5172 -
1203 5137 1224 5162 ¹⁶
1234 5135 1275 5186 Sic
1287 5134 1364 5185 tucn
1378 5144 1403 5186 et
1413 5134 1463 5184 lis.
1474 5133 1677 5194 Ambnlaoram
1689 5131 1754 5182 Edit.
1769 5129 1840 5182 Amb·
1925 5125 1940 5148 ''

257 5218 344 5270 ”vum
353 5219 485 5270 utta-⁴·
494 5219 590 5280 batth..
600 5236 622 5270 c.
634 5237 685 5280 xxi.
699 5237 720 5271 r.
732 5222 760 5270 ll)
769 5242 776 5282 3
786 5221 870 5278 Marc..
881 5236 903 5270 c.
913 5237 945 5283 rr,
957 5235 979 5270 r.
994 5221 1032 5269 rt.
