4496 6102
427 583 499 656 aot
1027 589 1157 660 PETRl·
1180 587 1416 662 lssAEulnnt

430 725 593 822 opinioni
617 749 690 796 non
705 725 933 800 mediocriter
944 728 1032 800 illud
1049 729 1232 827 suffragari
1244 729 1397 820 videtur,
1414 726 1513 826 quod
1527 741 1609 826 post
1626 726 1883 798 comestionem
1897 725 2012 796 statim

429 846 465 916 in
490 869 527 916 se
550 844 600 915 illi
623 859 763 916 motum
790 846 936 920 luxuriae
962 850 1173 941 sentientes,
1204 849 1448 922 erubescentia
1470 848 1608 919 confirsi
1638 844 1809 945 pudenda
1836 859 2011 916 texerunt.

432 998 448 1032 a
471 968 696 1037 Luxuriosa»
713 968 847 1066 quippe
864 999 881 1038 a
897 996 953 1042 res
971 973 1096 1042 vinum
1109 986 1179 1062 est,
1201 1001 1217 1039 >r
1235 972 1325 1043 sicut
1342 959 1512 1070 scripturn
1530 973 1611 1040 est¹.
1633 972 1675 1039 Et
1694 965 1903 1066 Apostolus:
1924 995 1942 1034 r<
1958 967 2014 1034 Vi·

429 1112 534 1177 num,
548 1115 565 1154 u
582 1087 724 1184 inquit¹,
744 1117 761 1156 r
774 1089 810 1159 in
830 1114 902 1187 quo
917 1107 970 1164 est
982 1091 1133 1164 luxuria.
1150 1121 1167 1159 r
1181 1097 1221 1163 ln
1235 1091 1356 1166 medio
1372 1104 1489 1163 autem
1508 1087 1662 1188 paradisi
1680 1103 1753 1160 tam
1769 1087 1905 1184 lignum
1917 1087 2012 1174 vitae‚

429 1231 537 1304 quarn
549 1207 686 1305 lignum
700 1209 853 1282 scientiae
870 1209 1004 1284 boniet
1025 1213 1108 1285 mali
1122 1213 1226 1284 luisse
1247 1212 1459 1300 referuntur,
1481 1209 1582 1307 quasi
1597 1208 1664 1280 sibi
1675 1205 1829 1278 invicem
1845 1208 1894 1277 ita
1904 1230 2015 1304 copu-

429 1328 515 1420 lata,
536 1345 575 1399 ut
591 1328 742 1401 alterurn
768 1329 868 1402 alteri
881 1333 1092 1424 adhaereret,
1113 1334 1203 1406 sieut
1223 1334 1302 1405 vitis
1320 1331 1367 1404 ab
1380 1330 1479 1403 ulmo
1497 1330 1580 1402 serri
1594 1329 1703 1419 solet,
1724 1344 1760 1400 et
1777 1327 1878 1424 quasi
1891 1328 1930 1398 in
1944 1351 2015 1397 uno

431 1475 528 1522 mors
544 1465 579 1522 et
596 1451 668 1522 vita
686 1451 793 1522 simul
811 1453 882 1523 sint
902 1453 1094 1545 collocata,
1115 1469 1286 1551 tanquam
1303 1453 1440 1550 lignum
1458 1452 1537 1524 vitae
1556 1475 1599 1523 ex
1613 1449 1762 1548 proprio
1781 1447 1897 1520 fructu
1909 1448 2016 1520 vitam

430 1571 665 1662 ministraret,
684 1587 774 1643 etex
790 1571 976 1669 adjacente
997 1576 1068 1646 vite
1082 1589 1235 1646 mortem
1254 1573 1411 1645 inferret.
1429 1573 1605 1644 Dominus
1621 1571 1754 1668 quippe
1767 1549 1874 1639 'lesus
1893 1569 1930 1638 in
1949 1569 2017 1637 rui·

430 1705 564 1763 namet
581 1691 617 1760 in
637 1693 935 1764 resurrectionem
955 1693 1152 1765 multorum
1173 1694 1308 1793 positus
1323 1707 1393 1783 est,
1414 1708 1503 1764 etex
1522 1716 1560 1762 se
1571 1691 1650 1789 ipso
1667 1691 1777 1760 vitam
1793 1685 2019 1759 credentibus

430 1826 592 1909 prmstat:
610 1826 646 1883 et
662 1812 856 1912 reprobos,
880 1838 971 1912 quos
989 1813 1050 1886 diu
1069 1813 1258 1885 tolerando
1283 1829 1420 1912 portat,
1450 1837 1514 1911 per
1525 1809 1696 1909 justitiam
1720 1807 1951 1880 condemnat.
1979 1811 2018 1878 ln

431 1932 549 2027 cujus,
566 1945 606 2002 ut
622 1930 840 2024 dictumest,
863 1933 1019 2006 adventu
1037 1933 1125 2004 illud
1143 1934 1363 2032 praemissum
1382 1930 1613 2032 proverbium
1632 1952 1769 2001 cessare
1786 1928 2016 2027 promittitur,

432 2052 516 2149 quia
533 2053 570 2122 in
588 2051 724 2145 electis,
739 2053 875 2152 quiper
892 2053 997 2126 lsrael
1016 2053 1259 2151 designantur,
1277 2054 1350 2150 jam
1364 2052 1425 2125 illa
1443 2077 1549 2152 poena
1564 2048 1744 2147 originalis
1756 2047 1894 2147 peccati
1913 2045 2020 2117 finem

432 2175 593 2272 accepit:
623 2189 662 2245 ut
677 2175 751 2270 jam
771 2174 916 2246 ulterius
939 2175 1058 2247 nullus
1079 2175 1301 2248 credentium
1319 2177 1384 2246 nisi
1411 2200 1454 2246 ex
1474 2174 1623 2274 proprio
1641 2170 1773 2243 delicto
1793 2168 1978 2241 differatur
2002 2195 2021 2240 a

432 2317 561 2390 regno,
580 2293 643 2365 sed
663 2283 878 2391 anima'quae
895 2296 1094 2394 peccaverit
1111 2296 1148 2366 in
1167 2295 1291 2386 lsrael,
1311 2295 1383 2366 hoc
1402 2309 1454 2366 est
1471 2295 1563 2366 inter
1581 2291 1743 2363 videntes
1761 2294 1895 2380 Deum,
1917 2289 2022 2360 etiam

433 2413 578 2484 rationis
603 2427 811 2512 compotes,
832 2440 874 2485 ex
892 2415 1042 2513 proprio
1060 2429 1198 2486 tantum
1221 2429 1385 2514 peccato,
1406 2438 1480 2485 non
1500 2438 1542 2484 ex
1566 2411 1683 2483 alieno
1706 2410 1929 2507 puniantur:
1958 2433 2022 2479 nec

430 2534 505 2629 jam
518 2532 609 2640 filius
627 2549 813 2638 peccatum
832 2537 941 2635 patris
957 2551 1095 2635 portet,
1116 2536 1178 2608 ubi
1196 2536 1336 2608 nullum
1355 2535 1514 2608 fidelium
1525 2534 1599 2631 jam
1613 2530 1784 2628 originale
1799 2543 1986 2628 peccatum
2005 2555 2024 2600 a

433 2652 655 2726 beatitudine
682 2670 833 2754 separat.
856 2655 960 2729 Unde
984 2656 1076 2729 bene
1094 2657 1165 2728 hoc
1187 2671 1328 2756 tempus
1355 2657 1491 2753 gratiae,
1518 2679 1592 2752 quo
1616 2652 1759 2752 plenam
1778 2650 2023 2721 remissionem

434 2776 701 2872 consequimur,
722 2776 812 2848 sicut
825 2775 914 2848 illud
932 2777 992 2848 irae
1005 2775 1075 2848 dici
1086 2778 1266 2848 convenit.
1286 2780 1340 2847 De
1353 2775 1422 2847 bac
1432 2773 1656 2873 plenitudine
1670 2771 1842 2869 temporis
1860 2784 1895 2840 et
1914 2767 2026 2840 abun·

434 2892 553 2966 dantia
566 2893 694 2966 divinae
705 2897 823 2992 gratiae
838 2920 908 2993 qua
920 2895 1126 2968 decreverat
1138 2901 1235 2986 Deus
1252 2895 1401 2994 implere
1415 2892 1515 2991 quod
1533 2906 1709 2991 coeperat,
1729 2904 1764 2961 et
1775 2911 2026 2960 consummare

434 2987 533 3108 quod
544 3015 774 3113 promiserat,
794 3015 843 3088 ait
855 3015 1081 3115 Apostolus⁸:
1104 3035 1126 3084 «v
1139 3019 1181 3088 tlt
1198 3014 1260 3086 ubi
1279 3013 1464 3114 plenitudo
1479 3011 1667 3111 temporis,
1685 3009 1780 3080 misit
1797 3012 1894 3079 Deus
1913 3005 2026 3078 filium

435 3157 539 3204 suurn
553 3133 686 3206 lactum
701 3159 745 3208 ex
754 3135 902 3210 muliere
912 3191 922 3228 ‚
940 3136 1070 3209 factum
1085 3137 1153 3209 sub
1171 3138 1266 3236 lege,
1283 3153 1349 3209 etc.
1370 3165 1388 3205 u
1849 3207 1851 3211 .

483 3257 565 3325 Haec
580 3255 686 3351 igitur
705 3256 832 3327 mulier
846 3281 951 3347 sexu,
970 3256 1032 3329 sed
1051 3256 1266 3330 infirmitatis
1279 3260 1401 3356 ignara
1420 3253 1619 3344 muliebris,
1633 3277 1713 3350 quae
1726 3252 1826 3348 virgo
1838 3253 2029 3349 perpetua‘

436 3372 558 3444 divino
572 3391 780 3447 consecrata
793 3390 846 3448 est
857 3391 959 3475 partu
969 3430 979 3467 ,
991 3392 1095 3476 porta
1106 3376 1165 3448 illa
1177 3393 1230 3449 est
1240 3377 1421 3450 orientalis
1435 3400 1576 3474 semper
1588 3373 1726 3463 clausa,
1743 3395 1852 3470 quarn
1864 3366 2028 3440 Ezechiel

440 3491 508 3563 sibi
520 3518 585 3591 per
603 3494 767 3592 spiritum
780 3495 971 3568 revelatam
990 3495 1174 3586 describit,
1190 3499 1350 3571 dicens⁵2
1375 3527 1392 3565 r<
1411 3501 1516 3568 Porta
1534 3494 1609 3566 haec
1623 3493 1742 3565 clausa
1751 3492 1836 3581 erit,
1853 3513 1929 3559 non
1942 3513 2029 3586 ape-

421 3623 423 3629 '
439 3614 562 3706 pietur,
575 3628 610 3685 et
617 3614 672 3685 vir
681 3639 755 3686 non
764 3615 927 3689 transibit
935 3641 998 3716 per
1011 3640 1106 3688 eam:
1121 3589 1294 3714 quorn'ain
1302 3618 1478 3689 Dominus
1485 3620 1581 3687 Deus
1594 3612 1701 3686 lsrael
1714 3613 1892 3709 ingressus
1901 3624 1958 3680 est
1966 3633 2032 3707 per

326 3819 330 3826 Ι
439 3756 560 3804 eam.»
572 3733 1088 3834 Perbancquippe⁸Virginem
1097 3739 1199 3835 quasi
1207 3753 1348 3838 portam
1360 3735 1554 3834 quamdam
1566 3734 1613 3807 ad
1621 3757 1687 3806 nos
1697 3732 1843 3830 quasiin
1854 3729 2032 3828 templum

439 3878 543 3924 suum
562 3855 739 3926 Dominus
763 3857 971 3952 ingreditur,
989 3857 1076 3930 dum
1090 3884 1127 3931 se
1141 3861 1178 3930 in
1193 3883 1234 3931 ea
1246 3873 1374 3930 nostrae
1389 3856 1533 3956 copulat
1547 3870 1692 3927 naturae.
1714 3852 1785 3924 Sed
1800 3851 1876 3923 haec
1902 3849 2034 3922 eadem

439 3989 542 4070 porta
552 3999 694 4073 semper
701 3973 1023 4075 clausapermanet,
1034 3993 1069 4050 et
1078 3981 1132 4050 vir
1145 4003 1295 4077 peream
1304 4002 1379 4050 non
1387 3976 1644 4073 transiet3quia
1654 3972 1774 4046 nullus
1783 3969 1892 4042 virilis
1899 3971 2032 4041 coitus.

439 4096 527 4179 Quae
544 4093 637 4165 bene
652 4109 754 4193 porta
768 4096 814 4167 ad
833 4098 1008 4169 orientem
1032 4099 1207 4196 respicere
1227 4098 1368 4190 dicitur,
1385 4095 1586 4170 secandum
1597 4092 1698 4194 quod
1709 4095 1785 4191 ipsa
1799 4091 1930 4163 orienti
1946 4114 2037 4161 con·

441 4239 527 4310 grue
536 4229 776 4313 comparatur.
790 4217 992 4290 Sicutenim
1004 4217 1052 4289 ibi
1064 4219 1118 4289 sol
1128 4220 1193 4291 iste
1202 4218 1397 4318 corporalis
1406 4219 1531 4309 oritur,
1546 4231 1580 4288 et
1590 4215 1674 4288 inde
1684 4212 1730 4286 ad
1745 4227 1888 4284 caeteras
1905 4210 2039 4282 mundi

441 4348 558 4431 partes
568 4331 780 4406 diffunditur
796 4362 804 4405 :
821 4336 872 4407 sic
885 4336 923 4407 in
936 4337 1002 4408 ista
1015 4337 1070 4409 sol
1080 4337 1331 4434 verusjustitiae
1341 4337 1514 4427 Christus,
1533 4333 1732 4408 secundum
1745 4329 1844 4430 quod
1859 4329 2038 4428 scriptum

440 4467 509 4543 est,
527 4475 677 4524 nascens
693 4483 701 4524 :
721 4482 739 4522 u
756 4453 865 4540 Quod
878 4455 975 4526 enim
988 4455 1024 4527 in
1038 4481 1080 4528 ea
1091 4472 1215 4528 natum
1229 4472 1299 4547 est,
1312 4456 1357 4529 de
1371 4457 1502 4556 Spiritu
1516 4469 1640 4526 sancto
1655 4456 1738 4542 est⁷,
1752 4449 1951 4522 »claritatis
1965 4473 2041 4519 suae

439 4568 558 4642 radios
568 4570 612 4642 ad
625 4571 878 4646 illuminandas
892 4575 1000 4646 totius
1016 4576 1142 4650 mundi
1161 4575 1325 4648 tenebras
1338 4575 1509 4648 dilatavit.
1526 4572 1630 4646 Unde
1649 4587 1684 4644 et
1704 4569 1919 4668 evangelista
1932 4572 2044 4640 Joan·

441 4691 543 4760 nes⁸:
570 4719 588 4758 «
605 4693 705 4782 Erat,
722 4719 739 4757 o
760 4691 893 4789 inquit,
917 4683 1008 4766 «lux
1029 4719 1130 4786 vera,
1157 4720 1236 4793 quae
1258 4694 1435 4767 illuminat
1454 4717 1602 4765 ornnem
1620 4691 1808 4763 hominem
1829 4687 2044 4759 venientem

440 4807 477 4876 in
497 4806 594 4878 hunc
608 4808 802 4899 mundum,
824 4826 891 4883 etc.
905 4841 923 4880 a
945 4817 1027 4885 Haec
1038 4813 1158 4910 itaque
1171 4812 1231 4884 lux
1242 4868 1252 4904 ,
1264 4812 1301 4885 id
1312 4815 1383 4885 est’
1397 4811 1555 4885 Verbum
1568 4811 1699 4901 Patris,
1717 4823 1754 4881 et
1768 4820 1949 4880 coaeterna
1963 4806 2045 4901 ejus

475 5031 483 5059 ¹
502 5033 588 5093 Prov„
598 5049 654 5100 cap.
668 5052 715 5100 xx,
729 5053 752 5088 r.
767 5040 832 5087 1.-
844 5035 855 5064 ¹
867 5039 970 5104 Ephe„
983 5057 1040 5108 cap.
1052 5059 1077 5104 r,
1089 5057 1113 5092 r.
1128 5043 1166 5094 18.
1180 5068 1214 5079 -
1253 5039 1303 5092 llS.
1319 5039 1388 5092 llius.
1398 5065 1429 5076 -
1440 5037 1450 5066 ¹
1462 5037 1560 5100 llattb„
1571 5039 1628 5104 cap.
1643 5053 1669 5100 r,
1681 5052 1706 5086 r.
1722 5036 1764 5086 20.
1774 5031 1829 5074 -'
1845 5031 1928 5094 Jfflo
1942 5045 2008 5098 ⁰⁸1³·
2020 5045 2046 5090 ¹·

441 5117 730 5184 'Gotce,cap.rr,v.l
753 5120 944 5189 —⁴Hoecejur
954 5127 1215 5191 moterctVr'ryoper·
1255 5124 1461 5178 r.9.·-⁰lden
1473 5123 1523 5175 tls.
1538 5123 1605 5174 llius.

437 5213 510 5268 poma
523 5201 575 5253 18.
590 5201 655 5255 Eine.
668 5227 702 5243 ·-
715 5205 836 5270 'Ezech.,
847 5222 902 5274 cap.
915 5223 978 5271 xus,
994 5225 1017 5260 r.
1031 5212 1057 5261 2.
1071 5237 1097 5248 -
1110 5209 1215 5272 ‘ltaque
