4536 6102
452 589 522 660 sac
621 536 624 542 ’
1050 585 1179 658 anum
1204 583 1437 658 semesum

450 729 549 802 ribus
565 727 729 800 debuerit
738 726 891 823 erogari,
904 738 959 796 tot
967 747 1142 824 pauperes
1158 737 1198 797 ut
1213 723 1396 798 homicida
1404 723 1585 824 peremit¹‚
1596 747 1688 822 quos
1695 738 1894 798 sustentare
1902 729 2030 826 potuit.

451 847 554 921 Unde
572 847 809 944 Hieronymus
825 849 864 916 in
881 844 1079 942 Epistolum
1095 844 1206 916 Pauli
1218 843 1269 915 ad
1279 849 1480 916 Romanos:
1502 872 1519 912 u
1535 846 1625 914 Nam
1640 843 1671 914 si
1685 841 1815 916 viderit
1829 843 1931 916 illum
1943 844 2032 918 same
2052 877 2055 880 ·

449 968 658 1067 periclitari,
676 991 798 1038 nonne
814 966 890 1064 ipse
906 963 1008 1036 illum
1027 963 1178 1054 occidit,
1201 964 1231 1036 si
1252 963 1302 1036 illi
1318 987 1431 1061 quum
1447 961 1550 1034 affuit
1564 986 1640 1034 non
1656 961 1758 1034 dedit
1772 964 1928 1036 victum?
1948 967 2032 1053 Qui·

448 1112 592 1184 cunque
608 1087 705 1158 enim
720 1087 758 1157 in
771 1084 980 1158 necessitate
995 1107 1202 1156 succurrere
1218 1082 1399 1156 morituris
1412 1095 1544 1180 potest,
1562 1081 1593 1152 si
1608 1105 1684 1152 non
1701 1081 1837 1173 fecerit,
1855 1081 1998 1154 occidit.
2013 1111 2030 1150 u

450 1207 665 1302 Augustinus
680 1221 805 1276 contra
825 1210 995 1276 Farutum
1020 1231 1029 1275 z
1051 1231 1068 1271 u
1087 1208 1210 1300 ltaque
1231 1203 1262 1274 si
1286 1225 1453 1274 occurras
1474 1201 1511 1272 in
1534 1224 1618 1272 eum
1639 1199 1843 1272 famelicum
1862 1202 1925 1298 qui
1944 1204 2033 1274 mori

450 1327 580 1424 possit,
600 1326 668 1397 nisi
685 1325 818 1398 cibum·
828 1323 1047 1423 porrigendo
1063 1322 1271 1412 subvenias,
1286 1323 1361 1419 jam
1377 1335 1417 1394 tu
1431 1319 1616 1394 homicida
1627 1320 1807 1394 teneberis
1821 1320 1899 1418 lege
1913 1323 1991 1412 Dei,
2004 1323 2033 1392 si

453 1471 527 1518 non
544 1445 732 1517 dederis.»
752 1450 824 1516 Leo
840 1468 934 1542 papa
945 1445 981 1514 in
999 1446 1169 1515 Sermone
1181 1439 1332 1514 secundo
1346 1439 1534 1514 dominre
1553 1439 1862 1540 deragesimoe'
1875 1468 1886 1512 :.
1905 1469 1923 1510 u
1934 1441 2034 1528 Quis·

451 1566 531 1662 quis
543 1567 640 1638 enim
655 1563 838 1662 pascendo
850 1563 1036 1634 hominem
1052 1586 1192 1634 servare
1203 1562 1351 1660 poteris,
1369 1562 1399 1634 si
1415 1585 1491 1634 uon
1504 1561 1658 1660 paveris,
1673 1559 1850 1632 occidisti.
1866 1587 1884 1626 u
1904 1557 2034 1631 Nobilis

451 1711 598 1785 quoque
614 1685 754 1782 gentilis
768 1688 920 1772 Seneca,
939 1696 976 1754 et
991 1683 1144 1756 naturali
1162 1681 1331 1782 praeditus
1350 1681 1444 1777 lege,
1467 1681 1539 1754 hoc
1558 1705 1704 1778 quoque
1720 1679 1784 1752 diu
1799 1693 1882 1752 ante
1896 1681 1936 1750 in
1951 1701 2033 1776 pro-

452 1805 583 1878 verbiis
598 1806 671 1876 suis
687 1817 867 1890 sanxerat,
887 1801 1011 1874 dicens
1030 1829 1039 1872 z
1060 1801 1160 1889 «Qui
1175 1824 1383 1872 succrurere
1398 1800 1558 1898 perituro
1575 1812 1713 1896 potest,
1731 1822 1845 1896 quum
1865 1820 1941 1868 non
1957 1819 2032 1867 suc·

453 1923 577 2012 currit,
592 1921 736 1994 occidit.
753 1949 770 1988 u
788 1925 973 2007 Quantum
985 1919 1058 2010 hic,
1078 1921 1217 2008 fratres,
1231 1917 1338 1990 nohis
1353 1915 1553 2015 periculum
1559 1915 1745 2004 indicium,
1757 1916 1788 1987 si
1798 1916 1849 1986 sic
1864 1937 2034 2012 pauperes

454 2041 617 2114 membra
639 2040 770 2112 Christi
795 2040 942 2112 avaritia
964 2053 1088 2110 nostra
1108 2035 1293 2126 interficit,
1317 2037 1392 2108 imo
1417 2037 1535 2134 ipsum
1558 2035 1690 2107 iterum
1711 2034 1748 2105 in
1772 2033 1943 2106 membris
1966 2033 2034 2106 suis

454 2160 635 2233 Christum
660 2158 811 2232 occidit?
833 2164 913 2256 lpse
931 2158 1065 2256 quippe
1088 2157 1134 2228 de
1153 2156 1210 2228 his
1230 2154 1418 2244 omnihus,
1435 2177 1514 2252 quae
1534 2153 1591 2226 his
1611 2152 1829 2252 pauperibus
1847 2150 1955 2242 fiunt,
1974 2176 2034 2250 per

453 2281 686 2378 semetipsum
697 2279 894 2375 loquitur⁸2
909 2306 927 2345 u
939 2276 1047 2364 Quod
1059 2277 1123 2348 uni
1133 2301 1174 2348 ex
1190 2275 1349 2348 minimis
1361 2275 1450 2346 meis
1466 2273 1608 2364 fecistis,
1621 2272 1712 2346 mihi
1727 2272 1871 2346 fecistis.
1886 2300 1905 2340 u
1922 2272 2035 2344 Etiam

453 2400 492 2470 in
508 2398 601 2472 coelo
612 2399 810 2470 consistens
826 2396 1046 2493 persecutori
1056 2420 1122 2467 suo
1139 2394 1281 2482 clamat,
1301 2393 1443 2466 dicens‘
1462 2421 1470 2464 ε
1487 2421 1504 2461 u
1517 2391 1636 2482 Saule,
1650 2391 1769 2482 Saule,
1784 2391 1873 2489 quid
1889 2415 1948 2464 me
1962 2416 2035 2490 per-

454 2518 632 2616 sequeris?
646 2544 664 2584 u
690 2521 768 2614 lpse
784 2529 932 2613 propter
948 2537 1124 2614 pauperes
1140 2538 1225 2586 suos
1239 2511 1350 2586 semel
1366 2513 1504 2584 occisus
1519 2525 1586 2602 est,
1604 2535 1673 2587 nos
1688 2535 1773 2584 eum
1788 2509 1908 2584 adhuc
1922 2511 2035 2608 quoti·

455 2637 514 2710 die
531 2639 568 2708 in
590 2638 675 2736 ipsis
690 2633 908 2734 pauperihus
923 2633 1170 2706 interficimus.
1195 2633 1297 2706 Prior
1311 2633 1386 2728 ejus
1407 2631 1467 2704 illa
1481 2632 1634 2721 occisio,
1655 2655 1720 2730 per
1737 2655 1848 2730 Qum
1862 2630 2035 2728 redempti

454 2781 596 2845 sumus,
616 2755 795 2828 fructuosa
812 2752 918 2827 nobis
942 2754 1025 2844 fuit,
1049 2753 1125 2826 hee
1145 2767 1264 2826 autem
1286 2750 1518 2826 solummodo
1538 2751 1727 2826 damnosa
1750 2751 1912 2850 Suscepit
1931 2749 2034 2822 iudas

454 2897 701 2958 mammonam
716 2874 930 2972 iniquitatis,
954 2888 994 2946 ut
1016 2873 1198 2946 Christum
1217 2873 1387 2945 traderet.
1411 2876 1484 2945 Nos
1499 2894 1746 2945 mammonam
1761 2871 1955 2944 retinentes
1970 2869 2032 2942 ini·

453 2996 610 3092 quitatis,
629 2995 747 3094 ipsum
762 2991 961 3066 interficere
978 3016 1053 3064 non
1069 3015 1262 3066 cessamus.
1280 2996 1495 3064 Accusamus
1511 2991 1662 3081 tudam,
1679 2987 1780 3088 quod
1796 3013 1880 3062 eum
1892 3002 2035 3087 propter

455 3116 645 3213 pecuniam
665 3111 776 3186 semel
799 3111 960 3184 tradidit.
989 3115 1070 3183 Non
1091 3133 1299 3184 accusamus
1321 3133 1411 3199 nos,
1433 3108 1534 3207 quod
1553 3133 1619 3209 per
1633 3109 1794 3208 pecuniae
1807 3106 2034 3207 cupiditatem

438 3260 539 3326 eum
559 3234 722 3332 quotidie
748 3234 850 3331 quasi
878 3233 1009 3304 iterum
1032 3229 1278 3326 crucifigentes
1306 3227 1552 3302 interficimus.
1581 3227 1864 3318 Transferamus,
1895 3225 2032 3314 fratres,

453 3356 562 3430 istam
590 3377 837 3427 mammonam
861 3331 1057 3448 iniquitatis
1082 3351 1120 3423 in
1144 3371 1391 3422 mammonam
1410 3349 1584 3446 equitatis
1599 3363 1707 3446 atque
1718 3346 1884 3444 justitia,
1907 3345 1954 3418 de
1969 3367 2036 3443 qua

337 3473 344 3482 '
455 3474 628 3570 scriptum
641 3475 713 3544 est⁸
732 3498 740 3543 ε
762 3499 781 3540 u
795 3469 985 3567 Dispersit,
1004 3467 1105 3540 dedit
1119 3466 1354 3567 pauperihus,
1370 3467 1507 3563 justitia
1521 3468 1596 3563 ejus
1612 3480 1735 3542 manet
1751 3465 1789 3538 in
1808 3464 1970 3538 seculum
1982 3487 2035 3535 se·

455 3592 539 3664 culi.
553 3619 572 3659 u
599 3591 663 3664 llla
682 3605 735 3663 est
754 3571 962 3694 mammona
977 3588 1165 3687 aequitatis,
1183 3586 1221 3659 id
1236 3601 1291 3660 est
1304 3586 1458 3688 pecunia
1468 3587 1630 3683 justitiae,
1648 3609 1759 3684 quam
1773 3584 1887 3658 virtus
1897 3583 2036 3682 justitie

318 3711 320 3719 '
455 3709 608 3784 fideliter
623 3709 818 3809 dispensat,
835 3709 928 3782 sicut
942 3707 1002 3780 illa
1016 3722 1071 3780 est
1085 3706 1294 3805 iniquitatis,
1310 3729 1420 3804 quam
1435 3705 1589 3778 avaritie
1603 3703 1794 3778 defraudat
1807 3703 1987 3801 iniquitas.

475 3901 479 3908 ,
505 3834 556 3900 Ne
571 3827 720 3927 putetis,
737 3827 879 3916 fratres,
897 3851 1010 3924 quum
1026 3825 1102 3898 haec
1117 3823 1334 3924 pauperihus
1350 3823 1569 3923 impenditis,
1587 3847 1654 3896 vos
1665 3823 1716 3896 eis
1726 3836 1843 3895 vestra
1858 3820 1959 3911 dare,
1975 3819 2036 3894 sed

456 3973 520 4022 sua
540 3946 703 4020 reddere.
733 3945 917 4045 Quidquid
929 3945 1037 4018 enim
1061 3969 1171 4043 supra
1192 3942 1390 4016 necessaria
1403 3944 1485 4016 vitas
1506 3942 1683 4034 retinetis,
1703 3943 1865 4041 ipsorum
1881 3953 1983 4028 sunt,
2002 3953 2036 4010 et

455 4094 520 4167 per
535 4069 699 4166 rapinam
715 4090 779 4138 sua
790 4067 965 4138 violenter
984 4065 1201 4164 occupastis,
1220 4062 1352 4162 quibus
1370 4061 1497 4135 ablatis
1512 4087 1576 4135 ecs
1595 4059 1806 4136 interficitis.
1830 4059 1935 4132 Unde
1950 4062 2035 4132 Gre-

456 4185 576 4285 gorius
603 4188 640 4259 in
661 4185 861 4258 Pastoruli⁸
881 4213 889 4256 ε
911 4213 928 4255 u
939 4190 1034 4274 Ea,r
1055 4183 1193 4282 inquit,
1223 4211 1241 4251 r
1255 4181 1302 4254 de
1317 4206 1390 4281 qua
1406 4183 1541 4282 sumpti
1557 4196 1661 4271 suut,
1678 4182 1816 4256 cunctis
1831 4178 2037 4252 hominihus

456 4324 548 4381 terra
567 4307 769 4380 communis
785 4322 851 4395 est,
868 4320 905 4378 et
922 4305 1057 4378 idcirco
1073 4305 1243 4390 alimenta
1255 4327 1401 4402 quoque
1415 4303 1656 4376 communiter
1671 4301 1842 4376 omnihus
1856 4299 2004 4401 profert.
2017 4327 2035 4364 c

365 4457 368 4463 ’
454 4435 637 4503 incassum
662 4451 700 4500 se
720 4451 806 4522 ergo
828 4427 1039 4498 innocentes
1064 4438 1212 4523 putant,
1239 4423 1303 4521 qui
1325 4446 1519 4495 commune
1535 4423 1602 4496 Dei
1624 4446 1756 4496 munus
1780 4419 1849 4494 sihi
1872 4418 2036 4519 privatim

456 4549 659 4637 vindicant,
687 4547 750 4645 qui
769 4571 884 4643 quum
905 4559 1052 4644 accepta
1072 4569 1147 4618 non
1170 4542 1350 4633 trihutmt,
1377 4543 1414 4614 iu
1441 4542 1688 4643 proximorum
1711 4565 1800 4614 nece
1818 4553 2034 4638 grassantur.

456 4672 546 4740 Nam.
566 4693 679 4762 quum
698 4665 865 4764 quaelibet
885 4665 1084 4740 raecessaria
1106 4661 1376 4760 indignantibus
1393 4662 1656 4752 ministramus,
1674 4685 1738 4736 sua
1754 4659 1822 4734 illis
1838 4659 2036 4746 reddimus,

456 4813 531 4860 non
544 4807 666 4862 nostra
681 4785 864 4884 largimur.
881 4786 1028 4858 Justitiae
1039 4785 1160 4884 potius
1170 4782 1334 4856 debitum
1342 4781 1529 4872 solvimus,
1543 4807 1654 4882 quam
1667 4777 1919 4856 misericordiae
1929 4799 2038 4877 opera

491 5011 694 5076 ‘Pereamiid
711 5009 782 5063 sub.
801 5036 834 5048 -
854 5008 903 5062 ²8.
921 5010 1010 5064 Leonis
1028 5008 1109 5078 magni
1132 5009 1227 5075 Opera,
1268 5006 1493 5060 uturum.
1507 4998 2036 5072 u,r.a.-·1²ua111.c·r·1xu⁰re·

457 5094 524 5148 stud.
532 5095 560 5146 P.
571 5095 619 5146 Th.
629 5095 752 5154 Caeciari,
762 5094 861 5158 Rome,
875 5097 947 5159 itta,
957 5095 1049 5156 irs-iol„
1059 5111 1085 5162 p.
1095 5094 1120 5156 t,
1130 5111 1156 5162 p.
1170 5095 1228 5146 888·
1268 5101 1288 5145 t.
1300 5091 1323 5144 11
1332 5129 1340 5154 ,
1349 5091 1398 5144 ccl.
1410 5093 1454 5142 ⁰8.

457 5175 616 5241 -,⁵ttutt.,
627 5190 683 5245 cap.
697 5193 756 5242 xxv,
773 5192 797 5228 v.
814 5175 985 5229 itm-⁴101.
1002 5177 1099 5241 ΔΜ,
1116 5191 1171 5243 cap.
1189 5192 1229 5238 rx,
