4522 6102
1026 958 1345 1060 uersuum
1395 959 1456 1084 v,

760 1241 834 1298 OUAE
858 1241 915 1288 ttst
940 1239 1146 1287 RESCRIPTUM
1173 1240 1272 1288 PBTRl
1296 1238 1418 1287 tunsus
1439 1240 1484 1286 at)
1507 1237 1704 1286 trstotsstu.

1100 1473 1359 1526 ancutmuruu.

443 1629 563 1694 Quatuor
583 1627 728 1698 capitibus,
747 1633 840 1700 quibus
857 1645 939 1684 totam
955 1630 1122 1682 novissimam
1138 1631 1260 1682 Heloissn
1273 1629 1408 1700 epistolam
1422 1639 1540 1681 constare
1552 1627 1630 1693 dicit,
1651 1641 1740 1698 argute
1752 1629 1891 1700 respondet
1908 1631 2021 1682 Abalar·

478 1709 546 1772 dus,
559 1709 772 1778 singulorumque
785 1710 898 1762 rationes
909 1708 1085 1781 prosequitur,
1096 1725 1152 1761 non
1165 1723 1217 1760 tam
1230 1720 1260 1760 ut
1271 1707 1382 1778 seipsum
1396 1719 1518 1772 excuset,
1530 1723 1608 1776 quam
1621 1719 1650 1758 ut
1662 1708 1744 1778 ipsam
1763 1707 1873 1772 doceat,
1893 1709 2018 1774 ltortemr,

477 1799 502 1838 et
514 1786 663 1838 consoletur
669 1787 822 1840 Heloissam.
837 1789 925 1841 Primo
938 1786 1044 1858 quidem
1056 1787 1184 1838 rationem
1195 1787 1287 1860 ponit,
1300 1805 1352 1855 qua
1363 1787 1391 1838 in
1403 1785 1540 1856 postremis
1550 1784 1641 1838 litteris
1654 1787 1706 1838 suis
1719 1804 1815 1838 nornen
1828 1791 1882 1858 ejus
1894 1806 1941 1840 suo
1953 1807 2019 1858 pre·

476 1866 603 1934 posuerit.
618 1864 757 1930 Secundo,
770 1866 842 1936 quod
856 1885 964 1919 suorum
976 1868 1154 1937 periculorum
1167 1878 1192 1919 et
1204 1866 1295 1919 mortis
1308 1865 1464 1918 mentionem
1478 1863 1575 1934 egerit,
1587 1883 1614 1916 se
1626 1865 1659 1915 ab
1670 1883 1700 1916 ea
1713 1863 1861 1935 adjuratum
1874 1865 1960 1918 fecisse
1972 1885 2019 1918 ex·

476 1943 562 2013 ponit.
576 1943 690 1998 Tertium
704 1943 737 1996 de
755 1945 865 1998 laudum
878 1963 982 1998 suarum
999 1945 1139 2014 rejectione
1155 1946 1286 2017 approbat
1302 1965 1308 1998 z
1322 1943 1406 1996 modo
1423 1943 1451 1996 id
1469 1944 1568 1995 ducere
1586 1955 1611 1995 et
1629 1943 1683 1994 sine
1703 1943 1788 1996 laudis
1807 1943 1853 1998 lint
1865 1943 2014 2016 cupiditate.

474 2023 576 2088 Quarto
591 2022 624 2074 de
638 2041 684 2074 sua
696 2024 829 2094 utriusque
841 2025 1017 2077 conversionis
1030 2024 1166 2077 occasione
1179 2023 1213 2076 ad
1227 2024 1307 2076 vitam
1320 2023 1490 2075 monasticam
1509 2023 1590 2074 fusius
1604 2023 1778 2093 prosequitur.
1793 2024 1898 2094 Plagam
1916 2026 1942 2076 in
1959 2043 2016 2076 cor·

474 2102 545 2171 poris
564 2104 603 2153 sui
625 2103 693 2154 foeda
713 2117 803 2174 parte,
821 2121 900 2172 quam
917 2102 962 2155 illa
978 2104 1131 2174 plangebat,
1146 2104 1182 2156 sic
1193 2115 1315 2156 extenuat
1327 2141 1335 2167 ‚
1348 2113 1377 2154 ut
1395 2120 1453 2154 eam
1476 2101 1578 2171 utrique
1596 2102 1809 2168 saluberrimam,
1830 2117 1855 2156 et
1875 2106 2016 2157 multorum
2070 2133 2076 2138 ·

472 2181 605 2232 bonorum
619 2199 723 2236 causam
734 2201 788 2235 esse
798 2183 962 2253 profiteatur,
975 2183 1171 2254 comparatione
1182 2182 1298 2252 turpium
1310 2179 1426 2253 ejusdem
1439 2179 1570 2252 pudendae
1582 2179 1663 2251 partis
1674 2194 1792 2234 actorum
1805 2194 1898 2250 :atque
1908 2199 1967 2234 eam
1982 2185 2017 2235 ob

472 2277 528 2310 rem
541 2259 656 2313 divinam
671 2261 772 2312 extollit
784 2261 937 2332 sapientiam
950 2273 975 2312 et
988 2261 1161 2314 clementiam.
1173 2261 1258 2313 Multa
1272 2260 1388 2329 denique
1399 2259 1495 2332 passim
1506 2272 1643 2330 ponuntur
1653 2259 1688 2312 ad
1700 2259 1846 2312 doctrinam
1859 2273 1884 2312 et
1896 2261 2016 2315 exhorta·

473 2340 572 2392 tionem
584 2355 661 2411 atque
674 2342 879 2394 consolationem
893 2343 1025 2394 Heloisse.
1039 2343 1150 2395 Ponitur
1161 2355 1186 2395 et
1196 2343 1282 2395 brevis
1302 2341 1386 2395 oratio
1403 2359 1455 2410 qua
1473 2341 1607 2394 monache
1627 2341 1814 2410 paracletenses
1833 2340 1970 2393 Abaelardo
1990 2355 2016 2393 et

473 2418 598 2472 Heloissae
606 2421 690 2472 Deum
702 2421 884 2490 propitiarent.

964 2575 1083 2652 Sponsa
1098 2573 1214 2635 Christi
1228 2591 1330 2635 servus
1343 2573 1485 2653 ejusdem.

484 2743 524 2808 ln
544 2755 709 2834 quatuor,
725 2741 890 2828 memini,
908 2741 1000 2810 circa
1014 2765 1091 2836 quae
1105 2745 1195 2810 tota¹
1215 2741 1371 2838 epistolae
1384 2757 1451 2812 tuae
1466 2741 1664 2812 novissimae
1682 2763 1820 2810 summa
1838 2740 2008 2828 consistit,

437 2858 578 2930 offensae
601 2875 668 2932 tuae
689 2861 988 2932 commotionem¹
1002 2861 1213 2958 expressisti.
1230 2862 1348 2932 Primo
1368 2860 1513 2957 quidem
1528 2884 1635 2958 super
1654 2859 1725 2928 ho'c
1747 2859 1973 2954 conquereris
1984 2861 2006 2944 ⁸,

434 2978 532 3072 quod
554 2994 679 3078 praeter
701 2981 996 3053 consuetudinem
1016 2980 1264 3078 epistolarum,
1291 2982 1364 3051 imo
1389 2981 1496 3051 etiarn
1518 2993 1642 3050 contra
1668 2979 1785 3074 ipsum
1814 2977 2007 3048 naturalem

432 3098 616 3170 ordinem‘
638 3125 773 3188 rerum,
794 3101 942 3198 epistola
963 3115 1083 3172 nostra
1106 3101 1169 3172 tibi
1192 3100 1325 3171 directa
1340 3116 1384 3186 te
1410 3100 1497 3170 mihi
1519 3099 1556 3168 in
1575 3097 1784 3168 salutatione
1802 3100 2004 3195 praeposuit.

433 3217 619 3305 Secundo,
643 3218 742 3313 quod
760 3243 871 3313 quum
892 3218 992 3288 vobis
1011 3217 1268 3288 consolationis
1283 3220 1401 3315 potius
1421 3217 1619 3288 remedium
1637 3215 1761 3286 afferre
1783 3215 2004 3304 debuissem,

432 3334 687 3405 desolationem
713 3336 813 3424 auxi,
841 3351 875 3407 et
896 3360 984 3431 quas
1007 3336 1166 3430 mitigare
1192 3335 1383 3406 debueram
1409 3336 1582 3432 lacrymas
1605 3335 1769 3422 excitavi,
1794 3333 1883 3403 illud
1910 3334 2006 3404 vide·

432 3453 513 3524 licet
525 3453 657 3525 ibidem
671 3453 868 3550 adjungens
885 3483 892 3524 :
913 3454 1051 3541 «Quod
1064 3455 1164 3524 sime
1182 3456 1356 3526 Dominus
1368 3456 1406 3525 in
1421 3479 1547 3526 manus
1562 3455 1787 3524 inimicorum
1801 3451 2003 3536 tradiderit,

433 3587 471 3642 ut
487 3597 545 3643 me
559 3573 688 3644 scilicet
706 3574 935 3669 praevalentes
955 3573 1189 3662 interficiant,
1210 3589 1278 3644 etc.
1297 3602 1315 3640 u
1336 3575 1453 3644 Tertio
1472 3597 1557 3644 vero
1574 3588 1728 3644 veterem
1752 3571 1848 3641 illam
1868 3587 1902 3642 et
1920 3573 2004 3642 assi·

431 3693 538 3764 duam
556 3692 735 3788 querelam
755 3708 851 3764 tuam
866 3693 904 3763 in
916 3697 1031 3764 Deum
1046 3693 1224 3788 adjecisti,
1241 3693 1287 3763 de
1298 3694 1410 3764 modo
1425 3692 1589 3764 videlicet
1599 3707 1727 3763 nostrae
1741 3693 1983 3762 conversionis
1996 3697 2006 3729 ⁸

430 3813 475 3884 ad
489 3819 622 3901 Derim,
644 3829 679 3884 et
695 3813 901 3885 crudelitate
918 3813 1130 3911 proditionis
1143 3812 1254 3884 illius⁸
1272 3813 1308 3883 in
1328 3838 1386 3884 me
1404 3813 1612 3883 commissae.
1634 3811 1795 3906 Denique
1815 3812 2006 3882 accusatio·
2048 3881 2052 3888 ,

429 3958 510 4004 nem
525 3935 576 4005 tui
588 3950 710 4005 contra
728 3949 888 4005 nostram
902 3935 938 4004 in
952 3948 986 4004 te
1000 3933 1142 4004 laudem
1157 3933 1373 4032 opposuisti,
1391 3957 1466 4003 non
1480 3956 1563 4003 cum
1577 3931 1834 4029 supplicatione
1847 3929 2001 4018 modica,

428 4077 473 4122 ne
497 4052 533 4122 id
560 4052 727 4150 deinceps
752 4077 1014 4151 praesumerem.
1037 4052 1174 4138 Quibus
1197 4050 1342 4147 quidem
1364 4049 1508 4146 singulis
1530 4049 1722 4121 rescribere
1742 4049 1901 4136 decrevi,
1927 4074 2003 4120 non

428 4186 498 4241 tam
513 4197 579 4268 pro
593 4174 819 4244 excusatione
831 4196 927 4259 men,
944 4194 1052 4267 quarn
1066 4195 1133 4268 pro
1147 4169 1310 4240 doctrina
1321 4168 1377 4240 vel
1391 4169 1637 4240 exhortatione
1654 4183 1730 4256 tua;
1753 4183 1792 4238 ut
1810 4191 1852 4239 eo
1871 4167 2003 4238 scilicet

424 4292 590 4363 libentius
608 4289 837 4391 petitionibus
854 4293 1022 4362 assentias
1044 4292 1192 4378 nostris,
1215 4315 1288 4386 quo
1309 4313 1368 4360 eas
1386 4287 1628 4361 rationabilius
1647 4287 1752 4359 iactas
1769 4285 2004 4375 intellexeris,

423 4428 458 4482 et
471 4428 570 4484 tanto
589 4437 646 4484 me
661 4413 812 4511 amplius
829 4411 997 4482 exaudias
1013 4411 1050 4480 in
1069 4411 1158 4500 tuiS,
1180 4423 1314 4506 quanto
1329 4408 1640 4507 reprehensibilem
1656 4408 1773 4478 minus
1789 4407 1947 4479 invenies
1965 4407 2002 4477 in

423 4534 528 4622 meis3
558 4549 730 4630 tantoque
763 4532 914 4629 amplius
943 4531 1093 4602 verearis
1120 4544 1368 4619 contemnere,
1398 4545 1533 4626 quanto
1562 4530 1678 4598 minus
1702 4527 1831 4598 videris
1854 4528 2000 4623 dignum

424 4651 730 4758 reprehensique⁷.

470 4773 523 4838 De
542 4771 618 4867 ipso
636 4785 755 4840 autem
776 4784 906 4840 nostras
928 4768 1166 4856 salutationiS,
1193 4783 1232 4837 ut
1250 4767 1357 4856 dicis,
1382 4767 1507 4838 ordine
1524 4782 1759 4865 prepostero,
1783 4767 1883 4863 juxta
1902 4783 1999 4838 tuam

454 4993 461 5018 ¹
479 4991 520 5041 Sic
538 4993 605 5043 tue.
616 5019 633 5030 -
645 4995 703 5043 Tota
717 4994 786 5044 deest
800 4993 901 5043 inlidit.
915 5021 945 5030 -·
958 4991 968 5018 ¹
981 4995 1062 5055 Gutpoe
1074 5004 1123 5042 uroe
1136 4997 1193 5043 ‹tul-
1227 5019 1254 5028 -
1270 4993 1280 5020 ⁵
1295 4995 1485 5044 conuersationis
1505 4991 1553 5042 MS.
1572 4991 1644 5042 Amb.
1660 5002 1684 5042 et
1701 4991 1730 5041 l).
1744 5017 1773 5028 ·-
1785 4991 1796 5019 ⁸
1812 4995 1916 5054 Perfidia
1935 4997 2000 5044 illius

420 5081 521 5126 cunmoe
532 5078 683 5140 offensionem
701 5076 773 5128 illis.
787 5105 814 5114 -
829 5077 839 5104 ¹
856 5079 1005 5139 θοιιᾳιονειιι
1015 5075 1064 5126 ΑΒ.
1073 5101 1091 5114 ·
1101 5077 1193 5128 Gesse-
1225 5077 1451 5136 inlaudabilis·
1467 5076 1476 5103 ¹
1492 5077 1666 5138 Objuryats'one
1679 5075 1750 5128 utts.

418 5173 492 5218 quens
507 5158 677 5225 Dperperam.
689 5189 717 5198 -
729 5160 739 5186 ⁴
753 5161 902 5211 Communem
916 5172 1012 5210 naturoe
1028 5165 1099 5209 rtrum
1119 5159 1189 5209 illis.
