4522 6102
484 609 530 676 82
911 611 1037 681 PETRl
1066 609 1298 680 ABAELARDI
1325 609 1380 679 ΕΤ
1405 608 1629 678 HELOlSSAE

484 771 636 847 quarum
653 763 724 822 tam
744 749 955 821 abstinentia
967 773 1076 846 φιιηι
1095 749 1314 820 continentia
1328 753 1405 822 Deo
1425 761 1559 820 sacrata
1576 761 1713 844 quanto
1729 748 1796 846 ipsi
1810 750 1943 844 gratior
1953 751 2058 822 habe·

485 885 562 958 tur,
580 883 678 940 tanto
696 871 811 966 ipsum
831 870 1064 967 propitiorem
1088 869 1256 940 inveniet.
1279 872 1321 938 Et
1333 867 1494 966 plerique
1512 866 1667 940 fortassis
1684 865 1816 936 horum
1829 868 1891 964 qni
1906 869 2058 941 suscitati

483 1004 577 1077 sunt,
599 1011 664 1058 uec
682 986 804 1059 fideles
823 989 1035 1079 extiterunt,
1057 989 1148 1059 sicut
1169 1011 1235 1060 nec
1256 988 1363 1060 vidua
1380 987 1589 1085 praedicta¹‚
1619 987 1676 1057 cui
1699 1009 1773 1057 non
1791 989 1930 1084 roganti
1947 987 2059 1060 filium

483 1109 657 1179 Dominus
670 1109 871 1199 suscitavit,
893 1109 1006 1182 fidelis
1029 1110 1183 1181 extitisse
1196 1109 1334 1206 legitur.
1356 1113 1428 1182 Nos
1441 1123 1561 1180 autem
1578 1108 1731 1179 invicem
1756 1131 1830 1178 non
1843 1109 1960 1180 solnm
1977 1109 2060 1182 fidei

482 1229 622 1327 colligat
644 1231 850 1327 integritas,
877 1255 1001 1304 verum
1023 1233 1130 1303 etiam
1144 1231 1304 1327 ejusdem
1329 1229 1508 1327 religionis
1530 1230 1703 1328 professio
1731 1230 1853 1302 sociat.
1876 1233 1922 1302 Ut
1942 1247 2059 1303 autem

481 1365 745 1421 sacrosanctum
760 1350 899 1447 collegii
917 1352 1023 1422 vestri
1037 1375 1134 1422 nunc
1151 1351 1314 1422 omittam
1334 1364 1572 1438 conventum,
1592 1350 1631 1420 in
1652 1373 1726 1444 quo
1742 1348 1974 1447 plurimarum
1990 1351 2058 1420 vir·
2079 1352 2087 1364 '

481 1470 857 1567 ginumacviduarum
870 1473 1013 1544 devotio
1027 1473 1184 1544 Domino
1193 1472 1324 1571 jugiter
1341 1471 1514 1560 deservit,
1536 1469 1582 1542 ad
1601 1483 1635 1542 te
1655 1493 1764 1541 unam
1775 1471 1941 1560 veniam,
1961 1471 2060 1566 cujus

481 1592 577 1688 apud
590 1595 707 1662 Deum
726 1593 948 1664 sanctitatem
967 1593 1161 1691 plurimum
1182 1617 1255 1664 non
1275 1591 1418 1689 ambigo
1437 1616 1559 1690 posse,
1575 1605 1610 1662 et
1623 1615 1701 1688 quae
1714 1605 1817 1690 potes
1835 1591 1922 1660 milri
1939 1593 2059 1688 praeci·

481 1739 550 1808 pue
565 1712 708 1802 debere,
729 1715 882 1786 maxime
896 1720 1014 1787 nunc¹
1030 1717 1067 1788 in
1086 1729 1192 1787 tantae
1208 1713 1428 1788 adversitatis
1445 1713 1621 1784 laboranti
1640 1712 1855 1783 discrimine.
1882 1715 2060 1784 Memento

481 1837 599 1930 itaque
613 1857 754 1933 semper
771 1835 808 1905 in
822 1834 1044 1907 orationibus
1066 1837 1134 1907 tuis
1153 1835 1248 1931 ejus,
1269 1835 1351 1931 qui⁸
1368 1833 1565 1934 specialiter
1584 1849 1637 1905 est
1656 1848 1756 1922 tuus,
1776 1847 1811 1904 et
1831 1845 1930 1904 tanto
1950 1833 2061 1904 conli-

482 1952 622 2023 dentius
632 1955 668 2024 in
678 1955 840 2026 oratione
852 1954 970 2052 vigila,
984 1969 1121 2052 quanto
1134 1953 1171 2025 id
1180 1979 1257 2025 esse
1272 1953 1334 2024 tibi
1348 1953 1573 2050 recognoscis
1581 1952 1721 2049 justius,
1736 1968 1772 2024 et
1784 1951 1833 2023 ob
1842 1951 1914 2022 hoc
1925 1951 1991 2050 ipsi
2000 1955 2062 2049 qui

481 2071 639 2145 «arandus
666 2088 720 2146 est
737 2073 999 2174 acceptabilius.
1023 2076 1180 2163 Exaudi,
1202 2073 1372 2164 obsecro,
1403 2071 1645 2162 aure'cordis,
1667 2071 1766 2170 quod
1784 2071 1909 2170 saepius
1934 2069 2062 2142 audisti

470 2217 565 2264 aure
589 2195 762 2292 corporis.
793 2197 970 2293 Scriptum
993 2211 1046 2267 est
1065 2197 1102 2265 in
1126 2194 1366 2265 Proverbri's‘:
1394 2223 1412 2260 a
1432 2191 1558 2264 Mulier
1581 2191 1730 2288 diligens
1748 2215 1882 2262 corona
1909 2204 1958 2262 est
1987 2193 2061 2261 viro

480 2338 557 2384 suo.
576 2343 592 2380 >t
615 2319 659 2386 Et
678 2321 839 2387 rursum“
857 2343 864 2386 :
883 2345 900 2385 u
916 2319 986 2402 Qui
1005 2317 1141 2387 invenit
1160 2315 1346 2386 mulierem
1367 2315 1522 2402 bonam,
1546 2313 1682 2384 invenit
1693 2311 1853 2399 bonum,
1874 2326 1909 2382 et
1926 2309 2062 2383 hauriet

477 2435 737 2527 jucunditatem
755 2461 775 2506 a
793 2437 963 2508 Domino.
981 2465 997 2503 u
1016 2441 1057 2507 lit
1076 2437 1221 2508 iterum:
1242 2465 1258 2502 ιι
1273 2439 1409 2505 Domus
1423 2450 1459 2506 et
1471 2433 1601 2505 divitiae
1620 2431 1752 2503 dantur
1769 2429 2026 2528 aparentibus,
2043 2457 2061 2501 a

480 2555 637 2624 Domino
665 2569 784 2626 autem
810 2557 956 2653 proprie
981 2579 1072 2626 uxor
1089 2553 1259 2653 prudens.
1280 2583 1296 2620 u
1317 2557 1361 2625 Et
1384 2553 1421 2624 in
1439 2553 1720 2623 Ecclesiasttbo⁸:
1745 2549 1934 2620 «Mulieris
1960 2548 2063 2621 bonae

480 2669 605 2743 beatus
629 2673 692 2742 vir.
712 2702 729 2739 u
750 2677 794 2744 Et
806 2688 887 2770 post
900 2677 1055 2772 pauca⁷t
1075 2679 1192 2744 «Pars
1210 2673 1325 2762 bona,
1343 2672 1470 2744 mulier
1488 2670 1596 2742 bona.
1613 2699 1630 2736 a
1647 2673 1690 2740 Et
1705 2671 1805 2764 juxta
1818 2669 2063 2740 auctoritatem

480 2789 738 2888 apostolicam⁸,
757 2819 774 2858 u
786 2791 1030 2863 Sanctificatus
1040 2807 1094 2862 est
1102 2793 1156 2863 vir
1169 2790 1321 2863 infidelis
1334 2817 1398 2889 per
1412 2790 1595 2862 mulierem
1605 2788 1759 2860 fidelem.
1772 2817 1789 2854 n
1802 2788 1910 2882 Cujus
1918 2787 2063 2884 quidem

480 2911 529 2982 rai
545 2911 827 3009 experimentum
851 2912 887 2980 in
912 2935 1021 3008 regno
1044 2913 1219 3008 praecipue
1240 2923 1383 3000 nostro,
1406 2908 1513 2981 idest
1535 2913 1772 2995 Francorum,
1794 2904 1913 2977 divina
1932 2909 2065 3004 specia-

478 3026 576 3099 liter'
594 3029 753 3100 exhibuit
771 3031 900 3126 gratia,
921 3054 1035 3126 quum
1053 3029 1098 3100 ad
1119 3031 1319 3101 orationem
1337 3028 1501 3100 videlicet
1526 3027 1644 3098 uxoris
1662 3025 1773 3123 magis
1790 3048 1898 3122 quam
1917 3024 1963 3096 ad
1986 3049 2065 3097 san-

476 3163 619 3219 ctorum
638 3149 927 3246 praedicationem
941 3153 978 3238 ¹⁰,
1000 3148 1183 3219 Clodoveo
1212 3174 1293 3245 rege
1321 3149 1367 3218 ad
1397 3148 1504 3219 fidem
1529 3146 1658 3218 Christi
1684 3169 1877 3238 convers0,
1916 3171 2064 3243 regnum

480 3266 529 3334 sic
554 3267 759 3336 universum
778 3266 907 3336 divinis
925 3265 1061 3362 legibus
1083 3267 1396 3364 mancipaverunt,
1422 3281 1460 3336 ut
1483 3265 1646 3363 exemplo
1670 3265 1821 3335 maxime
1841 3265 2064 3363 superiorum

481 3381 527 3453 ad
551 3384 723 3455 orationis
735 3389 752 3422 ¹¹
771 3385 972 3456 instantiam
985 3389 1009 3423 ¹²
1022 3385 1206 3456 inferiores
1232 3401 1524 3483 provocarentur.
1556 3381 1608 3456 Ad
1630 3407 1738 3482 quam
1762 3383 1908 3481 quidem
1933 3385 2066 3456 instan-

482 3503 566 3572 tiam
581 3501 842 3573 dominicanos
856 3502 1085 3574 vehementer
1102 3504 1254 3575 invitans
1271 3503 1462 3602 parabola:
1481 3534 1499 3573 u
1510 3503 1585 3594 llle,
1597 3534 1614 3571 u
1629 3503 1783 3600 iuquit”,
1797 3535 1815 3571 u
1827 3504 1856 3574 si
1865 3527 2066 3602 persevera-

482 3621 570 3692 verit
587 3620 752 3719 pulsans,
775 3621 856 3693 dico
874 3621 977 3694 vobis
997 3622 1080 3719 quia
1096 3625 1212 3694 sinon
1227 3620 1429 3696 dabiteieo
1445 3623 1544 3721 quod
1564 3623 1809 3694 amicusillius
1832 3624 1895 3713 sit,
1919 3638 2065 3721 propter

481 3739 745 3838 improbitatem
760 3741 835 3836 ejus
845 3765 992 3838 surgens
1002 3737 1100 3812 dabit
1114 3741 1146 3813 ei
1158 3757 1336 3840 quotquot
1349 3741 1456 3814 habet
1468 3744 1696 3815 necessarios.
1709 3771 1726 3807 n
1738 3743 1788 3811 Ex
1801 3739 1870 3812 hac
1883 3739 2062 3839 profecto,

483 3858 584 3928 atita
603 3857 734 3948 dicam,
755 3859 926 3930 orationis
944 3859 1190 3959 improbitate,
1210 3861 1300 3933 sicut
1317 3887 1424 3960 supra
1448 3863 1611 3952 memini,
1632 3865 1771 3956 Moyses
1789 3859 1916 3931 divinae
1926 3859 2068 3955 justitiae

484 3977 706 4048 severitatem
727 3980 907 4051 enervavit
918 3983 950 4068 ¹⁸,
966 3995 1002 4050 et
1019 3982 1229 4053 sententiam
1250 3983 1462 4054 immutavit.
1486 3981 1606 4069 Nosti,
1630 3979 1875 4069 dilectissima,
1892 3991 2067 4076 quantum

484 4092 661 4166 charitatis
679 4094 844 4167 affectum
863 4099 1054 4194 presentiae
1074 4123 1161 4170 meve
1183 4117 1380 4172 conventus
1393 4099 1478 4171 olim
1503 4116 1618 4171 vester
1639 4101 1676 4170 in
1693 4099 1856 4170 oratione
1875 4095 1998 4168 solitus
2024 4099 2069 4167 sit

484 4213 662 4286 exhibere.
681 4215 733 4285 Ad
752 4214 989 4313 expletionem
1006 4241 1162 4314 namque
1180 4219 1340 4315 quotidie
1359 4220 1576 4317 singularum
1595 4219 1766 4290 horarum
1787 4213 1976 4316 specialem
1999 4239 2067 4314 pro

485 4357 543 4406 me
562 4335 719 4406 Domino
741 4333 1036 4433 supplicationem
1058 4336 1151 4408 hauc
1169 4337 1296 4410 offerre
1323 4342 1526 4428 consuevit,
1558 4354 1596 4410 ut
1619 4361 1790 4435 responso
1815 4336 1963 4434 proprio
1984 4359 2067 4406 utrm

484 4477 587 4523 versu
606 4455 681 4550 ejus
699 4455 886 4553 praemissis
905 4471 940 4526 et
959 4455 1172 4546 decantatis,
1195 4483 1318 4555 preces
1331 4459 1387 4529 his
1401 4475 1436 4530 et
1453 4459 1638 4531 collectam
1652 4457 1688 4527 in
1702 4456 1801 4526 hunc
1813 4453 1964 4526 modum
1978 4453 2068 4524 sub-

480 4571 669 4669 jungeret:
693 4575 926 4672 Responsum.
953 4605 970 4642 a
985 4577 1064 4646 Non
1084 4598 1142 4647 me
1159 4575 1400 4676 derelinquas,
1426 4602 1492 4649 nec
1511 4576 1671 4650 discedas
1692 4599 1713 4648 a
1734 4599 1810 4664 me,
1836 4573 1991 4644 Domine
1999 4577 2030 4640 ¹⁸.
2048 4603 2065 4640 u

485 4695 625 4763 Versus.
646 4721 663 4759 κ
682 4697 719 4762 [ιι
738 4693 954 4789 adjutorium
966 4717 1087 4766 meum
1101 4721 1241 4794 semper
1255 4697 1411 4785 intende,
1428 4698 1581 4769 Domine
1593 4699 1623 4768 ¹⁶.
1639 4725 1656 4762 a
1675 4699 1810 4767 Preces.
1829 4723 1846 4762 u
1860 4693 2003 4764 Salvum
2017 4691 2070 4762 iac

519 4949 617 5012 ¹Luc.,
636 4964 693 5015 cap.
718 4966 764 5008 vu,
790 4966 812 5000 ι.
841 4949 995 5002 rt.-’Stc
1015 4950 1165 5004 b.-Nune
1187 4953 1256 5003 duest
1288 4957 1526 5022 cap.rrt,v.ll.-
1542 4941 2071 5016 ·aroeupuetttts.-¹⁰causonatttts.

484 5030 508 5080 in
537 5030 719 5082 Edit—‘Es
741 5036 849 5083 omnibru
870 5031 941 5085 attS.
959 5033 1112 5094 -‘Prov.,
1131 5051 1186 5102 cap.
1207 5049 1254 5098 ιιι,
1289 5037 1352 5074 -“
1366 5041 1404 5090 Ad
1418 5043 1533 5090 orationis
1544 5037 1631 5086 desunt
1641 5036 1666 5085 in
1679 5027 2005 5100 God.Dperperam.-⁴’
2018 5029 2070 5078 Vim

485 5129 508 5161 v.
529 5116 553 5163 4.
573 5142 599 5150 -
619 5111 776 5174 'Proterb.,
796 5131 851 5182 cap.
878 5135 950 5180 xnn,
972 5134 995 5169 ι.
1016 5120 1055 5169 29.
1079 5147 1109 5156 -
1131 5117 1258 5180 wacta„
1290 5121 1602 5177 inritomRMS.-¹⁸Luc..
1615 5113 2070 5185 capua.s.-“ax0d·.c·¹xxv.

485 5211 539 5261 οἵΨ·
566 5213 634 5262 ”Vb
655 5214 678 5248 V·
710 5203 731 5248 ¹·
754 5227 782 5236 ··
806 5198 904 5265 'lbid.‚
926 5219 949 5254 v·
973 5205 997 5253 ³·
1020 5229 1053 5242 -
1073 5203 1201 5255 'munet
1226 5205 1257 5263 1,
1291 5222 1313 5257 ι.
1329 5206 1442 5257 ll.-¹¹
1456 5205 1544 5257 Psalm.
1562 5199 2028 5264 xxxru,v.22.-“Psalm.uxn,v.
2047 5203 2069 5242 t.
