4520 6104
468 490 539 596 (5(
902 521 1030 594 eamr
1057 520 1294 592 55555555
1320 523 1376 592 ur
1401 521 1626 594 antorssAE

466 691 564 738 nona
584 662 801 764 expectanda
824 677 898 752 est,
929 663 1022 734 etin
1046 662 1316 759 quadragesima
1335 664 1443 736 etiam
1467 687 1624 760 vespera.
1647 659 1752 732 Nullo
1780 683 1864 731 vero
1887 674 2025 758 tempore

466 801 666 859 conventus
683 800 800 856 careat
819 783 985 855 lectione.
1010 789 1127 872 Quam
1155 810 1268 882 quum
1295 786 1493 858 diaconissa
1513 787 1704 858 terminare
1725 783 1892 875 voluerit,
1920 785 2024 856 dicat:

466 906 612 979 Sufficit.
640 911 680 978 Et
706 906 823 977 statim
844 905 891 976 ad
912 920 1027 1002 grates
1045 907 1204 976 Domino
1225 906 1426 978 referendas
1453 907 1499 978 ab
1525 906 1693 977 omnibus
1715 918 1886 1001 surgatur.
1914 906 2028 975 AEstivo

466 1042 628 1126 tempore
653 1042 736 1124 post
761 1024 954 1122 prandium
981 1051 1093 1122 usque
1125 1025 1172 1096 ad
1203 1051 1336 1097 nonam
1359 1027 1616 1123 quiescendum
1633 1040 1684 1098 est
1705 1026 1743 1096 iu
1761 1025 1982 1114 dormitorio,
2002 1041 2029 1094 et

467 1163 548 1244 post
568 1171 703 1216 nonam
729 1145 775 1215 ad
803 1169 913 1244 opera
936 1145 1161 1216 redeundum
1181 1147 1358 1242 usquead
1377 1171 1555 1244 vesperas.
1577 1150 1661 1216 Post
1676 1169 1843 1243 vesperas
1861 1158 1970 1215 autem
1985 1142 2030 1212 vel

466 1269 583 1337 statim
601 1264 818 1337 coenaudum
835 1280 909 1355 est,
932 1265 987 1337 vel
1006 1267 1218 1364 potandum.
1241 1271 1285 1337 Et
1305 1267 1388 1338 inde
1411 1269 1537 1356 etiam,
1559 1265 1758 1338 secundum
1776 1266 1941 1364 temporis
1956 1287 2031 1334 con-

467 1385 716 1474 suetudinem,
745 1383 790 1455 ad
816 1384 1043 1456 collationem
1068 1385 1239 1456 eundum.
1264 1386 1419 1458 Sabbato
1441 1402 1581 1475 autern,
1603 1401 1685 1457 ante
1703 1384 1929 1456 collationem
1950 1407 2034 1454 mun·

468 1505 560 1576 ditiae
578 1504 686 1592 fiant,
710 1506 747 1575 in
767 1503 950 1576 ablutione
968 1504 1133 1576 videlicet
1156 1504 1287 1604 pedum
1307 1521 1342 1575 et
1358 1530 1541 1577 manuum.
1564 1509 1603 1576 ln
1624 1529 1698 1601 quo
1714 1503 1862 1601 quidem
1881 1502 2034 1598 obsequio
2084 1482 2090 1497 ¹

468 1626 668 1697 diaconissa
685 1625 873 1696 famuletur
894 1649 976 1694 cum
996 1624 1309 1714 hebdomadariis,
1333 1650 1411 1723 quae
1428 1626 1590 1723 coquinae
1606 1625 1862 1697 deservierunt.
1883 1629 1959 1694 Post
1973 1620 2035 1692 col·

469 1744 637 1817 lationem
666 1769 771 1833 vero,
799 1742 846 1817 ad
870 1743 1145 1842 completorium
1175 1745 1292 1814 statim
1324 1760 1377 1815 est
1405 1745 1643 1834 veniendum,
1673 1744 1757 1815 inde
1782 1743 1972 1815 dormitum
1994 1754 2037 1810 est

469 1863 641 1936 eundum.

518 1988 571 2056 De
596 1985 688 2057 victu
709 1999 827 2057 autem
847 1999 882 2056 et
908 1987 1035 2057 vestitu
1057 1986 1254 2085 apostolica
1271 2001 1432 2058 teneatur
1451 1989 1648 2073 sententia,
1668 2011 1738 2083 qua
1755 1987 1907 2057 dicitur¹
1927 2011 1935 2052 z
1957 1985 2041 2050 clla·

469 2105 594 2178 bentes
624 2121 742 2176 autem
772 2105 937 2176 alimenta
962 2121 1000 2178 et
1027 2105 1156 2202 quibus
1178 2122 1358 2202 tegamur,
1391 2106 1446 2178 bis
1470 2108 1630 2178 conteuti
1649 2107 1772 2176 simus.
1791 2135 1809 2173 5
1832 2109 1880 2175 Ut
1897 2099 2041 2173 videlicet

470 2225 666 2296 necessaria
693 2225 889 2314 sufficiant,
913 2251 989 2298 nou
1018 2227 1196 2323 superflua
1215 2241 1429 2324 quaerantur.
1450 2231 1493 2297 Et
1515 2225 1616 2323 quod
1640 2226 1744 2296 vilius
1763 2225 1895 2322 poterit
1916 2242 2044 2317 compa·

469 2346 558 2434 rari,
589 2345 644 2416 vel
661 2345 795 2416 facilius
811 2344 954 2435 baberi,
974 2361 1010 2416 et
1032 2345 1108 2417 sine
1127 2345 1296 2417 scandalo
1319 2347 1433 2434 sumi,
1463 2372 1501 2418 re
1521 2345 1749 2418 concedatur.
1774 2343 1900 2415 Solum
1926 2341 2044 2438 quippe

468 2463 675 2536 scandalum
696 2464 850 2562 propriae
874 2465 1099 2537 conscientiae
1118 2465 1173 2536 vel
1191 2465 1334 2536 alterius
1354 2467 1390 2538 in
1410 2466 1496 2538 cibis
1514 2465 1704 2565 Apostolus
1723 2465 1826 2554 vitat,
1849 2465 1961 2536 sciens
1974 2459 2046 2562 quia

471 2611 545 2656 nou
566 2601 618 2656 est
639 2585 739 2656 cibus
759 2587 796 2657 iu
818 2587 926 2676 vitio,
951 2585 1011 2657 sed
1033 2587 1234 2686 appetitus:
1258 2589 1365 2675 «Qui
1385 2588 1595 2678 manducat,
1615 2617 1632 2656 5
1655 2589 1770 2685 iuquit
1782 2593 1811 2677 ²,
1836 2617 1857 2678 “.
1874 2610 1948 2656 non
1961 2605 2048 2654 man·

471 2705 662 2776 ducantem
682 2731 756 2777 non
776 2720 932 2802 spernat.
946 2706 1017 2794 Qui
1030 2731 1105 2777 555
1125 2705 1335 2795 manducat,
1358 2707 1634 2780 manducantem
1651 2732 1725 2779 uon
1741 2706 1892 2802 judicet.
1912 2709 1961 2774 Tu
1982 2702 2051 2798 quis

472 2851 527 2916 es,
549 2827 610 2924 qui
624 2825 763 2922 judicas
792 2825 947 2896 alienum
978 2825 1149 2897 servum?
1175 2827 1245 2914 Qui
1265 2828 1476 2917 manducat,
1509 2829 1666 2899 Domino
1693 2825 1902 2898 manducat.
1928 2821 2054 2894 Gratias

472 2947 568 3017 euim
586 2947 657 3043 agit
678 2949 767 3017 Deo.
792 2951 836 3018 Et
855 2946 916 3043 qui
937 2970 1011 3017 non
1037 2945 1246 3035 manducat,
1271 2947 1430 3018 Domino
1449 2973 1523 3017 non
1540 2946 1756 3035 manducat,
1783 2960 1819 3017 et
1840 2921 1970 3043 gratias
1992 2939 2055 3036 agit

422 3056 425 3062 ¹
471 3069 560 3138 Deo.
587 3071 666 3137 Non
684 3091 769 3162 ergo
789 3066 942 3165 amplius
962 3066 1114 3136 invicem
1130 3065 1355 3161 judicemus,
1377 3068 1440 3138 sed
1461 3067 1532 3138 boc
1549 3067 1706 3164 judicate
1724 3068 1835 3164 magis
1853 3091 1904 3137 ne
1924 3061 2056 3164 ponatis

471 3186 729 3259 offendiculum
754 3185 849 3256 fratri
871 3185 928 3256 vel
952 3183 1173 3256 scandalum.
1198 3186 1278 3256 Scio
1301 3202 1336 3258 et
1360 3185 1506 3258 confido
1525 3187 1562 3257 iu
1579 3187 1737 3259 Domino
1751 3191 1854 3276 lesu,
1879 3179 2058 3284 quianibil

471 3329 664 3376 commune
674 3331 739 3403 per
751 3306 883 3403 ipsum,
894 3297 963 3374 nisi
972 3301 1031 3402 [ei]
1041 3303 1357 3401 quiaestimatquid
1366 3331 1558 3377 commuue
1572 3331 1659 3378 5555.
1672 3311 1751 3378 Non
1767 3322 1819 3378 555
1832 3316 1986 3403 reguum
2000 3299 2057 3372 Dei

473 3448 552 3496 esca
568 3440 606 3495 et
623 3438 750 3522 potus,
774 3423 838 3496 sed
849 3423 1004 3519 justitia,
1028 3439 1064 3494 et
1083 3448 1172 3522 pax,
1188 3440 1224 3495 55
1240 3425 1409 3521 gaudium
1423 3427 1458 3495 in
1473 3427 1605 3523 Spiritu
1619 3441 1753 3498 sancto.
1772 3427 1906 3497 Omnia
1920 3423 2059 3522 quidem

473 3543 609 3616 munda
630 3559 733 3634 sunt,
767 3545 830 3616 sed
854 3543 986 3614 malum
1010 3560 1063 3616 555
1091 3545 1230 3616 homiui
1253 3547 1312 3642 qui
1333 3571 1399 3643 per
1418 3545 1673 3618 offendiculum
1698 3547 1904 3620 manducat.
1928 3552 2061 3618 Bnnum

472 3687 547 3734 nou
565 3662 782 3736 manducare
802 3688 968 3751 carnem,
993 3679 1028 3734 et
1048 3689 1123 3742 uon
1142 3663 1264 3737 bibere
1287 3666 1429 3754 viuum,
1456 3692 1574 3765 neque
1589 3669 1626 3738 iu
1646 3693 1719 3764 quo
1739 3667 1845 3737 scater
1859 3682 1947 3738 tuus
1961 3663 2063 3736 olien-

474 3782 600 3873 datur,
629 3799 690 3853 aut
710 3783 976 3855 scandalizetur.
999 3813 1014 3850 5
1035 3785 1106 3872 Qui
1125 3784 1231 3856 etiam
1258 3802 1340 3884 post
1368 3787 1574 3858 scandalum
1597 3788 1712 3858 fratris
1732 3787 1777 3859 de
1795 3789 1949 3888 proprio
1971 3808 2065 3856 scau·

472 3900 557 3972 dalo
578 3904 689 4001 ipsius
708 3904 770 4000 qui
787 3919 912 3974 contra
931 3905 1184 3976 conscientiam
1204 3929 1305 3976 suam
1326 3905 1506 3995 comedit,
1527 3906 1689 4004 adjungit
1705 3906 1877 3978 diceus':
1905 3937 1924 3977 u
1945 3912 2069 3978 Beatus

472 4022 537 4116 qui
558 4046 632 4093 uon
650 4022 787 4118 judicat
806 4023 1038 4121 semetipsum
1057 4025 1093 4093 in
1112 4049 1156 4094 eo
1176 4025 1275 4118 quod
1294 4023 1434 4123 probat.
1458 4027 1527 4112 Qui
1542 4041 1662 4097 autem
1676 4025 1845 4098 discernit
1866 4027 1898 4098 si
1915 4023 2067 4097 mandu-

473 4143 624 4231 caverit,
655 4140 845 4213 damnatus
875 4155 928 4212 est
944 4143 1027 4238 quia
1046 4168 1120 4213 non
1144 4167 1183 4213 ex
1205 4141 1289 4213 fide.
1312 4147 1430 4215 Omne
1456 4159 1575 4215 autem
1597 4145 1697 4241 quod
1727 4169 1800 4216 non
1830 4159 1951 4218 estex
1976 4142 2067 4228 fide,

463 4265 660 4358 peccatum
679 4277 744 4334 est.
767 4290 785 4329 5
808 4267 848 4332 ln
868 4263 968 4333 555555
989 4264 1123 4361 quippe
1145 4263 1243 4358 quod
1264 4264 1400 4359 agimus
1415 4280 1541 4335 contra
1559 4265 1813 4336 conscientiam
1833 4281 2001 4338 nostram
2013 4251 2071 4354 ,‘et

472 4397 597 4453 contra
618 4381 689 4452 boc
708 4381 808 4479 quod
827 4381 1027 4471 credimus,
1055 4406 1256 4478 peccamus.
1282 4385 1325 4453 Et
1344 4385 1380 4454 in
1401 4408 1445 4455 eo
1467 4383 1567 4481 quod
1585 4385 1802 4483 probamus,
1829 4384 1901 4456 hoc
1926 4401 1984 4457 est
2010 4407 2073 4481 per

475 4500 589 4596 legem
616 4526 725 4597 quam
754 4501 996 4600 approbamus
1023 4514 1130 4596 atque
1150 4502 1360 4598 recipimuS,
1383 4503 1585 4598 judicamus
1604 4505 1842 4602 nosmetipsos
1870 4521 1987 4602 atque
2016 4501 2075 4574 da·

472 4642 661 4708 muamus,
679 4622 708 4690 si
722 4620 801 4692 illos
817 4619 982 4692 videlicet
994 4618 1218 4693 comedimus
1235 4619 1334 4692 cibos
1348 4647 1439 4719 quos
1453 4623 1706 4713 discernimus,
1722 4623 1794 4696 hoc
1808 4639 1861 4696 est
1873 4649 1944 4722 per
1960 4623 2076 4720 legem

473 4736 719 4827 excludimus,
749 4754 785 4811 et
800 4763 1006 4838 separamus
1024 4755 1194 4836 tauquam
1217 4735 1437 4814 immundos.
1461 4747 1612 4814 Tantum
1630 4747 1725 4815 enim
1751 4759 1804 4816 est
1823 4745 2076 4816 testimonium

475 4859 699 4932 conscientiae
718 4877 867 4950 nostrae,
889 4876 929 4932 ut
947 4861 1023 4934 haec
1041 4886 1107 4933 nos
1129 4861 1224 4960 apud
1247 4867 1364 4936 Deum
1383 4866 1535 4936 maxime
1554 4881 1694 4938 accuset
1714 4866 1767 4937 vel
1786 4882 1946 4938 excuset.
1970 4863 2080 4936 Unde

506 5139 514 5166 ⁴
534 5141 635 5194 15555555.
651 5143 678 5200 Ι,
691 5157 746 5208 cap.
762 5158 801 5203 u,
816 5159 839 5192 5.
857 5147 881 5192 5.
893 5142 1034 5201 -¹Rom.,
1049 5159 1105 5211 cap.
1122 5161 1172 5208 555,
1185 5162 1210 5197 5.
1224 5149 1238 5195 3
1252 5157 1276 5197 et
1286 5163 1322 5212 sq,
1340 5175 1363 5183 ·-
1378 5145 1474 5208 'lbid.,
1485 5165 1506 5198 5.
1522 5151 1561 5197 55.
