4510 6108
474 570 545 640 544
1068 565 1195 636 Putat
1221 564 1455 636 ABAELARDI

521 714 567 778 Ut
582 721 701 779 autem
717 731 738 778 a
753 706 957 804 proposito¹
974 721 1208 794 revertamur,
1220 720 1255 776 et
1271 705 1316 777 de
1332 729 1472 778 summa
1487 705 1683 801 ignominia
1699 707 1828 780 Christi
1844 709 1891 782 ad
1906 710 2046 784 laudern

472 829 610 898 feminae
626 827 803 899 saecularis
819 826 1024 917 redeamus3
1049 852 1164 925 quum
1181 826 1268 898 salso
1285 827 1491 898 testimonio
1507 851 1634 898 senum
1650 827 1805 925 populus
1821 829 2042 922 credidisset,

470 969 504 1023 et
525 976 604 1024 eam
627 951 674 1023 ad
700 964 855 1020 mortem
875 947 1194 1035 condemnassent,
1218 946 1427 1018 exclamavit
1443 971 1531 1017 voce
1548 971 1691 1043 magna,
1710 963 1746 1019 et
1761 949 1867 1021 dixit’
1886 978 1894 1020 :
1916 981 1933 1020 a
1953 956 2045 1024 Deus

468 1088 611 1159 aeterne,
630 1071 693 1167 qui
709 1069 1006 1141 absconditorum
1023 1093 1060 1139 es
1076 1067 1254 1162 cognitor,
1273 1069 1335 1164 qui
1352 1067 1446 1138 nosti
1463 1068 1586 1139 omnia
1603 1082 1796 1165 antequam
1812 1068 1913 1159 fiant,
1926 1086 1966 1144 tu
1981 1074 2045 1144 scis

468 1192 641 1288 quoniam
666 1204 793 1261 contra
818 1213 876 1260 me
903 1188 1031 1259 salsum
1054 1187 1200 1258 tulerint
1221 1188 1489 1277 testimonium,
1512 1201 1547 1258 et
1567 1211 1649 1259 ecce
1670 1189 1806 1260 morior
1826 1215 1939 1287 quum
1959 1191 2044 1263 nihil

467 1311 600 1382 horum
616 1311 773 1381 fecerim.
790 1337 807 1375 a
826 1314 866 1378 ln
879 1308 1016 1405 judicio
1027 1309 1124 1405 prius
1133 1308 1338 1396 constituta,
1352 1332 1465 1404 quum
1476 1307 1526 1378 illi
1538 1308 1575 1379 in
1588 1309 1851 1381 accusationem
1867 1311 1942 1407 ejus
1954 1315 2045 1384 testi·

467 1431 671 1520 ficarentur,
686 1456 760 1501 non
778 1429 891 1526 loqui,
906 1431 969 1500 sed
986 1429 1084 1516 llere,
1096 1443 1131 1499 et
1147 1429 1185 1498 in
1202 1428 1331 1499 coelum
1347 1429 1526 1524 suspicere
1542 1443 1720 1518 narratur,
1732 1444 1772 1502 ut
1788 1431 1863 1526 ejus
1878 1433 2043 1529 patientia

466 1552 623 1646 primum
640 1549 866 1648 probaretur,
885 1572 994 1643 quam
1011 1562 1047 1618 ct
1063 1548 1098 1616 in
1116 1546 1257 1617 Christo
1274 1545 1452 1644 propheta
1468 1545 1676 1644 praedixerat
1691 1547 1747 1619 bis
1762 1549 1916 1620 verbis³:
1932 1579 1948 1618 a
1960 1557 2043 1624 'lan-

466 1696 575 1766 quam
588 1672 664 1741 ovis
681 1670 728 1741 ad
737 1669 956 1739 occisionem
972 1668 1136 1756 ducetur,
1148 1681 1184 1737 et
1199 1667 1301 1763 quasi
1317 1691 1428 1762 agnus
1443 1691 1566 1738 coram
1579 1666 2038 1763 tondenteseobmutescet,

466 1806 500 1868 et
517 1816 592 1862 non
609 1791 744 1889 aperiet
759 1813 800 1858 os
816 1812 966 1858 suum.»
986 1787 1203 1886 Expectabat
1218 1785 1269 1857 ibi
1285 1787 1405 1875 tacita,
1424 1785 1665 1859 damnationis
1680 1811 1751 1861 suae
1766 1793 1990 1881 seutentiam,
2008 1809 2040 1864 et

465 1924 586 1981 tacens
606 1908 832 1995 bominibus,
853 1906 920 1977 soli
944 1912 1022 1979 Deo
1044 1907 1128 1978 fletu
1154 1905 1382 2004 loquebatur.
1407 1909 1510 1977 Nunc
1529 1930 1616 1978 vero
1637 1905 1878 1980 damnationis
1900 1927 2040 2010 accepta

465 2029 653 2119 sententia,
665 2028 712 2101 ad
725 2030 990 2102 excusationem
1005 2027 1073 2114 sui,
1092 2050 1167 2097 non
1184 2025 1446 2114 liberationem,
1458 2050 1560 2096 suam
1576 2026 1820 2098 innocentiam
1835 2044 2037 2126 protestata,

466 2151 566 2220 samae
587 2150 707 2247 potius
728 2173 837 2246 quam
853 2150 934 2220 vitae
954 2147 1113 2218 decrevit
1128 2144 1333 2234 consulere,
1353 2161 1388 2217 et
1408 2171 1492 2216 suos
1512 2146 1638 2218 saitem
1654 2147 1700 2218 de
1716 2163 1832 2220 morte
1847 2173 1909 2221 sua
1926 2154 2039 2224 minus

464 2267 634 2339 sollicitos
658 2266 826 2356 reddere,
849 2290 960 2364 quam
980 2265 1128 2336 minime
1148 2263 1356 2336 dubitarent
1372 2263 1418 2335 ad
1435 2262 1629 2336 feliciorem
1644 2265 1755 2337 vitam
1770 2269 1933 2340 transire.
1958 2274 2037 2342 Cer·

466 2388 640 2460 tissimum
655 2389 789 2486 quippe
805 2386 861 2458 vel
882 2387 1115 2474 innocentie,
1132 2383 1190 2455 vel
1205 2384 1319 2483 culpae
1338 2385 1583 2457 testimonium
1600 2402 1670 2476 est,
1691 2403 1847 2460 extrema
1867 2391 2036 2463 consessio

464 2508 731 2596 damnatorum,
741 2509 893 2580 maxime
905 2530 1018 2604 quum
1025 2504 1201 2604 quidquid
1204 2504 1280 2600 jam
1290 2504 1429 2576 dicatur
1438 2505 1535 2603 apud
1546 2505 1725 2597 homines,
1736 2507 1803 2580 sibi
1815 2509 2035 2606 profuturum

357 2687 358 2690 ,
410 2673 414 2679 -
464 2626 669 2724 desperent,
688 2641 724 2698 et
747 2640 847 2698 tanto
869 2624 1021 2722 amplius
1037 2623 1084 2696 de
1099 2622 1275 2697 servanda
1290 2622 1437 2696 veritate
1453 2638 1537 2696 sunt
1551 2623 1705 2714 solliciti,
1724 2641 1860 2722 quanto
1876 2652 1915 2699 se
1931 2628 2035 2723 magis

464 2748 510 2818 ad
526 2747 688 2818 divinum
700 2747 877 2843 judicium
893 2749 1139 2846 propinquare
1146 2748 1339 2846 trepidant.
1358 2751 1453 2818 Bene
1464 2759 1584 2819 autem
1593 2747 1723 2819 dicitur
1731 2746 1944 2820 exclamasse
1953 2773 2034 2820 voce

463 2891 608 2962 magna,
628 2892 703 2938 non
719 2893 799 2965 quae
813 2867 930 2940 solum
947 2891 1050 2939 aures
1066 2867 1257 2938 hominum
1273 2867 1403 2962 tetigit,
1421 2865 1485 2938 sed
1501 2891 1581 2964 quae
1596 2866 1642 2938 ad
1658 2867 1833 2964 piissimas
1852 2891 1956 2939 aures
1975 2871 2033 2940 Dei

463 2984 650 3080 perfectius
667 2987 777 3075 venit,
797 3011 864 3058 nec
880 3002 955 3059 tam
971 3002 1103 3058 terram
1120 3009 1230 3083 quam
1245 2983 1376 3056 coelum
1391 2982 1553 3081 replevit.
1573 2983 1681 3070 Quod
1696 2986 1815 3057 statim
1830 2985 2034 3059 subsecutus

462 3104 597 3176 indicat
613 3105 778 3194 effectus,
804 3131 918 3203 quum
933 3106 1082 3177 dicitur‘
1102 3133 1110 3174 :
1132 3109 1208 3175 «Et
1224 3102 1403 3175 exaudivit
1420 3103 1597 3174 Dominus
1612 3127 1738 3174 vocem
1755 3105 1842 3200 ejus.
1858 3135 1876 3174 n
1899 3109 2030 3198 Quam,

358 3271 364 3286 ·
461 3223 626 3312 obsecro,
642 3248 770 3295 vocem
784 3224 858 3320 ejus
871 3223 1020 3312 audivit,
1033 3224 1122 3311 imo,
1140 3236 1181 3293 ut
1193 3222 1354 3311 audistis,
1368 3222 1567 3294 exaudivit?
1581 3222 1677 3309 Quid
1686 3223 1784 3296 enim
1794 3225 1929 3316 oravit,
1944 3227 2034 3298 unde

461 3321 591 3413 meruit
606 3341 807 3413 exaudiri⁸?
826 3371 843 3410 a
855 3346 920 3429 Tu,
934 3341 1103 3428 Domine,
1115 3368 1134 3413 »
1152 3340 1280 3436 inquit,
1302 3369 1320 3408 a
1336 3341 1459 3413 omnia
1474 3341 1570 3412 nosti
1585 3355 1778 3438 antequam
1793 3341 1900 3433 liant3
1920 3359 1958 3416 tu
1972 3349 2034 3417 scis

461 3485 570 3556 quam
586 3461 715 3532 falsum
731 3475 857 3532 contra
876 3485 933 3532 inc
950 3459 1095 3532 tulerint
1111 3460 1368 3532 testimonium.
1383 3489 1402 3530 a
1416 3461 1585 3558 Nunquid
1601 3462 1740 3534 orando
1756 3463 1887 3560 adjecit
1902 3481 1942 3538 ut
1956 3465 2034 3538 libe

460 3594 598 3649 raretur
612 3603 634 3650 a
649 3603 769 3676 poena,
788 3602 898 3675 quarn
914 3603 989 3649 non
1002 3593 1180 3650 meruerat
1196 3602 1238 3648 ex
1251 3577 1376 3678 culpa?
1388 3605 1615 3679 nequaquam
1626 3581 1665 3653 id
1675 3605 1801 3678 rogare
1817 3581 2031 3671 decreverat,

460 3725 539 3795 quae
559 3701 609 3770 si'c
633 3723 672 3771 se
697 3700 743 3771 ad
759 3700 872 3771 vitam
887 3699 1037 3771 transire
1058 3700 1169 3795 magis
1190 3724 1300 3797 quam
1320 3701 1412 3772 mori
1435 3701 1661 3790 attendebat,
1680 3717 1837 3775 nectam
1853 3704 1900 3776 de
1923 3719 2034 3776 morte

459 3843 569 3914 quam
585 3819 630 3890 de
643 3817 788 3890 infamia
802 3816 1048 3916 propulsanda
1063 3817 1228 3908 curabat,
1245 3833 1285 3889 ut
1299 3820 1371 3891 suis
1387 3820 1506 3917 potius
1522 3843 1631 3917 quam
1640 3819 1715 3893 sibi
1730 3821 1943 3894 consuleret.
1961 3826 2033 3892 Do-

460 3938 577 4008 minus
594 3953 727 4028 autem,
739 3937 1025 4009 cuiconscientia
1041 3937 1152 4033 magis
1161 3959 1271 4035 quam
1286 3937 1408 4033 lingua
1421 3937 1593 4035 loquitur,
1604 3963 1679 4010 non
1689 3938 1807 4011 solum
1818 3939 1864 4011 ab
1876 3940 2031 4027 infamia,

460 4081 584 4128 verum
601 4059 746 4130 etiama
762 4071 877 4128 morte
893 4058 1009 4153 ipsam
1027 4055 1177 4128 liberare
1194 4081 1267 4128 non
1285 4056 1471 4146 differem,
1490 4057 1527 4128 in
1544 4082 1588 4129 eo
1603 4083 1731 4130 vocem
1747 4059 1822 4155 ejus
1838 4059 2033 4148 exaudivit,

458 4175 557 4272 quod
573 4176 886 4247 consessionissuae
897 4176 1084 4246 veritatem
1099 4175 1204 4246 certis
1220 4174 1359 4246 indiciis
1369 4174 1630 4272 comprobavit.
1651 4176 1754 4249 Unde
1769 4191 1807 4248 et
1820 4176 2002 4250 subditur⁸
2022 4207 2030 4246 :

460 4325 476 4360 a
497 4299 688 4391 Quumque
721 4294 911 4365 duceretur
943 4293 989 4365 ad
1022 4307 1197 4382 mortem,
1224 4294 1406 4367 suscitavit
1430 4299 1525 4367 Deus
1550 4295 1714 4393 spiritum
1738 4309 1903 4368 sanctum
1932 4297 2036 4394 pueri

453 4417 618 4510 junioris,
636 4416 695 4486 cui
711 4439 845 4486 nomen
862 4413 1001 4486 Daniel.
1018 4441 1036 4480 a
1055 4413 1243 4511 Spiritum,
1267 4414 1401 4511 inquit,
1420 4415 1665 4512 potiusquam
1686 4439 1817 4512 corpus
1838 4414 2035 4502 suscitavit,

456 4561 569 4632 quum
584 4549 724 4607 aetatem
740 4535 841 4631 pueri
858 4534 1011 4630 junioris
1029 4532 1240 4606 mirabiliter
1255 4533 1437 4622 exaltavit,
1460 4547 1500 4605 ut
1519 4535 1663 4631 spiritus
1678 4548 1839 4622 sanctus,
1858 4535 1967 4632 quiin
1986 4559 2036 4606 eo

453 4657 528 4748 jam
544 4669 621 4727 erat
636 4677 700 4752 per
717 4655 884 4749 gratiam,
908 4677 973 4750 per
987 4651 1185 4750 prophetiae
1200 4667 1475 4748 cognosceretur
1491 4649 1702 4740 efficaciam
1722 4666 1759 4723 et
1778 4675 1844 4750 per
1859 4651 2037 4746 virginem

457 4797 609 4870 puerum
625 4773 804 4870 pudicitiae
815 4772 1042 4845 defensorem
1051 4771 1225 4869 impudici
1235 4794 1336 4843 senes
1348 4771 1497 4867 judicati
1513 4769 1782 4842 damnarentur.
1801 4775 1853 4842 Ex
1870 4793 1938 4867 qua
1952 4771 2042 4865 qui·

490 5055 496 5080 ¹
511 5055 570 5120 Leg.
583 5061 617 5107 ad
625 5061 818 5120 propostam-
829 5057 839 5084 '
852 5057 925 5121 lien,
936 5073 991 5126 cap.
1004 5072 1062 5121 xm,
1074 5072 1097 5109 v.
1110 5058 1152 5108 tt.
1163 5083 1187 5094 -
1200 5053 1289 5118 Ἥ..
1301 5070 1356 5122 cap.
1369 5071 1424 5115 tut,
1435 5069 1458 5104 t.
1472 5057 1532 5105 7.-
1544 5052 1555 5082 ⁸
1565 5053 1636 5116 ilua.¹
1651 5045 2042 5119 cap.x1u,v.ll.-⁸lbid.·-

460 5141 553 5202 ‘llau.,'
564 5157 618 5210 cap.
633 5160 689 5206 xm,
702 5161 725 5195 v.
738 5147 778 5196 ⁴5.
