4590 6106
916 589 1154 663 sats'totAE.
1780 591 1828 660 29

247 724 429 800 testatibus
457 722 781 824 contemptibilem¹
805 724 852 797 ad
874 738 1014 824 tempus
1045 727 1256 817 effecerunt,
1284 740 1319 798 et
1347 726 1393 798 de
1422 741 1597 798 meatem
1623 724 1695 798 fide
1720 749 1828 826 quam

247 848 333 939 vita,
353 846 443 920 adeo
457 845 598 918 sinistra
616 843 957 938 disseminaverunt,
976 861 1016 918 ut
1034 848 1131 944 ipsos
1144 869 1288 944 quoque
1307 847 1504 918 amicorum
1518 860 1726 918 nostrorum
1738 871 1828 944 prae·

249 967 374 1066 cipuos
392 987 413 1038 a
433 989 492 1036 me
508 977 726 1055 averterent,
748 966 825 1036 etsi
843 967 906 1063 qui
924 965 1059 1038 adhuc*
1076 965 1214 1064 pristini
1227 967 1359 1036 amoris
1371 989 1453 1062 erga
1470 989 1529 1038 me
1546 963 1680 1063 aliquid
1698 965 1827 1038 retine·

249 1099 344 1176 rent,
360 1083 433 1156 hoc
443 1083 511 1183 ipsi
523 1082 642 1154 modis
652 1083 838 1176 omnibus,
854 1099 952 1156 metu
968 1085 1129 1176 illorum,
1144 1083 1418 1156 dissimularent.
1433 1088 1529 1156 Deus
1542 1085 1617 1183 ipse
1630 1085 1718 1157 mihi
1732 1087 1828 1158 testis

247 1217 314 1294 est,
331 1203 472 1300 quoties
485 1201 640 1299 aliquem
661 1201 975 1276 ecclesiasticarum
994 1227 1230 1302 personarum
1242 1216 1460 1274 conventum
1473 1201 1623 1276 adunari
1634 1227 1825 1291 noveram,

245 1320 315 1394 boc
331 1321 370 1393 in
389 1321 658 1392 damnationem
672 1345 751 1394 mea
766 1323 860 1420 magi
872 1321 1074 1394 credebam.
1092 1321 1314 1421 Stupesactus
1327 1320 1422 1394 illico
1435 1321 1536 1418 quasi
1548 1323 1829 1419 supervenientis
1921 1299 1926 1314 .

245 1441 355 1514 ictum
374 1439 538 1538 halguris,
559 1441 789 1539 expectabam
808 1455 846 1513 ut
870 1443 971 1538 quasi
994 1441 1179 1514 haereticus
1203 1455 1264 1514 aut
1281 1440 1452 1539 profanus
1476 1439 1513 1511 in
1537 1441 1696 1512 conciliis
1714 1442 1829 1514 trahe·

245 1563 332 1650 rer',
353 1574 416 1633 aut
432 1559 631 1657 synagogis.
654 1565 768 1656 Atque
785 1574 826 1633 ut
844 1560 891 1633 de
908 1561 1025 1662 pulice
1042 1561 1088 1634 ad
1110 1562 1272 1651 leonem,
1297 1559 1343 1632 de
1365 1560 1512 1632 formica
1534 1558 1581 1632 ad
1602 1559 1827 1658 elephantem

243 1678 465 1776 comparatio
481 1678 645 1771 ducatur,
665 1703 739 1751 non
765 1704 824 1752 rne
846 1681 977 1752 mitiori
1004 1681 1124 1752 animo
1146 1679 1452 1779 persequebantur
1470 1678 1588 1750 aemuli
1610 1678 1698 1768 mei,
1718 1703 1827 1775 quam

243 1795 388 1870 beatum
407 1797 494 1868 olim
510 1796 737 1871 Athanasium
755 1797 921 1870 haeretici.
942 1802 1041 1898 Saepe
1059 1813 1178 1872 autem
1191 1801 1308 1896 (Deus
1321 1798 1406 1893 scit)
1416 1799 1453 1869 in
1468 1812 1602 1870 tantam
1616 1797 1734 1896 lapsus
1748 1821 1827 1868 sum

243 1914 527 2014 desperationem
535 1917 558 2008 ⁸,
578 1929 618 1988 ut
637 1916 921 1988 Christianorum
943 1917 1072 1991 finibus
1094 1919 1262 2009 excessis,
1285 1917 1471 2014 adgentes
1491 1917 1641 1988 nansire
1659 1915 1827 2014 dispone-

245 2038 359 2126 rem‘,
386 2049 489 2132 atque
508 2034 556 2106 ibi
573 2036 711 2132 quiete,
732 2036 799 2108 sub
821 2059 1034 2135 quacunque
1049 2037 1175 2128 tributi
1193 2039 1375 2135 pactione,
1402 2037 1495 2108 inter
1511 2036 1675 2108 inimicos
1698 2034 1828 2109 Christi

245 2151 434 2225 christiane
445 2154 593 2245 virere⁸3
609 2178 701 2252 quos
715 2167 815 2226 tanto
833 2155 961 2251 magis⁷
973 2157 1147 2254 propitios
1165 2181 1223 2228 me
1241 2155 1447 2226 habiturum
1461 2153 1671 2245 credebam,
1691 2171 1827 2251 quanto

243 2271 437 2344 meminus
460 2271 691 2346 christianum
709 2299 752 2345 ex
770 2273 939 2371 imposito
957 2273 1047 2344 mibi
1063 2275 1212 2348 crimine
1237 2275 1513 2372 suspicarentur,
1535 2288 1570 2346 et
1588 2273 1637 2345 ob
1657 2273 1729 2346 hoc
1747 2275 1828 2347 saci·

243 2389 311 2466 lius
324 2391 371 2464 ad
387 2407 522 2466 sectam
536 2417 642 2480 ¹suam
660 2373 823 2466 inclinari
834 2417 942 2492 posse
955 2393 1153 2466 crederent.

289 2514 535 2598 Quumautem
543 2512 1004 2612 tantis'perturhationibus
1014 2515 1232 2588 incessanter
1242 2514 1427 2612 affligerer,
1437 2497 1826 2611 atquehocextreinum
1889 2559 1940 2594 cn.
1960 2561 2012 2596 xm.

245 2631 332 2704 mibi
348 2649 548 2732 superesset
569 2633 776 2725 consilium,
798 2649 838 2706 ut
854 2633 952 2733 apud
969 2634 1134 2708 inimicos
1151 2634 1281 2708 Christi
1302 2636 1349 2707 ad
1371 2633 1552 2708 Christum
1570 2635 1796 2732 confugerem
1812 2663 1822 2726 3
1852 2605 2046 2738 ffifflffl

242 2752 465 2825 occasionem
483 2753 677 2852 quamdam
694 2753 844 2852 adeptus
858 2777 929 2852 qua
946 2753 1091 2826 insidias
1107 2755 1190 2828 istas
1207 2753 1391 2853 paululum
1406 2753 1586 2826 declinare
1599 2778 1658 2826 me
1670 2752 1823 2845 credidi,
1864 2747 2035 2868 plgffiqssss

240 2871 349 2943 incidi
366 2872 404 2944 in
428 2872 639 2946 christianos
660 2887 767 2972 atque
792 2873 991 2946 monachos
1007 2872 1172 2970 gentibus
1195 2873 1306 2970 longo
1332 2873 1512 2962 saeviores,
1538 2886 1645 2969 atque
1670 2873 1821 2970 pejores.
1852 2866 2043 2982 ‘tiffoefflssggssffi

241 2991 326 3062 Erat
336 2992 702 3089 quippeiuBritannia
715 2993 867 3085 minore,
880 2992 1133 3092 inepiscopatu
1143 2993 1362 3085 Venetensi⁹,
1374 2991 1514 3064 abbatia
1527 2992 1692 3088 quaedam
1706 2995 1824 3064 Sancti
1851 2995 2045 3110 ‘lfffiqlffim
2147 3011 2148 3016 ’

240 3105 391 3179 Gildasii
397 3109 557 3182 Rniensis
563 3113 593 3202 ¹⁰,
605 3125 746 3210 pastore
759 3111 929 3184 defuncto
940 3110 1111 3202 desolata,
1122 3111 1169 3184 ad
1180 3135 1289 3209 quam
1302 3135 1360 3183 me
1374 3134 1526 3184 concors
1535 3109 1682 3182 fratrum
1694 3110 1821 3184 electio
1892 3075 1979 3174 yeura

238 3249 323 3298 cum
347 3250 492 3301 assensu
509 3229 679 3330 principis
704 3245 805 3304 terrae
831 3232 987 3323 vocavit,
1008 3245 1114 3329 atque
1137 3231 1208 3302 hoc
1226 3229 1271 3302 ab
1299 3229 1427 3302 abbate
1451 3245 1575 3302 nostro
1598 3243 1635 3301 et
1655 3228 1821 3302 fratribus

238 3341 338 3418 facile
355 3347 574 3447 impetravit,
594 3349 714 3448 sicque
734 3375 792 3422 me
810 3356 1029 3424 Francorum
1047 3349 1181 3422 invidia
1204 3349 1252 3421 ad
1270 3348 1526 3440 Occidentem,
1544 3349 1634 3448 sicqt
1648 3350 1822 3445 Hierony·

238 3485 336 3539 mum
365 3468 609 3541 Romanorum
633 3468 768 3568 expulit
789 3469 836 3542 ad
862 3468 1058 3542 Orientem.
1088 3473 1280 3566 Nunquam
1297 3469 1394 3540 enim
1410 3467 1496 3540 huic
1514 3468 1566 3540 rei
1583 3467 1689 3564 (sciat
1705 3469 1821 3564 Deus)

237 3585 513 3682 acquievissem,
548 3589 617 3660 nisi
648 3605 689 3662 ut
716 3613 933 3688 quocunque
968 3588 1080 3672 modo
1115 3587 1181 3662 has
1220 3613 1308 3686 quas
1347 3589 1573 3684 incessanter
1602 3585 1820 3660 sustinebam

238 3706 504 3801 oppressiones,
526 3723 566 3780 ut
586 3707 678 3800 dixi,
703 3708 932 3782 declinarem.
951 3713 1058 3780 Terra
1079 3710 1211 3806 quippe
1229 3705 1397 3798 barbara,
1420 3721 1457 3779 et
1477 3722 1579 3778 terrae
1595 3705 1715 3803 lingua
1734 3704 1819 3778 inihi

237 3820 417 3920 incognita
433 3840 525 3918 erat,
548 3843 584 3898 et
601 3829 715 3928 turpis
731 3843 837 3926 atque
863 3826 1091 3901 indomabilis
1111 3827 1255 3898 illorum
1273 3826 1535 3899 monachorum
1560 3825 1630 3896 vita
1652 3823 1820 3897 omnibus

238 3941 309 4014 lere
322 3945 521 4036 notissima,
543 3960 579 4017 et
596 3971 682 4044 gens
696 3962 796 4020 terra
808 3947 902 4020 illius
920 3946 1117 4018 inhumana
1135 3959 1241 4042 atque
1258 3946 1508 4044 incomposita.
1530 3944 1627 4016 Sicut
1640 3967 1725 4040 ergo
1739 3942 1816 4034 illc,

237 4063 300 4158 qui
324 4063 533 4139 imminente
556 4065 623 4139 sibi
641 4066 759 4165 gladio
777 4068 984 4167 perterritus
1001 4067 1046 4138 in·
1057 4065 1291 4166 precipitium
1310 4091 1348 4137 se
1370 4063 1526 4156 collidit,
1548 4079 1605 4154 et,
1626 4077 1666 4134 ut
1683 4077 1819 4161 puncto

237 4183 433 4280 temporis¹¹
445 4199 599 4258 mortem
611 4209 721 4258 unam
733 4186 888 4278 dillerat,
904 4187 1011 4260 aliam
1021 4186 1189 4258 incurrit:
1205 4185 1255 4255 sic
1269 4207 1336 4281 ego
1350 4184 1396 4256 ab
1410 4207 1484 4256 uno
1497 4182 1657 4282 periculo
1671 4183 1707 4254 in
1722 4181 1819 4254 aliud

237 4301 390 4377 amenter
406 4329 464 4376 me
475 4305 629 4398 contuli,
643 4307 764 4405 ibique
777 4308 823 4380 ad
831 4307 1017 4380 horrisoni
1027 4305 1141 4378 undas
1154 4305 1300 4394 Oceani,
1315 4329 1428 4400 quum
1441 4303 1560 4400 lugam
1574 4301 1662 4373 mihi
1673 4301 1819 4373 ulterius

236 4433 338 4492 terrae
344 4425 593 4520 postremitas¹¹
603 4450 678 4498 non
692 4426 877 4526 praeberet,
892 4449 983 4526 saepe
994 4427 1032 4497 in
1043 4424 1264 4498 orationibus
1278 4424 1366 4494 meis
1377 4421 1465 4495 illud
1476 4419 1726 4494 revolvebam¹⁸
1739 4447 1749 4487 ε
1760 4448 1777 4486 a
1791 4424 1818 4491 A

235 4537 367 4615 linibus
382 4557 486 4616 terrae
497 4545 544 4621 ad
558 4561 593 4618 te
611 4545 778 4638 clamavi,
792 4546 886 4619 dum.
900 4547 1102 4618 anxiaretur
1114 4569 1178 4616 cor
1190 4568 1324 4616 meum.
1344 4569 1362 4610 s
1377 4546 1519 4628 Quanta
1533 4540 1629 4612 enirn
1642 4537 1817 4610 anxietate

235 4658 292 4732 illa
309 4663 416 4736 etiam
440 4688 549 4762 quam
567 4665 760 4764 regendam
777 4689 1001 4766 susceperam
1024 4662 1284 4763 indisciplinata
1291 4665 1311 4702 ¹⁸
1329 4661 1477 4735 fratrum
1500 4659 1727 4757 congregatio
1752 4681 1816 4730 cor

268 4923 276 4948 ¹
291 4922 417 4984 ablactata
431 4921 503 4974 llllS.
514 4922 564 4960 -¹
577 4923 617 4976 Sic
630 4923 650 4975 ll
663 4933 763 4976 recte·
771 4925 805 4975 Et
817 4930 838 4976 at
852 4927 910 4987 qaid
928 4923 1010 4975 adhuc
1041 4921 1051 4950 ⁸
1061 4924 1168 4974 masao
1177 4921 1246 4976 llllS.
1257 4921 1310 4960 -'
1323 4923 1451 4972 Vancteaat
1458 4917 1511 4970 ls-
1518 4920 1646 4970 tenacem
1659 4917 1688 4967 ll.
1700 4942 1728 4953 -
1742 4915 1765 4943 '⁰
1774 4915 1814 4966 Sic

234 5004 281 5054 aa.
291 5031 310 5042 -
320 5006 355 5056 lt't
367 5011 408 5068 qut
425 5006 507 5059 adhuc
525 5007 590 5060 lidit.
603 5008 673 5060 tmb.
686 5032 720 5048 -·
731 5008 741 5036 ⁸
754 5010 880 5072 Abripere?
892 5007 964 5062 llllS.
978 5035 1010 5046 -
1040 5007 1090 5058 llS.
1098 5006 1299 5060 drab-Rimata
1307 5003 1469 5069 Edit-,Vulgo
1478 5006 1507 5054 de
1516 5005 1589 5067 Rapa.
1599 5001 1660 5053 Vide
1668 5010 1721 5052 not.
1731 5015 1814 5050 xttru.

235 5087 361 5140 ‘Eatenus
370 5105 435 5154 spem
445 5093 526 5156 object
535 5091 792 5144 REO-'Statuam
802 5091 920 5145 mas-⁸
933 5094 1010 5144 Vitaxa
1040 5119 1074 5134 -
1086 5091 1106 5120 “
1120 5093 1175 5156 Ipso
1188 5095 1298 5154 temporis
1310 5092 1412 5140 articulo
1424 5087 1496 5138 llllS.
1507 5113 1539 5124 —-
1551 5086 1573 5115 ⁴¹
1585 5087 1734 5138 aasentias
1742 5081 1814 5134 llllS.

236 5175 321 5224 ducere
331 5189 379 5226 aaa
390 5178 525 5242 dianam
536 5173 607 5229 utts.
616 5178 667 5220 --Ι
678 5179 719 5232 Sic
730 5178 896 5244 acetum
906 5176 1011 5229 Edit-
1043 5205 1069 5216 -
1085 5175 1109 5205 ⁴⁸
1124 5175 1211 5228 Parim.
1228 5190 1268 5224 tx.
1283 5189 1306 5223 v.
1321 5175 1346 5224 ³.
1362 5200 1391 5209 ·-
1403 5170 1426 5200 '⁴
1439 5172 1504 5223 Iule
1515 5175 1633 5224 instructa
1644 5167 1714 5220 llllS.
