4510 6108
558 721 617 792 DE
642 721 810 795 SANCTO
827 719 997 795 JOANNE
1021 721 1322 795 EVANGELISTA
1346 721 1509 794 SERMO.
1752 717 1823 790 549

243 859 369 932 tandiu
378 885 462 932 eum
471 875 666 940 reservaret
682 861 719 932 in
735 859 887 966 mundo.
906 864 1024 947 Quem
1034 885 1101 933 nec
1116 862 1164 932 ita
1180 875 1220 932 ut
1234 875 1380 934 caeteros
1399 859 1581 959 apostolos
1597 859 1824 957 passionibus

222 1011 224 1014 ·
243 981 423 1078 exposuit,
441 1004 509 1052 nec
525 980 634 1078 aliligi
649 980 823 1078 permisit,
842 1005 956 1078 quum
968 996 1003 1052 et
1018 1004 1103 1052 eum
1115 983 1153 1052 in
1169 981 1318 1052 ferventi
1335 981 1416 1053 oleo
1432 978 1642 1052 custodierit
1657 979 1820 1070 ittaesum,

242 1112 279 1170 et
296 1114 336 1171 ut
349 1100 426 1196 ejus
443 1100 545 1174 citius
565 1102 773 1173 terminaret
793 1099 954 1192 erilium,
976 1101 1014 1171 in
1035 1117 1301 1198 persecutorem
1320 1101 1396 1198 ejus
1415 1101 1611 1173 vindictam
1632 1103 1823 1173 maturarit

241 1221 501 1293 Domitianum.
520 1222 628 1318 Cujus
649 1220 817 1293 omnibus
838 1220 989 1293 decretis
1010 1244 1031 1293 a
1051 1236 1177 1293 senatu
1202 1223 1375 1318 quassatis
1396 1222 1536 1294 occulta
1552 1219 1617 1292 Dei
1637 1219 1822 1319 dispensa-

240 1341 340 1412 tione
360 1341 407 1413 ab
425 1342 529 1414 exibo
550 1343 626 1442 ipse
646 1340 814 1414 reductus
836 1339 1001 1414 fidelibus
1021 1341 1163 1440 populis
1190 1367 1274 1414 cum
1294 1366 1434 1414 summa
1460 1340 1677 1413 exultatione
1698 1356 1752 1413 est
1771 1366 1825 1413 re·

240 1464 395 1534 stitutus.
415 1468 455 1534 ln
472 1487 545 1560 quo
555 1464 662 1534 etiam
674 1462 777 1535 exilio
789 1478 925 1561 quauta
936 1488 957 1537 a
968 1464 1126 1535 Domino
1142 1464 1188 1535 sit
1203 1464 1236 1534 ei
1252 1463 1400 1535 collata¹
1420 1461 1637 1552 consolatio,
1652 1461 1821 1534 revelatio

240 1577 375 1652 ibidem
391 1581 423 1652 ei
440 1580 553 1690 lacta,
578 1605 656 1678 quae
678 1583 911 1680 Apocalypsis
934 1580 1078 1672 dicitur,
1096 1580 1282 1654 manifeste
1307 1596 1468 1654 testatur.
1492 1582 1563 1668 Qui
1583 1583 1691 1653 etiam
1712 1607 1822 1680 (pram

240 1701 441 1774 mirabilem
465 1716 501 1774 et
517 1701 719 1798 jucundum
741 1704 821 1775 vitae
840 1701 1008 1775 habuerit
1027 1703 1238 1793 terminum,
1266 1703 1303 1774 in
1318 1719 1434 1775 morte
1454 1728 1600 1800 quoque
1625 1704 1719 1774 circa
1739 1727 1822 1775 eum

237 1843 380 1893 summa
394 1820 537 1892 dilectio
554 1821 700 1895 Domini
714 1820 895 1914 claruerit,
909 1823 1105 1896 multorum
1116 1822 1289 1896 relatione
1301 1828 1313 1864 ¹
1328 1823 1530 1896 didicimus.
1549 1822 1673 1894 Solum
1688 1825 1823 1922 quippe

238 1937 356 2034 ipsum
379 1938 426 2011 ab
446 1939 525 2036 ipso
545 1941 704 2011 Domino
731 1940 880 2037 legimus
907 1943 1116 2032 inritatum,
1143 1955 1184 2014 ut
1209 1941 1255 2014 ad
1279 1967 1476 2041 supernum
1500 1941 1651 2013 fratrum
1674 1965 1822 2014 suorum

237 2057 495 2131 conscenderet
505 2061 728 2150 convivium,
750 2077 849 2134 uteo
865 2063 1031 2134 veniente
1047 2063 1098 2134 sic
1114 2063 1277 2134 omnium
1293 2061 1534 2160 compleretur
1550 2059 1733 2158 gaudium.
1752 2065 1823 2148 Qui

237 2193 272 2248 et
294 2191 335 2248 ut
352 2178 485 2270 voluit,
504 2193 541 2252 et
559 2179 707 2277 quando
730 2180 860 2270 voluit,
880 2183 1038 2250 animam
1053 2192 1156 2254 s'uam
1172 2183 1209 2253 in
1227 2207 1354 2255 manus
1376 2183 1523 2254 Domini
1540 2180 1819 2272 commendam,

235 2313 310 2372 tam
326 2297 462 2371 alienus
478 2301 591 2371 exurit
607 2323 628 2371 a
644 2298 771 2371 dolore
791 2295 939 2387 mortis,
957 2313 1074 2394 quam
1088 2299 1233 2393 ignarus
1255 2297 1369 2372 fuerat
1391 2325 1413 2376 a
1433 2302 1666 2400 corruptione
1689 2303 1819 2375 carnis.

235 2419 344 2516 Cujus
360 2415 516 2517 denique
531 2441 662 2517 corpus
673 2441 741 2490 nec
756 2417 988 2515 corruptione
1004 2415 1061 2488 vel
1072 2419 1263 2518 putredine
1277 2435 1490 2518 corruptum
1502 2422 1539 2492 in
1552 2423 1670 2519 specie
1682 2445 1823 2496 mannae

234 2535 443 2636 perhibetur
457 2563 691 2629 conversum,
710 2553 751 2610 ut
766 2561 808 2610 ex
828 2537 904 2634 ejus
928 2537 1060 2636 speciei
1086 2535 1245 2610 candore
1270 2535 1449 2611 munditia
1471 2543 1588 2613 carnis
1608 2540 1824 2639 probaretur

233 2655 481 2730 immaculatae.
500 2656 609 2745 Quod
625 2655 790 2730 nonnulli
807 2681 952 2755 quoque
968 2671 1177 2729 sanctorum
1188 2657 1265 2754 jam
1281 2653 1395 2752 gloria
1416 2657 1690 2730 resurrectionis
1706 2661 1821 2736 dona·

232 2791 311 2848 tum
327 2792 485 2850 astruere
500 2798 577 2850 non
594 2776 862 2850 dubitaverunt.
882 2771 986 2850 Unde
1002 2774 1091 2846 illud
1108 2787 1161 2848 cst
1176 2775 1435 2873 augustiniani⁸
1449 2777 1625 2848 sermonis
1639 2781 1677 2847 in
1691 2781 1824 2854 Natale

233 2900 438 2995 Martyrum
452 2928 463 2970 .·
479 2903 558 2972 «Ut
572 2913 710 2971 taceam
725 2899 809 2996 quia
825 2899 947 2996 omnia
959 2895 1145 2996 possibilia
1159 2909 1243 2970 sunt
1258 2899 1353 2987 De0,
1370 2909 1406 2968 et
1421 2896 1522 2993 quod
1535 2895 1662 2967 clausis
1676 2895 1822 2972 tumulis

231 3017 346 3116 possit
360 3043 492 3117 corpus
508 3019 691 3117 spirituale
712 3017 886 3110 educere,
909 3017 1057 3091 loannis
1076 3030 1220 3090 tantum
1235 3015 1389 3116 apostoli
1404 3013 1580 3088 babemus
1598 3015 1818 3116 exemplum,

231 3161 341 3236 quem
356 3138 514 3212 tumulus
529 3153 734 3237 susceptum
747 3136 913 3212 claudere
929 3137 1059 3236 potuit,
1074 3137 1255 3211 custodire
1272 3160 1346 3209 non
1362 3137 1494 3236 potuit.
1511 3139 1601 3208 Nam
1616 3133 1820 3235 depositum
1905 3183 1907 3189 ‚

229 3281 362 3357 corpus
378 3258 558 3358 perdidit,
576 3281 652 3331 non
674 3259 875 3358 assumpsit.
898 3259 965 3330 Hic
981 3259 1079 3334 enim
1098 3255 1227 3332 clausis
1246 3253 1376 3331 tumuli
1396 3255 1549 3348 loribus,
1573 3259 1684 3354 gratia
1700 3283 1840 3337 resur-,

229 3378 399 3450 rectionis
416 3376 576 3450 ablatum
591 3393 657 3466 est,
676 3392 717 3450 ut
732 3391 914 3450 constaret
928 3376 1124 3477 sepultura,
1141 3399 1210 3450 nec
1225 3375 1446 3450 inveniretur
1462 3375 1634 3478 sepultus.
1655 3375 1819 3476 Denique

229 3521 344 3595 quum
359 3497 562 3572 sacerdotes
577 3496 783 3570 honorandi
799 3522 906 3571 causa
922 3520 1054 3596 corpus
1078 3495 1317 3594 inquirerent,
1335 3510 1493 3568 reserato
1516 3493 1633 3585 aditu,
1660 3495 1820 3569 tumulus

228 3639 306 3689 non
321 3619 440 3716 potuit
455 3615 606 3690 reddero
621 3641 731 3716 quem
744 3613 910 3719 suscepit.
923 3645 940 3684 >r
955 3615 1064 3713 Cujus
1079 3616 1189 3690 etiam
1203 3615 1339 3705 locum,
1351 3638 1425 3712 quo
1437 3614 1674 3687 castissimum
1687 3639 1820 3714 corpus
1896 3657 1899 3664 ·

226 3739 305 3836 ejus
324 3736 515 3811 tenebatur
535 3763 647 3839 quum
665 3737 898 3836 Evangelium
914 3737 1104 3827 scriberet,
1122 3736 1179 3808 vel
1198 3736 1354 3809 orationi
1369 3735 1536 3824 instaret,
1556 3747 1692 3833 quanta
1707 3736 1819 3832 gratia

226 3859 325 3933 Deus
342 3859 557 3956 insignierit,
574 3861 766 3956 Gregorius
781 3859 1015 3949 Turonensis,
1032 3855 1126 3928 libro
1144 3855 1402 3928 Mr'raculorum
1418 3859 1447 3944 1,
1464 3869 1744 3948 commemorat,
1763 3855 1819 3929 di.

227 3983 346 4052 cens‘:
364 4009 382 4048 «
393 3983 434 4054 In
445 3979 587 4078 Epheso
598 3977 753 4052 habetur
767 3979 886 4069 locus,
898 3979 935 4050 in
949 4001 1023 4078 quo
1035 3973 1096 4048 hic
1112 3974 1295 4073 apostolus
1311 3973 1544 4070 Evangelium
1560 3977 1712 4074 scripsit.
1727 3979 1819 4049 Sunt

226 4114 348 4174 autem
370 4101 407 4172 in
428 4103 631 4174 summitate
651 4102 785 4174 montis
805 4099 898 4172 illius
913 4096 1067 4197 proximi
1082 4109 1238 4195 quatuor
1253 4095 1405 4193 parietes
1425 4094 1503 4165 sine
1519 4109 1632 4183 tecto,
1652 4093 1714 4164 ubi
1730 4119 1818 4168 ora-

226 4221 320 4293 tioni
343 4221 532 4309 insistens,
555 4221 752 4293 Dominum
779 4216 966 4308 exorabat,
985 4216 1212 4314 obtinuitque
1235 4239 1282 4286 ne
1308 4214 1346 4286 in
1370 4211 1453 4284 loco
1479 4209 1541 4282 illo
1562 4209 1679 4283 imber
1703 4209 1819 4286 ullus¹

226 4340 473 4432 descenderet,
486 4341 604 4414 donec
619 4340 678 4413 ille
693 4340 927 4438 Evangelium
944 4335 1166 4436 adimpleret.
1185 4335 1255 4408 Sed
1271 4359 1384 4431 usque
1400 4329 1511 4404 bodie
1527 4331 1575 4403 ita
1591 4344 1777 4428 praestatur
1794 4357 1815 4404 a

224 4463 405 4555 Domino,
423 4478 464 4537 ut
479 4463 577 4537 nulla
592 4461 643 4534 ibi
659 4461 855 4534 descendat
870 4461 1004 4560 pluvia.
1027 4487 1045 4527 a

275 4583 327 4654 Ex
342 4582 399 4655 his
412 4585 532 4682 itaque
555 4581 716 4681 specialis
737 4582 802 4654 iste
819 4577 969 4652 dilectus
984 4578 1131 4651 Domini
1148 4601 1257 4676 quam
1272 4571 1496 4647 honorabilis
1511 4573 1522 4608 ⁸
1537 4571 1630 4641 inter
1646 4584 1810 4660 caeteros,

224 4726 337 4802 quam
352 4719 518 4802 acceptus
534 4703 687 4774 extiterit
702 4705 794 4791 De0,
815 4703 958 4800 quantis
974 4699 1181 4799 praemineat
1198 4697 1351 4786 meritis,
1369 4693 1513 4793 quantis
1529 4690 1574 4762 sit
1589 4687 1814 4764 extollendus

222 4825 431 4924 praeconiis,
453 4841 489 4897 et
508 4849 593 4914 vos,
615 4825 693 4897 Deo
717 4821 854 4895 dilectae
868 4822 1041 4920 virgines,
1059 4820 1244 4910 attendite,
1262 4831 1435 4915 tantoque
1452 4811 1616 4886 devotius
1633 4811 1707 4908 ejus
1723 4811 1813 4886 sole

221 4946 412 5018 mnitatem
424 4943 614 5035 celebrate,
624 4958 760 5042 quanto
771 4941 922 5042 amplius
933 4940 1262 5040 ejusexcellentiam
1272 4951 1434 5012 sanctam
1442 4932 1632 5006 imitamini
1641 4931 1809 5029 puritate.

256 5241 265 5270 ⁴
285 5239 336 5294 tta.
349 5241 484 5294 Dina-Es*
495 5257 510 5292 u
522 5241 623 5293 Domitio
636 5255 691 5304 quta
704 5244 735 5292 rte
748 5243 839 5291 collata
855 5235 902 5291 Ed.
918 5237 990 5290 lmb.
1004 5236 1053 5276 -'
1067 5239 1220 5289 lirueluttonr
1236 5233 1287 5286 llS.
1306 5231 1417 5285 ilina-
1432 5231 1441 5260 ¹
1457 5232 1608 5281 dauveus
1626 5227 1676 5280 us.
1694 5227 1761 5281 Eira.
1779 5255 1809 5267 -

220 5331 233 5358 ⁸
253 5332 317 5396 Opp.
335 5331 443 5396 Parisiis,
455 5333 527 5395 tata,
542 5332 591 5384 col.
602 5330 808 5383 rsa-’tacut
816 5339 944 5397 corruptus
953 5328 978 5380 iu
987 5325 1059 5380 Amb.
1070 5326 1130 5379 edit.
1142 5350 1175 5365 -
1188 5323 1199 5352 ⁸
1212 5325 1372 5376 uuonan
1383 5319 1432 5372 lis.
1445 5318 1512 5404 Eine.
