4590 6110
459 591 531 663 684
1053 581 1181 654 PETRI
1207 581 1441 654 suffitiant

459 739 604 805 centum
620 727 800 824 sexaginta
817 750 934 798 annos
950 724 1207 798 chronicorum
1222 725 1429 823 supputatio
1449 721 1622 818 assignat,
1640 734 1681 791 ut
1696 741 1924 816 nequaquam
1939 731 2041 788 tanto

457 851 611 950 tempori
627 850 700 920 vita
715 845 875 946 praedicti
890 847 957 917 viri
973 845 1162 919 sufficeret.
1176 846 1355 944 Scriptum
1367 845 1501 942 quippe
1515 857 1568 914 est
1583 843 1621 913 in
1632 839 1789 912 Psalmis
1799 843 1826 910 ¹:
1843 867 1862 906 «
1875 838 1911 908 Si
1922 851 2041 910 autem

455 974 492 1043 in
509 969 717 1069 potentibus
733 968 918 1064 octoginta
932 953 1037 1056 anni,
1056 981 1092 1038 et
1108 965 1260 1063 amplius
1275 989 1402 1058 eorum
1417 963 1521 1036 labor
1537 977 1573 1035 ct
1587 961 1707 1034 dolor.
1722 988 1740 1028 u
1752 965 1804 1030 Ex
1819 983 1893 1057 quo
1908 957 2042 1054 liquide

455 1090 634 1187 colligitur
649 1089 759 1160 alium
783 1089 993 1185 Dionysium
1016 1087 1286 1185 Areopagitam,
1312 1085 1421 1158 alium
1442 1085 1654 1182 Dionysium
1679 1081 1948 1155 Corinthiorum
1965 1080 2040 1176 epi·

455 1235 606 1308 scopum
628 1211 814 1282 exstitisse.
833 1213 948 1306 Atque
965 1207 1014 1279 ita
1030 1206 1283 1305 praedictorum
1306 1221 1496 1278 auctorum
1516 1204 1699 1276 sententiis
1724 1201 1827 1274 Bedae
1850 1199 2041 1272 refellimus

456 1331 684 1429 opinionem,
712 1329 908 1429 praesertim
930 1353 1043 1426 quum
1059 1342 1095 1398 et
1111 1327 1255 1398 illorum
1276 1325 1383 1423 longe
1403 1327 1545 1423 gravior
1566 1325 1758 1397 auctoritas
1782 1323 1844 1412 sit,
1866 1335 1903 1392 et
1924 1320 1960 1392 in
1977 1343 2041 1391 ore

455 1452 612 1523 duorum
637 1452 883 1550 potiusquam
899 1450 1004 1521 unius
1021 1464 1115 1520 stare
1137 1448 1290 1520 verbum
1312 1449 1516 1520 conveniat.
1535 1446 1589 1517 Ad
1614 1443 1889 1517 ecclesiasticam
1908 1440 2041 1538 quippe

452 1573 653 1660 historiam,
672 1572 773 1670 quasi
789 1573 946 1669 primum
964 1585 999 1642 et
1014 1559 1210 1643 maxinium
1223 1568 1542 1641 ecelesiasticorum
1554 1582 1735 1664 gestorum
1752 1564 2038 1651 fundamentum,

453 1707 527 1764 tam
553 1691 686 1762 Bedam
711 1715 820 1786 quam
842 1707 988 1762 caeteros
1009 1691 1201 1788 scriptores
1226 1688 1483 1761 ecclesiasticos
1500 1711 1683 1759 recurrere
1702 1700 1841 1758 certum
1861 1697 1926 1755 est.
1946 1683 2038 1769 Quid

452 1813 573 1909 itaque
591 1810 734 1881 videtur
751 1808 817 1881 tibi
834 1809 1054 1907 respondere
1069 1832 1176 1907 posse
1192 1808 1305 1898 Beda,
1329 1811 1358 1880 si
1382 1809 1442 1880 illa
1457 1809 1589 1906 scripta
1605 1809 1637 1878 ei
1662 1805 1841 1879 adversari
1862 1817 2039 1874 monstra·

452 1933 563 2020 veris,
582 1955 740 2028 quorum
755 1956 793 2002 se
808 1929 1013 2027 frequenter
1029 1927 1301 2001 auctoritatibus
1316 1930 1492 2027 protegit?
1510 1928 1564 2000 Nil
1580 1926 1748 2026 equidem
1764 1925 1914 2015 rectius,
1933 1947 2041 2021 quam

452 2049 620 2147 sapientis
636 2047 737 2120 illum
753 2047 968 2120 versiculum
983 2051 1015 2115 ²:
1867 2047 1870 2054 '

789 2285 796 2298 -
834 2246 1002 2308 Conveniet
1016 2246 1110 2324 nulli,
1125 2245 1178 2329 qui
1193 2264 1297 2310 seeum
1312 2244 1442 2309 dissidet
1455 2247 1530 2328 ipse.
1562 2245 1569 2258 '

452 2457 503 2524 Ne
513 2455 593 2550 quis
606 2466 726 2523 autem
743 2452 895 2547 graviter
913 2451 1019 2542 ferat,
1034 2477 1076 2524 ac
1092 2453 1324 2525 vehementer
1340 2451 1533 2524 abhorreat
1549 2449 1682 2522 Bedam
1699 2471 1960 2546 nonnunquam
1976 2445 2040 2519 de-

396 2567 400 2575 ’
451 2571 540 2668 cipi,
560 2585 596 2642 et
612 2596 679 2642 suo
695 2571 836 2668 spiritu,
855 2596 930 2642 non
944 2569 1081 2660 divino,
1099 2571 1264 2668 quaedam
1280 2570 1488 2669 protulisse,
1507 2597 1551 2643 eo
1562 2569 1727 2642 videlicet
1739 2567 1839 2666 quod
1851 2569 1923 2663 ejus
1936 2591 2042 2664 expo

451 2693 600 2764 sitiones
617 2692 827 2763 Latinorum
844 2693 997 2764 maxime
1014 2691 1216 2790 frequentet
1231 2692 1380 2764 eeclesia
1399 2721 1407 2764 :
1427 2691 1474 2765 ad
1492 2693 1703 2764 memoriam
1719 2691 1872 2762 Natham
1887 2687 2041 2787 proplie-

437 2828 525 2888 itam
547 2811 696 2884 reducat
721 2812 767 2883 dc
792 2810 1004 2884 aedificando
1030 2812 1166 2911 templo
1188 2811 1381 2911 deceptum
1393 2815 1415 2906 ³,
1435 2828 1542 2911 atque
1567 2813 1678 2912 ipsius
1703 2837 1849 2910 quoque
1873 2809 2041 2908 principis

450 2934 698 3031 apostolorum
711 2933 951 3031 perniciosam
962 2933 1228 3005 simulationem
1241 2959 1262 3006 a
1273 2932 1484 3032 coapostolo
1498 2933 1608 3005 Paulo
1619 2945 1818 3004 correctam
1830 2933 1853 3019 ⁸,
1871 2958 1889 2996 a
1905 2929 2007 3016 Quia,
2019 2956 2037 2994 a

450 3056 584 3152 inquit,
606 3083 625 3122 a
642 3052 933 3152 reprehensibilis
950 3069 1026 3125 erat
1046 3082 1054 3125 :
1077 3083 1095 3122 n
1115 3078 1259 3125 necnon
1278 3069 1314 3126 et
1328 3053 1571 3128 venerabilem
1588 3054 1776 3125 doctorem
1792 3051 2038 3146 augustinum,

450 3178 512 3275 qui
528 3202 668 3249 errores
685 3177 851 3274 proprios
868 3191 998 3273 sponte
1014 3176 1248 3272 corrigendo,
1277 3177 1491 3249 omniafere
1513 3177 1645 3274 scripta
1670 3199 1732 3246 sua
1756 3185 1947 3244 retractare
1966 3195 2040 3242 non

453 3297 607 3369 erubuit.
632 3298 833 3394 Recogitet⁸
849 3313 885 3369 et
909 3296 998 3367 illud
1023 3296 1131 3369 Heliae
1154 3297 1428 3396 proverbium⁸z
1453 3326 1472 3365 a
1493 3302 1573 3369 Non
1591 3298 1688 3368 enim
1708 3294 1874 3367 meliores
1901 3317 2038 3381 sumus,

450 3440 559 3511 quam
577 3432 696 3512 patres
713 3416 839 3488 nostri.
862 3444 880 3484 u
900 3420 944 3488 Et
960 3431 1048 3487 tunc
1068 3416 1250 3514 prolecto,
1269 3443 1383 3514 quum
1404 3431 1590 3489 tantorum
1606 3416 1768 3487 virorum
1786 3409 1926 3486 errores
1942 3436 2040 3482 com·

450 3536 726 3622 memoraverit,
741 3537 816 3630 jam
834 3534 880 3605 dc
897 3560 1018 3606 errore
1036 3535 1138 3605 Bedae
1159 3536 1281 3607 mirari
1303 3537 1461 3610 desistet.
1482 3543 1528 3608 Ut
1544 3537 1642 3608 enim
1665 3515 1789 3609 beatus
1812 3535 1935 3608 asserit
1954 3535 2039 3602 Gre-

451 3652 572 3748 gorius
594 3651 631 3720 in
658 3651 774 3747 prima
799 3675 906 3749 super
929 3651 1152 3724 Ezechielem
1178 3655 1352 3745 Homilia,
1377 3681 1642 3754 nonnunquam
1660 3655 1811 3753 Spiritus
1831 3666 1974 3726 sanctus
1995 3649 2040 3722 ad

451 3770 662 3843 humilitatis
678 3772 879 3844 custodiam
897 3773 1077 3846 mentibus
1093 3773 1254 3848 fidelium
1275 3802 1352 3849 sese
1372 3778 1569 3866 subtrahit,
1600 3792 1636 3849 ct
1656 3802 1718 3848 eos
1739 3777 1776 3847 in
1796 3799 1956 3848 errorem
1971 3771 2041 3844 labi

450 3894 641 3991 permittit,
665 3909 705 3964 ut
725 3892 891 3966 videlicet
911 3913 1192 3992 recognoscant,
1222 3923 1333 3996 quam
1358 3899 1500 3971 inutiles
1522 3900 1655 3998 Spiritu
1678 3913 1804 3971 sancto
1828 3896 2040 3969 abscedente

450 4027 660 4083 remaneant
681 4041 689 4083 :
709 4014 771 4110 qui
788 4015 897 4085 etiam
912 4040 1026 4112 quum
1052 4015 1233 4088 mentibus
1249 4018 1415 4116 praesidet
1439 4034 1666 4108 sanctorum,
1688 4019 1738 4090 sic
1754 4016 1888 4088 revelet
1909 4016 2038 4112 aliqua,

451 4147 490 4202 ut
507 4131 663 4203 occultet
680 4133 867 4205 nonnulla.
888 4137 960 4207 Nec
974 4139 986 4173 ⁷
1001 4159 1220 4235 magnopere
1236 4137 1438 4211 curandum
1455 4153 1525 4228 est,
1544 4139 1573 4209 si
1586 4138 1629 4222 jn
1645 4137 1821 4226 lristoriiS,
1840 4152 1901 4208 aut
1916 4137 1951 4206 in
1970 4134 2038 4223 his,

451 4275 529 4348 quae
550 4249 596 4322 ad
618 4250 801 4322 catholica
824 4252 910 4324 fidei
930 4254 1131 4352 perieulum
1156 4277 1231 4327 non
1260 4257 1430 4348 attinent,
1458 4283 1594 4330 errasse
1616 4272 1759 4329 sanctos
1781 4279 2040 4351 nonnunquam

451 4393 665 4460 annuamus,
685 4396 796 4467 quum
814 4387 935 4470 aperte
951 4375 1168 4468 Augustinus
1180 4375 1226 4447 de
1237 4376 1387 4448 historia
1402 4377 1545 4476 septimi
1564 4375 1694 4450 Psalmi
1708 4379 1746 4448 in
1763 4376 1864 4472 cujus
1880 4373 2040 4446 videlicet

452 4489 582 4561 Psalmi
596 4492 701 4563 titulo
718 4492 860 4588 legitur,
882 4522 901 4560 a
917 4497 986 4564 Pro
1003 4493 1121 4567 verbis
1139 4495 1248 4567 Chusi
1264 4496 1327 4568 filii
1343 4498 1491 4586 demini,
1508 4527 1526 4566 a
1545 4523 1611 4596 per
1627 4499 1887 4594 Hieronymum
1909 4517 2041 4564 errasse

450 4613 618 4685 convinci
636 4615 765 4712 possit,
785 4629 958 4712 tanquam
974 4615 1156 4688 Hebraicae
1172 4620 1314 4715 penitus
1331 4645 1455 4718 expers
1467 4619 1638 4690 veritatis.
1659 4619 1695 4689 si
1714 4618 1794 4715 quis
1810 4632 1930 4688 autem
1943 4614 2041 4686 Bedae

450 4759 596 4833 quoque
609 4737 858 4808 auctoritatem
872 4735 1025 4809 salvare⁸
1041 4740 1187 4829 nitatur,
1203 4756 1244 4813 ut
1258 4739 1427 4813 omnibus
1442 4739 1645 4831 satisfaciat,
1660 4741 1779 4812 dicere
1796 4740 1943 4811 sortasse
1957 4735 2041 4807 lice-

484 5007 492 5034 ⁴
513 5007 602 5058 Psalm.
617 5027 723 5072 cxxxix,
735 5027 758 5062 v.
774 5014 813 5063 10.
823 5037 854 5049 -
865 5011 874 5040 ¹
886 5013 948 5065 Diti.
964 5015 1075 5075 Catonia,
1089 5017 1116 5080 l,
1127 5031 1151 5066 v.
1165 5017 1223 5066 l.-
1266 5017 1340 5068 'Non
1355 5017 1427 5069 lmb.
1436 5043 1458 5054 α
1471 5017 1481 5044 ⁸
1494 5017 1535 5069 Sic
1546 5015 1608 5068 Cod.
1619 5018 1683 5067 2⁴45
1693 5017 1714 5068 Α
1724 5026 1750 5066 et
1759 5015 1886 5066 atat-si
1898 5019 1951 5078 qvir
1964 5023 2043 5062 etitem

450 5091 531 5156 ‘Rea
544 5094 583 5155 ll,
596 5109 651 5161 cap.
666 5112 708 5148 vu.
723 5123 750 5133 -
761 5095 772 5123 ⁴
784 5099 877 5158 Galat„
893 5115 949 5165 cap.
968 5117 1000 5163 n,
1013 5116 1037 5152 v.
1055 5105 1094 5150 tt.
1108 5100 1158 5138 -⁸
1173 5103 1226 5154 ile-
1266 5103 1341 5154 Bedoe
1354 5117 1447 5166 quoque
1461 5107 1606 5154 auewritete
1616 5107 1707 5154 auster
1721 5100 1792 5152 drab.

450 5183 555 5242 rogitate
571 5179 634 5231 Cod.
649 5181 715 5231 tttt
726 5181 756 5232 Α.
770 5208 796 5220 ·-
811 5181 892 5247 ‘Rae
912 5186 963 5246 lli,
980 5200 1036 5252 cap.
1050 5201 1107 5242 xix,
1122 5203 1146 5236 v.
1160 5187 1183 5238 l.
1196 5212 1226 5224 -
1264 5205 1283 5214 ·’
1510 5203 1514 5208 ·
