4590 6106
890 635 1145 724 'EPlS‘l'OLAE
1769 655 1813 725 ta

114 887 118 896 Ι
240 795 302 866 uni
321 815 379 863 me
403 791 541 862 lerninae
564 787 742 879 dicarem,
768 802 804 858 et
825 790 1036 887 turpitudini
1056 805 1160 862 tantae
1182 790 1417 886 subjicerem¹.
1440 791 1687 864 Detestabatur
1708 792 1813 864 vehe-

241 927 380 984 menter
401 910 471 982 hoo
489 909 774 998 matrimonium,
791 908 891 1005 quod
910 908 998 980 rnihi
1014 933 1079 1007 per
1098 911 1219 980 omnia
1241 909 1454 1008 probrosum
1471 926 1578 1001 esset,
1603 926 1709 1008 atque
1726 937 1813 983 one·

240 1034 391 1102 rosum¹.
414 1027 658 1102 Praetendebat
672 1028 852 1100 infamiam
872 1030 943 1101 mei
960 1029 1091 1127 pariter
1108 1045 1144 1100 et
1161 1026 1383 1102 difficultates
1401 1031 1638 1121 matrimonii,
1662 1031 1708 1102 ad
1725 1055 1814 1127 quas

241 1148 384 1246 quidem
402 1147 563 1220 vitandas
576 1171 644 1219 nos
657 1145 846 1219 exhortans
859 1148 1040 1245 apostolus
1059 1148 1148 1218 ait³:
1173 1175 1191 1215 a
1209 1147 1352 1220 Solutus
1369 1173 1406 1220 es
1424 1148 1470 1220 ab
1483 1149 1618 1222 uxore?
1632 1149 1707 1220 noli
1723 1175 1814 1247 quae-

240 1293 317 1339 rere
342 1291 503 1340 uxorem.
528 1268 564 1337 Si
587 1281 706 1338 autem
733 1269 908 1366 acceperis
929 1291 1099 1356 uxorem,
1125 1292 1198 1338 non
1222 1269 1388 1365 peccasti.
1409 1271 1452 1338 Et
1469 1269 1497 1339 si
1516 1271 1674 1367 nupserit
1691 1272 1809 1367 virgo,
1869 1257 1875 1270 ’

239 1385 312 1458 non
338 1384 511 1485 peccabit.
545 1385 822 1458 ‘tribulationem
851 1402 969 1459 tamen
996 1389 1111 1458 carnis
1133 1385 1318 1459 habebunt
1340 1386 1556 1482 hujusmodi.
1592 1391 1665 1484 Ego
1694 1405 1813 1462 autem

237 1529 344 1603 parco
369 1505 483 1577 vobis.
502 1535 520 1571 u
543 1509 586 1576 Et
608 1506 761 1576 iterum:
781 1534 799 1572 u
821 1507 912 1577 Volo
935 1521 1052 1578 autern
1070 1531 1135 1578 vos
1156 1507 1232 1578 sine
1250 1505 1485 1578 sollicitudine
1507 1530 1594 1578 esse.
1615 1535 1631 1572 u
1656 1509 1763 1594 Quod
1784 1515 1811 1582 si

236 1650 302 1696 nec
325 1624 475 1724 apostoli
498 1625 709 1715 consilium,
732 1650 798 1697 nec
823 1641 1027 1698 sanctorum
1040 1627 1303 1700 exhortationes
1320 1627 1367 1699 de
1384 1641 1484 1699 tanto
1498 1628 1713 1699 matrimonii
1724 1631 1810 1726 jugo

236 1746 471 1842 susciperem:
489 1744 632 1833 saltem,
654 1745 790 1841 inquit,
809 1743 1044 1843 philosophos
1057 1744 1297 1835 consulerem,
1321 1759 1357 1817 et
1375 1769 1454 1842 quae
1476 1769 1582 1842 super
1595 1744 1666 1816 hoo
1683 1744 1745 1816 ah‘
1762 1750 1811 1818 eis

237 1864 293 1933 vel
312 1861 357 1935 de
374 1866 424 1936 eis
441 1865 569 1961 scripta
588 1878 687 1952 sunt,
709 1862 928 1936 attenderem
936 1868 956 1934 ¹.
984 1864 1090 1950 Quod
1112 1864 1310 1961 plerunque
1331 1865 1438 1935 etiarn
1456 1866 1567 1934 sancti
1584 1863 1631 1936 ad
1649 1867 1810 1964 increpa-

236 1984 373 2054 tionem
397 1975 553 2055 nostram
578 1984 764 2080 diligenter
787 1983 930 2055 faciunt.
961 1984 1075 2068 Quale
1098 1982 1186 2053 illud
1212 1999 1266 2054 est*
1286 1983 1381 2054 beati
1402 1984 1608 2080 Hieronymi
1633 1987 1669 2055 in
1694 1989 1811 2083 primo

239 2105 371 2172 Contra
392 2103 651 2186 loutariorum,
680 2102 741 2172 uhi
769 2101 900 2172 scilicet
927 2115 1186 2173 commemorat
1217 2100 1499 2198 Theophrastum
1530 2103 1811 2177 intolerabilibus
1909 2136 1914 2148 ‘

236 2223 437 2318 nuptiarum
468 2220 657 2310 molestiis,
687 2218 907 2316 assiduisque
936 2217 1241 2315 inquietudinibus
1265 2245 1307 2290 ex
1338 2243 1465 2316 magna
1495 2233 1594 2318 parte
1625 2219 1812 2318 diligenter

235 2341 422 2437 expositis,
444 2364 592 2413 uxorem
615 2339 765 2437 sapienti
783 2363 857 2410 non
884 2362 959 2410 esse
983 2337 1186 2409 ducendam
1207 2337 1477 2410 evidentissimis
1501 2339 1723 2410 rationibus⁷
1747 2341 1810 2412 ad·

235 2460 410 2530 strinxisse
419 2461 441 2550 ¹,
475 2459 535 2530 uhi
562 2475 596 2530 et
620 2461 695 2557 ipse
718 2457 798 2530 illas‘
818 2456 1073 2531 exhortationis
1093 2457 1346 2556 philosophicae
1368 2459 1523 2530 rationes
1547 2458 1608 2529 tali
1629 2459 1700 2530 line
1724 2485 1811 2531 con-

234 2577 379 2650 cludens
403 2607 410 2648 :
438 2609 456 2647 u
481 2584 577 2667 Hoc,
600 2607 618 2645 u
644 2579 777 2675 inquit,
801 2607 819 2645 u
838 2592 874 2650 et
892 2576 1098 2672 hujusmodi
1118 2576 1382 2676 Theophrastus
1395 2576 1591 2668 disserena,
1608 2603 1716 2676 quem
1734 2605 1809 2651 non

233 2698 715 2771 suffimdatchristianorum?
731 2699 856 2770 uidem
870 2699 906 2768 in
919 2697 1048 2770 eodem
1062 2725 1069 2766 :
1090 2699 1252 2788 «Cicero,
1263 2727 1281 2766 >r
1302 2700 1428 2796 inquit,
1447 2714 1618 2795 «rogatus
1631 2700 1677 2770 ab
1690 2702 1809 2798 Hircio
1889 2721 1891 2726 ’

233 2832 272 2888 ut
291 2835 373 2916 post
394 2819 585 2918 repudium
605 2819 790 2909 Terentiae,
812 2840 972 2891 sororem
991 2819 1067 2913 ejus
1085 2817 1230 2890 duceret
1241 2845 1254 2908 ;v
1277 2818 1426 2889 omuino
1451 2818 1566 2890 facere
1590 2819 1806 2918 supersedit,

234 2937 357 3009 dicens
384 2963 461 3011 non
483 2963 587 3036 posse
611 2965 647 3011 se
676 2952 712 3011 et
733 2939 835 3009 uxori
858 2953 894 3010 et
917 2937 1151 3037 philosophiae
1179 2961 1327 3034 operam
1356 2937 1488 3033 pariter
1516 2935 1612 3008 dare.
1653 2943 1731 3008 Non
1762 2942 1809 3009 ait

233 3055 383 3156 operam
402 3056 505 3148 dare,
525 3057 587 3130 sed
604 3059 762 3155 adjunxit
779 3058 931 3156 pariter,
950 3056 1286 3153 nolensquicquam
1312 3079 1414 3153 agere
1432 3054 1531 3151 quod
1553 3055 1672 3127 studio
1694 3081 1810 3151 aequa·

231 3192 331 3249 retur
350 3177 594 3276 philosophiae.
614 3207 631 3246 u
660 3184 707 3250 Ut
728 3192 846 3250 autem
873 3177 943 3248 hoo
967 3177 1210 3276 philosophici
1232 3175 1339 3247 studii
1363 3200 1460 3248 nunc
1481 3177 1642 3246 omittam
1662 3177 1810 3274 impedi-

234 3311 416 3385 mentum,
436 3298 553 3395 ipsum
569 3297 716 3370 consule
734 3296 891 3370 honesta.
915 3296 1193 3368 conversationis
1217 3310 1359 3368 statum.
1386 3300 1472 3383 Quae
1496 3296 1593 3366 enim
1619 3299 1810 3367 conventio

233 3413 448 3488 scholarium
469 3416 514 3487 ad
536 3417 786 3514 pedissequas,
809 3417 1077 3514 scriptoriorum
1099 3414 1146 3486 ad
1167 3415 1367 3505 cunabula,
1394 3399 1567 3486 librorum
1590 3415 1664 3486 sive
1680 3414 1811 3486 tabula-

234 3558 313 3603 rum
325 3533 379 3604 'ad
396 3533 514 3624 colos,
535 3534 695 3606 stilorum
715 3537 788 3606 sive
805 3534 1025 3606 calamorum
1043 3533 1090 3604 ad
1105 3533 1223 3604 fusos?
1247 3535 1335 3621 Quis
1353 3531 1509 3630 denique
1531 3533 1639 3604 sacris
1659 3533 1716 3630 yel
1736 3534 1812 3630 phi·

232 3651 423 3749 losophicis
434 3652 723 3726 meditationibus
738 3655 913 3742 intentus,
931 3652 1083 3752 pueriles
1102 3654 1253 3750 vagitus,
1271 3653 1450 3724 nutricum
1470 3676 1548 3749 quae
1565 3651 1633 3722 hos
1650 3653 1811 3752 mitigant

231 3774 383 3862 naenias,
411 3773 665 3845 tumultuosam
688 3772 825 3844 familiae
854 3787 927 3842 tarn
952 3773 988 3842 in
1011 3773 1096 3842 viris
1122 3793 1229 3868 quarn
1254 3773 1291 3841 in
1316 3771 1453 3842 feminis
1475 3770 1614 3842 turbam
1638 3772 1810 3842 sustinere

233 3889 391 3986 poterit?
417 3893 505 3978 Quis
533 3894 640 3964 etiam
662 3893 867 3964 inhonestas
884 3891 964 3962 illas
979 3890 1210 3989 parvulorum
1229 3891 1353 3963 sordes
1375 3890 1530 3963 assiduas
1545 3889 1696 3962 tolerare
1713 3891 1808 3962 vale·

230 4007 307 4079 hit?
327 4006 386 4098 ld,
402 4011 558 4106 inquies,
581 4009 705 4083 divites
725 4025 895 4108 possunt,
919 4033 1074 4106 quorum
1099 4009 1227 4108 palatia
1249 4008 1303 4080 vel
1328 4009 1457 4080 domus
1471 4007 1597 4107 amplae
1614 4008 1808 4080 diversoria

230 4126 378 4217 hahent,
400 4155 554 4226 quorum
566 4129 747 4228 opulentia
767 4153 843 4200 non
857 4130 962 4201 sentit
982 4153 1173 4226 expensas,
1197 4151 1263 4198 nec
1280 4129 1495 4224 quotidianis
1513 4129 1807 4202 sollicitudinibus

231 4248 417 4318 cruciatur.
438 4248 509 4320 Sed
534 4272 608 4319 non
635 4253 707 4336 est,
733 4249 902 4344 inquam,
929 4248 1005 4318 haeo
1026 4247 1184 4318 conditio
1205 4246 1504 4344 philosophorum
1524 4273 1602 4345 quae
1626 4217 1803 4336 divitrrih',

228 4389 295 4436 ner.
318 4367 381 4463 qui
398 4367 525 4465 opibus
544 4367 690 4440 student
708 4368 764 4439 vel
787 4367 1010 4440 saeculan'bus
1026 4366 1252 4464 implicantur
1275 4366 1388 4456 curis,
1413 4367 1540 4438 divinis
1567 4392 1628 4438 seu
1652 4367 1806 4465 philoso-

227 4485 341 4581 phicis
368 4483 546 4559 vacabunt
575 4486 715 4558 officiis,
742 4487 845 4560 Unde
874 4501 910 4559 et
934 4487 1088 4583 insignes
1112 4485 1199 4556 olim
1224 4485 1429 4584 philosophi
1451 4486 1627 4558 mundum
1653 4487 1806 4558 maxime

228 4611 543 4696 contemnentesl',
576 4631 642 4678 nec
672 4622 744 4678 tarn
770 4607 1009 4703 relinquentes
1038 4605 1206 4677 saeculum
1234 4629 1345 4703 quam
1367 4603 1556 4702 fugientes,
1585 4627 1711 4676 omnes
1740 4605 1806 4676 sibi

228 4723 427 4820 voluptates
454 4724 729 4818 interdixerunt,
768 4741 806 4796 ut
828 4727 865 4796 in
898 4725 1002 4795 unius
1028 4722 1262 4823 philosophiae
1286 4726 1546 4821 requiescerent
1571 4724 1803 4822 amplexibus.

262 4964 268 4990 ¹
289 4965 330 5015 Sic
342 4965 586 5032 ABG-Subiuncta
597 4967 664 5020 Edit.
676 4968 746 5020 rlrnb·
758 4995 792 5007 -
806 4967 815 4995 '
830 4949 1010 5020 tutaremus
1034 4973 1203 5032 efficacissimis
1221 4971 1367 5034 urpunentir
1385 4964 1455 5016 ttttS.
1471 4991 1497 5003 -
1515 4964 1672 5018 'detruxisse
1694 4965 1762 5015 ABG.
1775 4991 1805 5000 -

229 5045 278 5098 llS.
291 5047 364 5100 hub.
377 5074 410 5088 -
426 5050 556 5102 'Conmh
568 5053 593 5112 l,
611 5067 665 5118 cap.
682 5068 729 5117 ru,
741 5069 764 5104 r.
778 5056 820 5115 tt,
834 5055 864 5104 tt
879 5063 903 5104 et
917 5055 959 5103 ³2.
970 5075 1004 5091 -·
1035 5048 1112 5106 ’Non
1124 5065 1205 5104 manu
1216 5067 1271 5104 uero
1283 5054 1366 5102 udan
1380 5064 1432 5100 tora
1446 5049 1642 5114 peractorum
1661 5066 1691 5099 ac
1710 5055 1806 5101 diutim

231 5129 354 5196 ‘Scriptis
376 5140 425 5186 tuit
445 5139 521 5188 lateat
543 5141 664 5188 accuratis
684 5137 755 5188 ttttS.
774 5163 807 5177 -
824 5138 834 5164 ³
850 5137 1004 5190 observarem
1036 5137 1107 5189 ttttS.
1119 5165 1149 5174 -
1163 5136 1185 5164 ⁴⁰
1201 5139 1360 5199 Arpemantet
1372 5132 1442 5183 llllS.

231 5213 299 5266 nus.
312 5241 346 5257 -
360 5217 371 5246 0
386 5219 446 5283 opp.
473 5231 492 5270 t.
515 5219 556 5280 rt,
578 5219 626 5272 col.
648 5222 704 5271 tta.
723 5247 752 5257 -
766 5220 775 5247 ¹
791 5219 966 5272 Potentissimis
982 5233 1005 5269 er
