4522 6102
445 641 492 718 66
987 645 1180 718 ANDREAE
1204 643 1482 732 nomenoius

444 779 588 854 Dionyso,
609 777 644 844 sd
660 801 744 858 qtrttn
765 783 894 862 primitus
913 779 951 840 ob
962 783 1014 840 Dei
1029 801 1169 852 moroso,
1184 795 1213 846 st
1232 784 1357 858 ipserum
1377 794 1536 840 assemsum
1547 781 1731 838 meantum
1744 778 1874 852 piamque
1885 775 2019 830 intes-oes-

443 875 551 934 sionem
571 895 587 930 a
606 878 773 952 supradietis
783 879 835 935 Dei
849 877 977 935 fidelibus
992 877 1128 934 traditum
1148 877 1191 936 vel
1210 878 1399 938 condonatum
1415 877 1501 938 inisse
1516 877 1655 940 noscitur,
1674 873 1778 948 absque
1798 870 1882 926 ullius
1898 885 2020 943 persone

442 968 669 1039 contradictione,
682 981 730 1028 aut
742 982 837 1028 nostra
850 971 891 1026 vel
906 988 1098 1030 successorum
1111 981 1271 1030 nostrorum
1284 970 1503 1044 internogations
1513 968 1680 1042 recipietur,
1694 975 1724 1020 et
1735 967 1765 1020 in
1773 965 1878 1037 juv-eac
1891 961 2021 1016 dominc·

444 1062 520 1120 bone
531 1061 618 1133 ipsius
632 1063 794 1138 monasterii
807 1081 872 1120 cum
884 1063 962 1118 omni
973 1063 1135 1136 integritate
1151 1062 1194 1120 vel
1210 1061 1383 1137 appendiciis
1400 1062 1457 1116 scis
1472 1059 1607 1136 quicquid
1624 1057 1730 1114 ibidem
1748 1056 1877 1130 presenti
1894 1065 2020 1126 tempore

442 1153 567 1210 cernitur·
582 1156 722 1226 pertinere
743 1166 899 1212 revocetur.
913 1155 949 1212 Et
968 1156 990 1210 si
1010 1156 1082 1212 sorte
1095 1155 1262 1228 configent,
1282 1167 1314 1212 nt
1329 1153 1428 1210 cedem
1447 1169 1527 1210 soror
1543 1161 1637 1207 nostra
1653 1151 1745 1224 ipsum
1761 1146 1962 1203 mmmm·
1972 1155 2022 1200 snt

441 1256 591 1318 spontanea
601 1247 758 1318 voluntate,
770 1259 802 1304 ut
811 1249 947 1318 diximus,
961 1259 1010 1304 aut
1022 1267 1076 1322 pre
1085 1249 1304 1304 commutatione
1315 1247 1430 1304 alterius
1442 1245 1604 1302 monasterii
1615 1253 1681 1299 sate
1690 1242 1775 1297 linem
1785 1241 1845 1296 vim
1856 1255 1911 1295 sue
1923 1237 2021 1292 elimit-

440 1351 499 1396 tere
509 1339 574 1398 velit
585 1363 592 1396 =
606 1349 675 1396 tuno
686 1341 872 1397 nihilominus
879 1341 984 1416 absque
997 1340 1053 1397 ulla
1065 1341 1295 1410 conuadicticnc,
1309 1351 1359 1396 sut
1369 1349 1510 1414 expectata
1523 1337 1742 1410 consignatione,
1754 1333 1790 1389 ad
1801 1332 1907 1407 prelati
1918 1331 2021 1388 beatis
2125 1367 2130 1376 ·

440 1434 502 1493 simi
522 1434 655 1504 martyris
667 1423 775 1490 Christi
794 1435 919 1506 Dionysii
939 1435 1157 1502 monasterium,
1180 1435 1251 1490 sicut
1270 1451 1352 1508 supra
1369 1435 1506 1488 insertum
1524 1441 1580 1498 est,
1602 1428 1800 1503 perpetualiter
1812 1425 1847 1482 sd
1858 1423 2019 1481 habendum

441 1527 609 1600 recipiatur,
630 1527 705 1584 etin
727 1527 904 1600 postmodum
920 1527 997 1582 nullo
1015 1545 1137 1601 unquam
1159 1539 1285 1599 tempore
1300 1526 1356 1580 ulla
1375 1525 1499 1600 qualibet
1512 1523 1653 1598 dignitate
1669 1532 1718 1577 aut
1735 1529 1872 1594 potestate
1890 1517 2019 1591 predicta

440 1636 557 1689 persona
571 1618 727 1675 rectoribus
740 1621 901 1675 monasterii
917 1620 1041 1693 prelati,
1062 1638 1094 1674 ac
1105 1620 1255 1675 beatissimi
1266 1619 1372 1674 Christi
1389 1619 1519 1689 martyris
1530 1617 1656 1688 Dionysii
1675 1613 1796 1688 aliquam
1809 1611 2032 1686 requieidcnem'

439 1709 545 1782 lacere,
559 1720 608 1765 ant
619 1709 704 1764 ullam
722 1710 889 1766 calumniam
902 1713 1030 1784 ingerere
1045 1721 1190 1783 presumat
1205 1733 1211 1764 ε
1227 1709 1275 1768 ved
1286 1709 1370 1772 liceat
1379 1708 1434 1770 illis
1447 1710 1506 1762 sinc
1524 1707 1673 1780 cujuslibet
1688 1706 1790 1778 injusta
1802 1704 2020 1778 interrogatione

439 1803 583 1873 prelatum
604 1804 803 1858 monasterium
826 1803 1050 1876 argentogilum,
1073 1803 1145 1858 sient
1163 1813 1272 1858 ceteras
1293 1819 1337 1857 res
1354 1801 1389 1856 ad
1407 1801 1481 1856 beati
1503 1800 1628 1872 Dionysii
1650 1807 1815 1870 potestatem
1832 1795 1917 1850 simili
1936 1795 2019 1850 modo

439 1893 608 1950 condonatas
625 1913 656 1950 ac
676 1896 861 1968 pertinentes,
878 1895 975 1970 quieto
988 1892 1088 1950 ordine
1105 1906 1201 1950 tenere
1217 1913 1249 1950 ac
1266 1894 1423 1968 disponere.
1436 1893 1472 1948 Et
1483 1891 1618 1968 quicquid
1640 1908 1691 1964 pro
1711 1889 1918 1963 opportunitate
1935 1899 2018 1961 atque

437 1987 559 2044 utilitate
578 1988 664 2061 ipsius
680 1987 800 2044 ecclesie
811 1988 963 2044 secundum
983 1987 1140 2044 christiane
1153 1987 1295 2062 religionis
1309 1985 1433 2061 regulam
1445 1987 1535 2042 facere
1546 1985 1700 2053 voluerint,
1720 1981 1835 2037 liberam
1849 1983 1878 2035 in
1890 1981 2019 2036 omnibus

352 2135 360 2142 ,
439 2081 542 2137 habere
555 2091 731 2156 potestatem.
746 2080 781 2136 Et
804 2091 836 2136 ut
856 2082 913 2136 hec
932 2081 1082 2137 auctoritas
1102 2080 1322 2136 confirmationis
1343 2095 1391 2134 seu
1409 2077 1577 2134 redditionis
1598 2087 1697 2132 nostre
1715 2093 1764 2149 per
1782 2073 1876 2128 futura
1896 2083 2019 2146 tempora

437 2173 624 2230 inviolabilem
637 2185 721 2249 atque
732 2173 921 2229 inconvulsam
936 2173 1061 2229 obtineat
1072 2171 1230 2229 firmitatem
1243 2216 1250 2241 ,
1265 2173 1393 2229 manibus
1404 2171 1525 2247 propriis
1538 2172 1639 2226 nostris
1648 2169 1745 2226 subter
1754 2188 1815 2225 eam
1830 2167 2018 2236 firmavimus,

436 2279 464 2322 et
484 2265 580 2322 annuli
600 2268 687 2322 nostri
706 2267 888 2340 impressione
903 2267 1007 2340 signari
1022 2265 1340 2340 jussimus-Signum
1358 2266 1489 2322 ludovici
1507 2265 1675 2321 serenissimi
1696 2263 1887 2336 imperatoris,
1907 2263 2017 2336 signum

438 2361 560 2416 lotharii
573 2359 764 2434 gloriosissimi
778 2363 908 2434 Augusti.
922 2361 1073 2416 Durandus
1085 2359 1220 2416 diaconus
1233 2360 1268 2415 ad
1282 2361 1368 2416 vicem
1383 2359 1525 2433 Fridngisi
1539 2358 1708 2431 recognovit.
1725 2381 1738 2406 »

471 2527 527 2583 Sed
538 2545 627 2602 quum
641 2528 795 2583 Normanni
810 2529 968 2584 coenobium
980 2527 1052 2586 illud
1062 2528 1231 2598 diruissent,
1247 2527 1360 2586 Adelais
1371 2528 1500 2601 lingonis
1515 2528 1588 2600 regis
1604 2543 1673 2580 uxor
1688 2527 1779 2599 ipsum
1793 2527 1971 2591 restauravit,
1987 2544 2017 2580 ac

438 2637 534 2676 rursus
555 2622 584 2676 iu
600 2640 634 2677 eo
653 2621 877 2678 sanctimoniales
897 2621 1058 2690 constitnit,
1073 2639 1134 2696 quas
1145 2621 1214 2678 inibi
1234 2620 1369 2696 usquead
1384 2621 1513 2694 Suggerii
1526 2619 1619 2674 Sancti
1632 2618 1757 2690 Dionysii
1775 2616 1881 2672 abbatis
1894 2626 2018 2692 tempora

437 2725 641 2770 remanserunt.
656 2713 785 2786 Qualiter
797 2725 891 2770 autern
901 2713 948 2770 hic
957 2733 1003 2770 eas
1013 2713 1079 2771 inde
1092 2713 1244 2788 expulerit,
1258 2724 1286 2770 et
1298 2713 1436 2768 abbatiam
1446 2711 1562 2786 antiquo
1575 2711 1618 2765 sui
1632 2709 1791 2766 monasterii
1801 2709 1859 2782 juri
1872 2707 2018 2766 vindicarit

436 2806 489 2861 sub
500 2825 604 2861 anunm
617 2805 724 2863 Christi
739 2809 821 2875 4427,
837 2808 875 2862 sic
888 2808 947 2881 ipse
960 2817 1055 2863 narrat
1067 2807 1096 2862 in
1108 2805 1203 2862 libello
1216 2806 1251 2862 de
1264 2807 1347 2860 rebus
1362 2825 1416 2861 ase
1428 2805 1511 2879 gestis
1526 2827 1532 2858 :
1550 2827 1563 2854 u
1575 2805 1670 2876 Quum
1684 2813 1778 2872 etate,
1792 2828 1804 2854 a
1820 2803 1924 2878 inquit,
1942 2801 2018 2856 «do-

436 2898 513 2953 cibili
532 2899 721 2955 adolescentiae
741 2919 807 2958 mee
819 2901 946 2976 antiquas
968 2899 1082 2956 armarii
1103 2899 1307 2972 possessionum
1322 2897 1489 2956 revolverem
1509 2897 1632 2964 chartas,
1653 2907 1682 2954 et
1698 2897 1908 2952 immunitatum
1926 2893 2017 2950 biblos

437 3001 552 3064 propter
565 2991 718 3048 multorum
731 2993 965 3050 calumniatorum
979 2992 1173 3068 improbitates
1184 2992 1404 3068 frequentarem,
1419 2992 1518 3048 crebro
1531 2991 1658 3048 manibus
1672 2989 1832 3045 recurrebat
1843 2987 1877 3046 de
1889 2987 2018 3044 coenobio

436 3085 632 3158 argentoilensi
645 3085 845 3141 fundationum
860 3087 958 3142 charta
970 3085 1005 3142 ab
1017 3085 1201 3142 Hermenrico
1213 3096 1243 3141 et
1256 3085 1375 3160 conjuge
1387 3087 1447 3159 ejus
1461 3085 1597 3153 Numina,
1614 3083 1643 3138 iu
1657 3101 1712 3159 qua
1726 3081 1930 3149 continebatur,
1941 3082 2017 3156 quotl

434 3195 448 3230 a
466 3187 592 3249 tempore
605 3177 699 3249 Pipini
720 3178 808 3250 regis,
832 3177 911 3232 Beati
929 3177 1057 3250 Dionysii
1071 3176 1186 3232 abbatie
1198 3177 1345 3250 extiterat,
1364 3176 1412 3232 sed
1432 3175 1551 3251 quadam
1572 3175 1715 3232 occasione
1732 3184 1892 3230 contractus
1907 3175 2015 3229 incom-

436 3269 513 3324 modi
533 3271 561 3323 iu
581 3279 707 3346 tempore
720 3269 814 3325 Caroli
827 3271 923 3344 Magni
943 3269 993 3325 filii
1009 3270 1070 3342 ejus
1086 3269 1203 3327 alienata
1219 3270 1320 3326 iuerat.
1341 3271 1473 3327 Prolatus
1496 3272 1572 3326 enim
1594 3270 1746 3344 imperator·
1765 3267 1915 3346 quamdam
1934 3269 2017 3324 liliam

435 3379 512 3416 snam
525 3361 737 3416 matrimonium
750 3363 905 3417 humanum
921 3373 1096 3418 recusantem
1109 3361 1214 3417 ibidem
1226 3361 1392 3418 abbatissam
1407 3361 1658 3420 sanctimonialium
1672 3363 1833 3434 constituit,
1847 3379 1881 3417 eo
1892 3372 1973 3434 pacto
1987 3373 2019 3416 ut

435 3465 498 3528 post
512 3465 632 3510 mortem
646 3455 706 3524 ejus
721 3455 748 3508 in
763 3472 844 3508 usum
857 3455 976 3510 ecclesie
989 3467 1193 3523 reverteretur·;
1208 3455 1257 3512 sed
1270 3455 1430 3511 turbatione
1447 3455 1525 3530 regni
1541 3456 1661 3510 liliorum
1675 3455 1724 3510 lilii
1737 3455 1811 3527 ejus,
1827 3454 1956 3512 videlicet
1968 3455 2017 3509 lilii

436 3547 475 3620 pii
488 3546 685 3612 altercatione,
706 3545 888 3620 quoadusque
901 3564 985 3619 super·
1000 3547 1118 3616 vixerat,
1133 3547 1229 3622 perfici
1242 3566 1299 3604 non
1312 3549 1414 3624 potuit.
1429 3547 1512 3604 Unde
1523 3567 1611 3626 Qum
1623 3559 1809 3606 antecessores
1820 3549 1907 3604 nostri
1921 3549 2018 3624 sepius

436 3659 520 3714 super
530 3640 584 3694 hoc
597 3638 754 3694 laborantes
768 3657 866 3712 parum
879 3639 1070 3712 proiecissent,
1086 3640 1292 3697 communicato
1305 3659 1369 3696 cum
1383 3640 1516 3696 iratribus
1529 3642 1631 3698 nostris
1645 3641 1771 3710 consilio,
1785 3643 1898 3698 nuntios
1908 3652 2018 3698 nostros

437 3745 465 3787 et
486 3731 595 3786 chartas
614 3731 742 3805 antiquas
762 3728 935 3786 fundationis
946 3739 974 3785 et
987 3729 1145 3788 donationis
1158 3740 1187 3784 et
1198 3731 1441 3788 confirmationum
1453 3731 1597 3806 privilegia
1611 3732 1689 3787 hone
1707 3734 1846 3788 memorie
1866 3751 1941 3808 pape
1958 3736 2018 3789 llo-

439 3824 519 3879 uorio
537 3823 655 3877 Romam
681 3821 884 3898 delegavimus,
912 3821 1083 3898 postulantes
1102 3832 1135 3877 ut
1153 3823 1291 3895 justitiam
1314 3833 1436 3880 nostram
1456 3823 1590 3878 canonico
1611 3825 1789 3898 investigaret
1809 3836 1837 3881 et
1858 3827 2017 3882 restitueret

438 3915 582 3978 scrutinio.
602 3915 676 3986 Qui,
700 3925 731 3970 ut
748 3926 809 3971 erat
826 3915 869 3969 vir
886 3913 993 3969 consilii
1007 3925 1035 3970 et
1044 3914 1160 3987 justitie
1177 3926 1268 3984 tutor,
1292 3925 1348 3972 tam
1368 3934 1420 3992 pro
1440 3927 1535 3974 nostra
1550 3917 1659 3990 justitia
1679 3935 1763 3992 quam
1781 3936 1833 3990 pro
1850 3920 2016 3978 enormitate

438 4011 637 4068 monacharum
650 4009 755 4065 ibidem
768 4008 838 4065 male
850 4009 1018 4078 viventium,
1032 4010 1162 4065 eumdem
1176 4010 1257 4067 nobis
1271 4011 1363 4068 locum
1376 4030 1441 4066 curn
1451 4010 1624 4086 appendiciis
1638 4015 1709 4080 suis,
1720 4023 1753 4068 ut
1766 4014 1965 4071 reformaretur
1979 4016 2017 4072 ibi

438 4102 582 4180 religionis
605 4101 688 4169 ordo,
717 4103 849 4159 restituit.
880 4101 940 4157 llex
962 4120 1027 4158 vero
1048 4103 1203 4158 ludovicus
1222 4103 1347 4180 Philippi
1370 4106 1560 4172 charissimus,
1592 4107 1723 4162 dominus
1746 4118 1774 4161 et
1797 4109 1901 4164 amiens
1923 4119 2017 4166 noster
2049 4087 2051 4092 Ι

436 4196 561 4254 eamdem
577 4196 782 4254 restitutionem
793 4196 976 4262 confirmavit,
991 4207 1020 4254 et
1033 4215 1205 4271 quecunque
1218 4197 1320 4272 regalia
1333 4197 1438 4254 ibidem
1450 4196 1572 4252 habebat
1584 4199 1749 4254 anctoritate
1761 4201 1841 4274 regie
1855 4199 2016 4272 maiestatis,

437 4289 556 4346 ecclesie
571 4299 718 4366 precepto.
733 4309 747 4338 rr
763 4287 797 4344 Et
808 4289 839 4343 in
852 4287 918 4345 Vita
932 4287 1067 4344 Lndovici
1088 4287 1185 4344 Grossi
1203 4313 1208 4343 ι
1231 4289 1330 4362 «Papa
1343 4289 1486 4348 Honorius
1497 4290 1540 4344 vir
1558 4291 1647 4364 gravis
1667 4300 1695 4345 et
1716 4309 1842 4362 severus,
1862 4291 1911 4368 qui
1924 4310 2015 4368 quum

433 4381 571 4452 justitiam
592 4391 716 4442 nostram
737 4380 772 4434 de
793 4379 961 4436 monasterio
977 4379 1174 4454 argentoilensi
1196 4379 1352 4454 puellarum
1374 4381 1529 4436 miserrima
1554 4384 1761 4448 conversatione
1784 4384 1933 4454 infamato,
1954 4395 2016 4440 tum

435 4476 517 4550 legati
531 4477 574 4530 sni
588 4475 710 4531 Matthaei
725 4473 880 4528 albanensis
891 4473 1031 4547 episcopi,
1049 4483 1109 4528 tum
1128 4471 1234 4529 domini
1249 4475 1433 4543 carnotensis,
1449 4475 1621 4552 parisiensis,
1636 4478 1799 4546 suessionis,
1811 4477 1919 4536 domini
1930 4479 2016 4534 etiam

436 4568 636 4643 archiepiscopi
650 4567 806 4621 rhemensis
819 4563 963 4633 lisinaldi,
983 4575 1013 4624 et
1029 4563 1184 4621 multorum
1205 4559 1328 4622 virorum
1350 4569 1511 4624 testimonio
1531 4569 1706 4642 cognovisset
1728 4595 1733 4622 :
1760 4583 1894 4646 precepta
1916 4589 2016 4646 regum

439 4663 619 4737 antiquorum
639 4660 748 4735 Pipini,
770 4658 866 4717 Caroli
888 4659 999 4734 Magni,
1023 4655 1153 4716 Ludovici
1175 4659 1238 4730 Pii,
1259 4670 1287 4716 et
1307 4659 1443 4730 aliorum,
1458 4660 1495 4716 de
1511 4661 1575 4734 jure
1591 4661 1647 4717 loci
1663 4662 1782 4736 prelatis
1795 4664 1900 4720 uentus
1914 4666 2016 4720 nostris

438 4754 528 4810 oblata
545 4753 722 4826 perlegisset,
745 4753 827 4808 curie
843 4751 930 4807 totius
943 4752 1132 4826 persuasione,
1154 4762 1211 4807 tam
1224 4771 1276 4826 pro
1289 4765 1382 4808 nostra
1392 4753 1514 4826 justitia,
1535 4773 1620 4831 quam
1640 4773 1691 4830 pro
1709 4772 1807 4810 earnm
1823 4755 1917 4812 fetida
1930 4774 2017 4814 enor-

438 4851 548 4915 mitate,
562 4845 646 4899 osam
658 4845 791 4918 Dionysio
803 4854 831 4902 et
845 4845 982 4914 restituit,
997 4855 1026 4901 et
1038 4841 1219 4903 mnfirmavit.
1235 4871 1248 4896 »

1093 5023 1165 5079 Nota
1182 5022 1221 5092 L,
1237 5041 1300 5104 pag.
1313 5023 1358 5081 54.

477 5165 578 5240 Quae...
589 5183 674 5238 quum
686 5165 785 5220 exules
794 5163 1052 5240 dispergerentur...
1061 5185 1122 5223 eam
1131 5160 1313 5240 (Heloissmn)
1321 5185 1384 5223 cunt
1392 5167 1562 5242 quibusdam
1573 5168 1638 5224 aliis
1646 5167 1682 5224 cle
1691 5166 1789 5224 eodem
1799 5173 2017 5244 congregatione

446 5261 493 5331 psi
498 5255 710 5316 manentum
718 5255 930 5330 adproedr'cturn
938 5263 1090 5319 cratonum
1098 5261 1266 5318 thrimsa·-
1273 5259 1530 5318 Sanctimonialium
1540 5259 1705 5338 Argentcoli
1713 5261 1777 5318 den
1787 5263 1958 5318 master-ic
1964 5279 2017 5322 suo
