4606 6106
456 639 527 710 2er
976 637 1202 709 HELOlSSAE
1226 633 1524 709 PROBLEMATA

458 805 477 844 a
495 777 658 849 omnium
674 799 775 867 reus,
791 805 810 844 s
830 774 995 872 subjecit,
1017 805 1035 844 α
1049 775 1160 850 factus
1176 793 1228 850 est
1242 792 1479 876 transgressor
1492 772 1590 872 legis,
1610 799 1628 839 s
1644 795 1687 842 ex
1703 795 1747 844 eo
1763 769 1928 842 videlieet
1940 769 2039 867 quod

456 921 568 968 unum
589 895 810 994 praetermisit
827 911 1064 996 praeceptum,
1086 896 1186 995 quod
1208 922 1331 995 aeque,
1356 911 1395 968 ut
1414 910 1559 982 caetera,
1586 891 1698 964 suerat
1716 890 1927 987 injunctum.
1948 888 2041 960 Alio-

456 1017 542 1113 quin
562 1041 605 1088 ex
626 1015 787 1114 eoquod
806 1015 1010 1115 subjungit:
1035 1046 1052 1084 u
1068 1019 1138 1105 Qui
1156 1019 1252 1090 enirn
1271 1017 1387 1090 dixit:
1409 1020 1488 1087 Non
1507 1010 1758 1102 moeobaberis,
1775 1027 1842 1085 etc.
1862 1039 1881 1078 u
1903 1013 2041 1108 Nequa-

455 1161 563 1233 quam
580 1136 832 1235 comprobaret
850 1136 935 1209 illud
956 1138 1175 1235 praemissum
1185 1192 1195 1227 ‚
1223 1167 1242 1206 a
1260 1137 1371 1210 factus
1389 1151 1442 1209 est
1458 1135 1621 1207 omnium
1637 1157 1730 1204 reus.
1752 1161 1769 1199 u
1791 1136 1913 1220 Quum
1935 1132 2041 1228 igitur

456 1257 504 1328 ait
521 1283 528 1326 :
553 1285 571 1324 a
588 1257 659 1344 Qui
676 1257 772 1328 enim
787 1256 894 1348 dixit,
911 1272 995 1348 eto,
1012 1285 1030 1326 a
1047 1257 1114 1330 tale
1130 1272 1200 1348 est,
1222 1283 1264 1329 ac
1280 1259 1308 1329 si
1324 1257 1458 1329 diceret
1476 1283 1485 1326 :
1502 1254 1585 1326 ideo
1603 1267 1698 1326 recte
1715 1252 1807 1342 dixi,
1828 1253 1912 1349 quia
1927 1276 2039 1324 unum

456 1375 772 1473 transgrediendo,
794 1375 905 1448 factus
926 1391 979 1450 est
997 1377 1161 1448 omnium
1182 1402 1263 1448 reus
1289 1405 1296 1446 ι
1326 1375 1397 1447 hoe
1427 1388 1501 1464 est,
1531 1399 1573 1446 ex
1598 1372 1668 1445 boc
1688 1370 1936 1444 damnandus¹
1961 1387 2036 1461 est,

456 1497 539 1593 quia
559 1520 633 1566 non
652 1497 772 1568 omnia
793 1496 992 1585 servando,
1014 1500 1131 1568 Deum
1152 1496 1378 1590 contempsit.
1402 1494 1494 1580 Quia
1512 1495 1589 1591 ipse
1607 1491 1807 1582 Dominus,
1837 1491 1899 1587 qui
1925 1491 2040 1588 legem

456 1613 621 1704 tradidit,
642 1630 715 1688 tam
729 1613 800 1684 hoo
814 1611 1048 1703 mandatum,
1068 1637 1176 1709 quam
1197 1611 1285 1684 illud
1304 1609 1485 1684 observari
1493 1612 1596 1707 jussit
1610 1639 1618 1682 :
1634 1611 1706 1683 hoc
1720 1627 1790 1700 est,
1806 1613 1947 1702 omnia,
1964 1635 2038 1684 non

454 1732 599 1830 aliquod
632 1755 744 1804 arnum
771 1756 813 1804 ex
843 1729 1023 1804 omnibus.
1054 1737 1102 1803 Ac
1121 1757 1186 1830 per
1205 1731 1276 1802 boo
1294 1731 1385 1802 sicut
1404 1745 1638 1828 transgressor
1655 1729 1694 1802 fit
1713 1728 1821 1826 legis,
1847 1729 1903 1800 vel
1927 1753 2038 1800 unum

454 1849 747 1950 transgrediendo
767 1865 1003 1950 praeceptum,
1031 1849 1080 1922 ita
1104 1848 1145 1921 fit
1163 1875 1243 1922 reus
1259 1850 1444 1939 omnium,
1472 1851 1562 1922 sicut
1589 1864 1641 1922 est
1662 1849 1882 1946 expositum,
1909 1873 1951 1920 ex
1969 1848 2040 1921 boc

455 1973 562 2044 etiam
579 1971 826 2061 damnandus,
850 1971 951 2068 quod
973 1995 1047 2044 non
1071 1971 1194 2043 omnia
1215 1969 1458 2069 compleverit.

1020 2190 1200 2242 PROBLEMA
1226 2190 1393 2242 HELOISSAE
1418 2191 1470 2238 111.

502 2345 599 2432 Quid
619 2360 671 2417 est
687 2345 787 2443 quod
805 2370 896 2446 saepe
911 2348 1085 2419 Dominus
1098 2348 1145 2418 ab
1156 2345 1333 2445 aliquibus
1346 2349 1602 2445 interrogatus,
1625 2345 1847 2444 respondens
1861 2345 1927 2416 illis
1941 2345 2040 2441 sigil-

453 2463 552 2536 latim
571 2465 688 2538 dioat:
712 2470 796 2537 «Tu
816 2465 951 2557 dixisti,
970 2495 987 2534 a
1004 2467 1080 2538 vel:
1103 2495 1122 2534 a
1138 2471 1189 2537 Tu
1203 2465 1314 2557 dicis,
1332 2495 1350 2533 »
1368 2489 1631 2564 nonnunquam
1643 2467 1750 2538 etiam
1762 2465 1924 2564 pluribus
1934 2463 2038 2536 simul

454 2586 751 2684 interrogantibus
769 2586 1007 2686 respondeat:
1030 2592 1138 2660 «Vos
1156 2586 1288 2677 dicitis,
1306 2616 1324 2654 s
1345 2601 1516 2685 tanquam
1534 2586 1606 2658 hoc
1624 2611 1686 2658 eos
1699 2585 1828 2658 dixisse
1844 2597 2036 2673 assereret,

454 2705 553 2803 quod
564 2707 665 2804 quasi
680 2705 884 2779 dubitantes
896 2711 907 2744 ²
919 2705 1147 2804 querebant?
1163 2707 1220 2778 Sic
1232 2709 1366 2807 quippe
1377 2706 1475 2780 ludae
1489 2707 1741 2804 interroganti:
1761 2734 1778 2772 u
1790 2703 1959 2801 Nunquid
1972 2727 2038 2801 ego

456 2849 548 2914 sum,
569 2826 699 2914 Rabbi,
715 2827 822 2923 quite
834 2824 965 2898 scilicet
981 2851 1062 2898 sum
1079 2825 1297 2899 traditurus?
1314 2855 1332 2893 a
1353 2826 1571 2926 Respondit:
1592 2831 1672 2897 «Tu
1687 2824 1818 2896 dixisti.
1838 2851 1856 2890 u
1876 2829 1917 2894 Et
1933 2824 2039 2895 inter-

456 2958 598 3041 rogatus
624 2944 849 3042 apontifice,
871 2969 917 3016 an
945 2946 990 3017 sit
1017 2944 1110 3017 filius
1126 2947 1217 3038 Dei,
1239 2946 1397 3018 similiter
1415 2944 1599 3045 respondit
1612 2947 1634 3014 ⁸.
1661 2942 1797 3043 Populo
1823 2944 1928 3016 etiam
1946 2967 2040 3040 quae-

456 3066 571 3135 renti:
597 3093 615 3132 a
630 3067 666 3136 Si
684 3079 723 3138 tu
741 3089 779 3137 es
797 3065 975 3156 Christus,
1007 3066 1066 3137 dic
1093 3065 1197 3138 nobis
1215 3066 1353 3166 palam;
1375 3095 1391 3132 s
1412 3066 1468 3138 vel
1493 3093 1501 3136 :
1526 3070 1609 3136 «Tu
1628 3089 1713 3162 ergo
1732 3089 1770 3136 es
1792 3062 1885 3135 filius
1906 3063 2000 3134 Dei?
2019 3093 2039 3129 a

455 3183 664 3282 respondit:
688 3214 705 3253 u
723 3189 796 3257 Vos
811 3185 942 3276 dicitis,
959 3187 1043 3283 quia
1060 3211 1126 3284 ego
1145 3211 1225 3258 sum
1235 3189 1256 3257 ⁸.
1275 3215 1294 3253 s
1316 3187 1479 3283 Denique
1496 3201 1531 3258 et
1548 3209 1568 3256 a
1587 3184 1756 3283 praeside,
1779 3184 1817 3255 id
1834 3198 1887 3256 est
1905 3181 2037 3270 Pilato,
2060 3193 2063 3198 '

455 3303 643 3400 inquisitus
669 3328 714 3376 an
740 3305 783 3376 sit
812 3329 872 3377 rex
898 3305 1123 3396 Judaeorum,
1149 3304 1366 3404 respondit:
1401 3335 1418 3374 a
1434 3310 1486 3376 Tu
1504 3304 1591 3378 dicis
1616 3305 1699 3403 quia
1716 3329 1778 3375 rex
1796 3327 1875 3375 sum
1896 3326 1962 3400 ego
1974 3306 1995 3372 ⁸.
2018 3329 2035 3368 s

457 3426 543 3508 Quae
561 3422 721 3522 prolecto
738 3428 989 3524 responsiones
1014 3451 1089 3497 non
1107 3426 1285 3498 immerito
1304 3423 1566 3497 dubitationem
1594 3425 1746 3497 excitare
1769 3423 1944 3494 videntur.
1969 3421 2038 3507 Qui

455 3545 552 3613 enim
567 3545 693 3640 quaerit
712 3558 831 3616 utrum
846 3544 917 3616 hoc
934 3545 991 3636 sit,
1009 3543 1064 3616 vel
1079 3543 1181 3636 illud,
1203 3569 1431 3644 nequaquam
1449 3543 1670 3618 enuntiando
1688 3541 1887 3640 dicitquod
1905 3541 1976 3612 hoc
1995 3539 2038 3610 sit

455 3659 511 3732 vel
531 3659 635 3752 illud;
657 3662 720 3738 sed
737 3665 838 3761 quasi
856 3663 1055 3736 dubitando
1073 3665 1198 3762 quaerit
1216 3679 1335 3736 utrum
1355 3665 1401 3738 ita
1418 3664 1473 3736 sit.

1071 3878 1205 3950 Solutio
1223 3877 1416 3949 Aboelardi.

505 4057 639 4127 Revera
658 4054 837 4127 difficilem
857 4055 912 4128 vel
931 4081 1077 4155 prorsus
1096 4056 1323 4130 insolubilem
1340 4057 1396 4129 hae
1412 4058 1663 4156 responsiones
1688 4059 1833 4130 Domini
1856 4071 2040 4129 moverent

456 4177 709 4274 quaestionem,
734 4178 764 4248 si
787 4177 887 4275 quod
905 4179 1082 4250 Dominus
1104 4180 1177 4250 ait:
1202 4183 1285 4250 «Tu
1313 4177 1448 4269 dixisti,
1477 4206 1494 4245 s
1516 4177 1570 4250 vel
1594 4206 1601 4248 :
1625 4209 1642 4246 u
1656 4182 1728 4250 Vos
1747 4179 1884 4268 dicitis,
1912 4206 1929 4245 u
1956 4175 2033 4249 vel:

458 4325 476 4364 u
490 4301 541 4368 Tu
560 4295 669 4388 dicis,
690 4325 707 4364 u
728 4295 773 4368 ad
792 4297 1068 4396 praecedentium
1086 4298 1404 4396 interrogationum
1421 4296 1530 4371 verba
1546 4297 1708 4388 referret,
1726 4301 1816 4371 utin
1836 4300 1897 4370 eis
1909 4297 2038 4370 scilicet

454 4413 530 4488 haec
547 4415 641 4488 dicta
660 4415 764 4490 fuisse
781 4432 973 4508 assereret,
995 4417 1095 4514 quod
1121 4442 1348 4516 nequaquam
1365 4418 1545 4490 convenit.
1568 4423 1690 4506 Quum
1709 4442 1793 4516 ergo
1812 4417 1911 4491 Judae
1934 4419 2038 4490 inter·

455 4535 611 4632 roganti,
634 4560 680 4607 an
701 4537 776 4634 ipse
792 4537 857 4625 sit,
882 4538 944 4633 qui
958 4561 1045 4608 eum
1065 4535 1196 4626 tradat,
1215 4535 1426 4636 respondit:
1453 4567 1470 4604 u
1485 4541 1535 4608 Tu
1558 4537 1698 4626 dixisti,
1722 4565 1740 4604 s
1765 4539 1884 4636 potius
1906 4561 2035 4635 quam:

458 4684 476 4722 u
493 4658 545 4726 Tu
564 4654 669 4745 dicis,
688 4685 706 4724 s
729 4655 776 4728 ad
799 4670 944 4755 pactum
962 4655 1051 4727 illud
1072 4657 1245 4754 respexit,
1271 4655 1370 4754 quod
1385 4655 1459 4751 jam
1480 4655 1539 4728 ille
1557 4681 1640 4730 cum
1661 4656 1790 4730 Judaeis
1810 4658 1937 4729 inierat
1958 4679 2039 4755 pro·

457 4775 600 4848 mittens
620 4801 657 4847 se
679 4775 747 4847 illis
764 4799 847 4847 eum
866 4775 1007 4849 tradere
1025 4775 1219 4873 cupiditate¹
1242 4776 1424 4874 promissa:
1445 4777 1615 4876 pecuniae.
1638 4775 1747 4864 Quod
1775 4801 1860 4850 vero
1889 4776 2040 4874 principi

455 4894 682 4968 sacerdotum
700 4896 932 4991 interroganti
958 4919 1004 4968 an
1027 4895 1186 4969 Christus
1212 4897 1256 4969 sit
1281 4895 1375 4968 filius
1397 4897 1487 4988 Dei,
1514 4896 1725 4995 respondit:
1758 4902 1842 4967 «Tu
1863 4897 2000 4986 dixisti,
2019 4923 2036 4960 s

1250 5003 1256 5042 l

488 5165 495 5192 ¹
516 5165 650 5216 Damnatus
661 5165 761 5217 Coct-
774 5166 783 5193 ¹
795 5167 836 5219 sio
849 5167 911 5220 cod.
921 5167 985 5219 Vict.
996 5195 1013 5207 -
1026 5171 1101 5232 Quasi
1113 5184 1168 5232 qum
1187 5143 1234 5219 dtr·
1268 5167 1311 5206 -—⁰
1323 5169 1406 5230 loan..
1425 5183 1481 5234 cap.
1492 5185 1523 5229 x,
1542 5183 1564 5217 v.
1585 5171 1625 5219 2⁴.
1636 5169 1746 5231 -laro,
1765 5184 1821 5236 oap.
1836 5183 1902 5230 xxu,
1918 5183 1943 5218 v.
1959 5166 2041 5217 10.-

454 5249 639 5301 stautandin
656 5247 726 5304 snb.
739 5249 895 5312 -⁸!atth.,
916 5265 972 5319 cap.
992 5265 1065 5312 nu,
1086 5268 1109 5304 r.
1128 5253 1175 5312 2⁵,
1190 5252 1233 5301 64.
1268 5252 1370 5315 'luau.,
1381 5268 1437 5317 sap.
1449 5254 1611 5314 sumat.
