4510 6108
1036 549 1163 620 PETRI
1191 549 1425 620 ABAElrlRDl

748 964 806 1052 IN
841 963 1014 1056 tanta
1047 961 1281 1071 Quanta
1313 957 1712 1050 PENTECOSTES.

1123 1249 1236 1296 SERMO
1261 1249 1334 1294 xxi.

585 1333 603 1368 0

484 1442 580 1530 Quid
597 1445 705 1515 etiam
725 1449 830 1514 Amos
847 1441 1042 1542 propheta,
1062 1443 1135 1514 imo
1152 1443 1228 1541 ipse
1248 1443 1399 1542 Spiritus
1415 1463 1479 1542 per
1495 1466 1578 1513 eum
1599 1441 1635 1512 in
1657 1439 1763 1536 hujus
1784 1437 2013 1512 solemnitatis

431 1585 502 1631 suae
517 1562 698 1661 praeconio
715 1561 843 1632 dixerit
859 1560 1089 1633 audiamus¹:
1111 1563 1340 1651 «Dominus,
1361 1591 1378 1628 n
1397 1561 1530 1658 inquit,
1551 1563 1680 1631 «Deus
1700 1560 1935 1649 exercituum,
1954 1563 2011 1658 qui

431 1683 543 1778 tangit
560 1698 709 1772 terram,
724 1698 760 1754 et
776 1682 951 1772 tabescet;
966 1698 1001 1754 et
1012 1681 1186 1780 lugebunt
1197 1708 1323 1755 omnes
1334 1682 1538 1754 habitantes
1554 1683 1591 1752 in
1608 1706 1663 1754 ea.
1683 1680 1727 1752 Et
1742 1680 1911 1752 ascendet
1926 1682 2012 1752 sicut

429 1805 527 1875 rivus
543 1804 676 1894 amnis,
696 1818 732 1874 et
752 1802 885 1874 delluet
906 1804 997 1874 sicut
1017 1803 1146 1875 fluvius
1162 1785 1408 1904 AEgyptiJQui
1423 1801 1574 1875 aedificat
1599 1803 1636 1873 in
1658 1801 1748 1873 coelo
1770 1803 2012 1873 ascensionem

429 1933 549 2012 suam,
568 1936 605 1994 et
621 1921 829 1994 fasciculum
844 1947 950 1994 suum
966 1947 1073 2021 super
1089 1939 1221 1995 terram
1237 1922 1415 1994 fundabit.
1435 1921 1506 2008 Qui
1521 1935 1628 1992 vocat
1644 1943 1754 2016 aquas
1770 1921 1895 2010 maris,
1914 1934 1949 1990 et
1964 1920 2013 1990 el-

431 2038 557 2111 fundet
581 2064 641 2112 eas
664 2066 772 2140 super
796 2040 924 2113 faciem
949 2057 1064 2113 terrae.
1084 2042 1261 2114 Dominus
1284 2066 1419 2112 nomen
1441 2041 1529 2137 ejus.
1549 2067 1567 2107 n
1587 2040 1768 2110 Exercitus
1783 2040 1867 2129 Dei,
1886 2037 2014 2136 quibus

428 2161 504 2258 ipse
520 2160 703 2259 praesidet,
722 2177 896 2260 tanquam
912 2163 1110 2262 principes,
1129 2178 1165 2234 et
1181 2164 1293 2235 aerias
1310 2160 1466 2234 debellat
1485 2176 1698 2261 potestates,
1718 2175 1832 2232 castra
1853 2159 1914 2233 illa
1932 2177 2014 2234 suut

428 2281 639 2379 angelorum
654 2282 711 2354 vel
729 2281 890 2354 fidelium
905 2283 1117 2373 hominum,
1132 2308 1210 2380 quae
1226 2282 1438 2382 plerumque
1455 2282 1637 2381 Scriptura
1652 2296 1926 2352 commemorat.
1947 2283 2012 2352 ne-

427 2402 496 2474 fert
514 2406 679 2476 Genesis’
694 2402 794 2500 quod
811 2403 857 2475 de
874 2404 1133 2503 Mesopotamia
1148 2403 1259 2475 Jacob
1283 2405 1320 2474 in
1343 2418 1439 2475 terra
1464 2402 1634 2475 Chanaan
1661 2401 1708 2473 ad
1730 2418 1870 2500 patrem
1894 2414 2012 2474 revet-

428 2524 534 2614 tenti,
555 2523 699 2594 fuerunt
715 2523 862 2595 obviam
878 2522 993 2621 angeli
1010 2524 1093 2612 Dei,
1108 2538 1280 2620 tauquam
1297 2524 1334 2595 in
1351 2524 1615 2622 protectionem
1631 2523 1741 2621 ipsius
1757 2522 1886 2593 milites
1902 2523 2010 2594 missi.

390 2725 393 2732 ‚
428 2648 527 2732 Quos
552 2670 665 2742 quum
693 2644 855 2736 vidisset,
879 2645 956 2716 ait:
979 2648 1133 2716 «Castra
1156 2645 1222 2716 Dei
1247 2659 1331 2716 sunt
1354 2643 1443 2716 haec.
1464 2673 1481 2712 n
1501 2648 1545 2716 Et
1570 2643 1761 2743 appellavit
1785 2668 1921 2715 nomeu
1943 2644 2012 2718 loci

427 2764 520 2838 illius
536 2767 737 2860 Manahim,
752 2767 792 2839 id
805 2782 859 2839 est
874 2782 1002 2838 castra.
1023 2766 1217 2838 Ecclesiam
1232 2791 1378 2864 quoque
1393 2766 1432 2837 in
1449 2781 1648 2838 castrorum
1665 2767 1779 2838 aciem
1794 2765 2011 2858 ordinatam,

427 2902 599 2985 tanquam
609 2888 647 2960 in
660 2889 853 2986 praecinctu
866 2886 952 2959 belli
967 2885 1242 2985 procedentem,
1262 2888 1444 2957 Canticum
1460 2889 1687 2956 Canticorum
1698 2884 1906 2959 describit⁸t
1925 2917 1944 2955 «
1955 2889 2014 2958 ni-

425 3006 500 3080 litia
517 3007 832 3082 estvitahominis
849 3022 1117 3108 superterram.
1138 3009 1359 3103 »Tanquam
1384 2997 1422 3076 in'
1447 3007 1570 3077 castris
1594 3030 1735 3104 semper
1757 3005 1929 3096 militant,
1952 3009 2012 3104 qui

426 3130 574 3202 minime
591 3156 719 3229 pacem
733 3111 983 3202 hic'habentes
1004 3142 1131 3199 contra
1152 3125 1348 3199 diabolicas
1374 3128 1589 3199 tentationes
1611 3126 1669 3199 vel
1693 3129 1848 3226 impetus
1876 3130 2010 3217 carnis,

426 3262 488 3320 aut
503 3250 791 3349 impugnationes
807 3250 1015 3347 iniquorum
1030 3246 1238 3336 hominum,
1253 3246 1376 3344 jugem
1392 3273 1520 3346 pugnae
1535 3247 1711 3320 sustinent
1727 3247 1937 3320 conflictum
1953 3276 1960 3319 :
1976 3250 2012 3320 in

426 3392 542 3464 agone
557 3367 620 3440 illo
635 3369 692 3441 vel
708 3393 830 3469 pugna
844 3367 1046 3457 constituti,
1066 3365 1112 3437 de
1133 3392 1207 3464 quo
1230 3367 1420 3466 Apostolus
1443 3368 1510 3439 ait*
1530 3395 1537 3437 :
1560 3395 1578 3434 «
1598 3367 1725 3439 Omnis
1744 3347 1806 3465 qui
1830 3369 1869 3439 in
1898 3393 2013 3466 agone

426 3487 632 3578 contendit,
647 3487 693 3560 ab
708 3486 876 3560 omnibus
892 3513 929 3559 se
947 3485 1114 3557 abstinet.
1130 3514 1147 3552 n
1167 3489 1210 3556 Et
1221 3490 1382 3558 rursum⁸
1399 3515 1406 3557 :
1425 3515 1443 3556 a
1458 3487 1514 3558 Sic
1530 3509 1671 3586 pugne,
1688 3512 1763 3558 nou
1776 3490 1880 3585 quasi
1894 3515 2014 3562 aerem

425 3605 632 3678 verberans.
653 3634 671 3674 n
690 3611 735 3678 Et
750 3607 880 3678 iterum
896 3606 933 3677 in
950 3604 1019 3677 alia
1035 3605 1110 3702 ejus
1127 3604 1297 3704 epistola⁸
1314 3633 1322 3676 t
1345 3581 1363 3674 l
1379 3609 1531 3698 Nonest
1546 3605 1652 3678 nobis
1668 3605 1873 3678 colluctatio
1891 3607 2014 3680 adver·

426 3752 486 3798 sus
501 3753 648 3801 carnem
664 3744 699 3800 et
714 3728 942 3824 sanguinem,
957 3726 1021 3799 sed
1038 3726 1208 3799 adversus
1224 3727 1404 3826 principes
1421 3743 1457 3799 et
1472 3742 1684 3826 potestates,
1700 3728 1871 3801 adversus
1882 3729 2011 3802 mundi

426 3862 600 3939 rectores,
618 3864 745 3920 contra
760 3846 959 3949 spiritualia
974 3847 1140 3944 nequitiae
1155 3848 1193 3919 in
1209 3847 1424 3920 coelestibus.
1443 3876 1461 3916 »
1477 3847 1546 3919 Sed
1562 3863 1603 3919 ut
1617 3846 1750 3919 horum
1766 3852 1862 3921 Deus
1878 3850 2013 3954 exerci-

426 3982 529 4039 tuum
544 3969 692 4068 proprio
710 3967 873 4068 exemplo
889 3992 956 4038 uos
972 3991 1133 4066 pugnare
1153 3966 1318 4058 doceret,
1341 3982 1377 4040 et
1397 3968 1541 4038 vincere
1565 3966 1684 4060 daret,
1707 3970 1798 4041 sicut
1822 3969 1899 4067 ipse
1923 3993 2013 4068 pro·

426 4089 570 4160 mittens
591 4089 661 4162 ait⁷
680 4118 688 4160 :
711 4118 727 4160 n
743 4087 940 4177 Confidite,
964 4112 1030 4185 ego
1051 4089 1121 4160 vici
1137 4087 1328 4160 mundum.
1346 4115 1364 4154 a
1382 4092 1527 4159 Terram
1542 4088 1673 4185 tetigit,
1692 4090 1784 4160 sicut
1798 4089 2013 4188 prophetica

426 4207 531 4281 lectio
547 4234 645 4281 nunc
661 4210 727 4300 ait,
746 4209 835 4281 dum
855 4223 1004 4280 terrenae
1025 4207 1230 4281 substantiae
1255 4223 1386 4279 nostrae
1412 4223 1578 4280 naturam
1603 4210 1641 4280 in
1667 4234 1777 4280 unam
1803 4209 1869 4280 sibi
1896 4211 2014 4281 univit

424 4352 617 4426 personam
633 4330 751 4427 primo
768 4328 814 4400 de
831 4329 964 4427 Spiritu
985 4342 1111 4399 sancto
1131 4327 1169 4398 in
1191 4327 1335 4423 Virgine
1356 4342 1570 4426 conceptuS,
1593 4343 1629 4400 et
1649 4324 1885 4427 postmodum
1905 4355 1949 4399 ex
1971 4353 2013 4400 ea

424 4465 541 4522 natus.
561 4448 665 4522 Unde
682 4464 718 4521 et
733 4448 780 4521 ad
795 4449 946 4548 Spiritus
962 4448 1075 4519 sancti
1092 4449 1241 4544 gratiam
1262 4446 1607 4537 commendandam,
1626 4473 1816 4548 perquem
1837 4449 1895 4520 ille
1915 4474 2013 4547 quo·
2057 4447 2065 4460 “

413 4593 495 4668 ¹que
510 4567 625 4640 factus
641 4582 695 4640 est
714 4582 911 4667 conceptus
930 4567 968 4638 in
991 4582 1121 4639 nostrae
1142 4566 1400 4665 redemptionis
1421 4566 1625 4658 exordium,
1650 4567 1744 4640 bene
1763 4567 1823 4638 hic
1845 4568 2016 4640 videmus

308 4697 312 4702 ’
422 4689 639 4789 prophetam
655 4715 841 4780 exorsum,
860 4705 896 4762 et
912 4688 1155 4762 narrationem
1172 4713 1274 4761 suam
1291 4687 1327 4760 in
1344 4687 1527 4796 beneficiis
1543 4687 1673 4760 divinis
1689 4688 1860 4788 deinceps
1874 4688 2014 4787 perdu-

423 4835 521 4900 cere,
540 4835 653 4907 usque
669 4809 716 4881 ad
732 4809 940 4882 missionem
956 4808 1116 4906 ejusdem
1132 4811 1282 4909 Spiritus
1298 4809 1429 4880 saetam
1446 4811 1482 4880 in
1500 4809 1665 4908 praesenti
1680 4823 1856 4906 tempore.
1878 4805 1932 4879 Ab
1949 4807 2014 4879 illo

455 5073 464 5101 ¹
478 5073 563 5136 Amor,
572 5087 630 5138 cap.
639 5088 678 5136 rx,
687 5087 714 5124 t.
725 5073 749 5122 ὁ.
759 5072 804 5113 -⁸
815 5074 912 5134 Genea,
921 5089 977 5140 cap.
987 5090 1068 5136 xxxn,
1081 5090 1104 5125 v.
1119 5077 1141 5124 t.
1154 5101 1179 5111 -
1190 5073 1199 5101 ¹
1209 5073 1329 5142 toneap.
1338 5091 1386 5138 nr,
1396 5091 1419 5126 v.
1431 5073 1511 5126 t.-·⁴
1523 5074 1631 5126 θοήηεὴ.
1640 5075 1667 5136 1,
1677 5089 1733 5140 cap.
1745 5089 1785 5136 rx,
1796 5090 1821 5125 v.
1831 5071 1926 5125 25.—⁸
1936 5071 2015 5134 thid..

421 5177 445 5212 v.
458 5163 539 5214 26.-
550 5157 671 5226 ‘Etiam
682 5175 739 5229 cap.
750 5176 783 5224 tu,
794 5176 819 5213 t.
835 5163 874 5212 12.
888 5183 914 5200 -··
924 5161 933 5188 x
943 5161 1026 5223 toan..
1036 5178 1093 5228 cap.
1103 5177 1160 5226 xn,
1170 5177 1193 5212 v.
1209 5163 1250 5213 3³.
