4510 6108
622 580 665 650 ΙΝ
689 579 764 650 DlE
789 575 942 652 sancit
967 573 1230 648 naucumtnt
1255 571 1418 644 SERMO.
1743 573 1808 644 53⁴

232 739 333 796 tanto
347 723 519 795 vitiorum
534 719 696 814 emergit,
710 716 809 788 illem
824 739 845 790 a
859 715 1019 788 Domino
1034 713 1314 813 postulationem
1328 710 1496 810 adeptus¹
1518 739 1526 782 :
1546 738 1567 780 a
1585 715 1666 784 Non
1682 736 1741 782 me
1760 713 1819 784 de·

231 857 368 940 mergat
387 854 580 940 tempestas
600 862 717 935 aquae,
745 860 863 932 neque
885 834 1078 908 absorbeat
1098 858 1157 906 me
1178 832 1415 931 profundum,
1434 855 1552 930 neque
1567 846 1692 927 urgeat
1711 854 1819 930 super

232 987 290 1036 me
311 977 440 1062 puteus
456 983 631 1033 ossuum.
649 987 666 1023 n
684 957 802 1028 Tertio
820 956 963 1052 negavit
983 959 1120 1045 Petrus,
1134 955 1263 1054 septies
1279 953 1376 1026 cadit
1387 954 1515 1049 justus.
1536 953 1654 1025 Semel
1669 952 1818 1025 Marcel·

232 1083 326 1154 linus
341 1081 509 1152 titubavit
524 1079 637 1176 magis
652 1100 764 1174 quam
787 1074 934 1165 cecidit,
954 1075 1017 1171 qui
1029 1087 1105 1146 tam
1120 1075 1193 1145 cito
1213 1074 1377 1163 surrexit,
1394 1086 1431 1144 et
1448 1071 1700 1145 titubationem
1716 1097 1818 1144 suam
1839 1097 1844 1106 ·

232 1202 422 1275 confestim
435 1225 510 1272 non
522 1214 597 1272 tam
606 1197 824 1297 poenitentiae
832 1195 1049 1292 lacrymisut
1064 1199 1200 1282 Petrus,
1214 1194 1465 1292 quamrirtute
1478 1193 1655 1292 passionis
1665 1195 1819 1292 expiavit

234 1322 446 1421 intrepidus.
473 1325 625 1418 Deque
647 1317 797 1416 quidem
817 1315 1037 1415 perfectione
1056 1315 1196 1388 virtutis
1216 1315 1393 1388 Dominus
1415 1315 1505 1386 ait¹:
1528 1341 1546 1382 n
1560 1313 1732 1410 Major-em
1749 1313 1818 1386 hac

234 1441 466 1516 dilectionem
482 1464 592 1512 nemo
607 1437 731 1526 habet,
750 1451 851 1510 etc.»

282 1564 439 1650 Scimus,
459 1561 601 1650 fratres,
619 1558 743 1632 divina
756 1558 971 1656 disponente
984 1557 1114 1654 gratia,
1131 1581 1292 1628 summos
1304 1558 1344 1627 in
1354 1553 1545 1627 virmnbus
1558 1555 1655 1628 viros
1669 1577 1818 1653 magnos

234 1682 454 1780 quandoque
466 1693 697 1780 peccatorum
713 1677 899 1777 pertulisse
917 1701 1037 1766 casus,
1057 1692 1179 1750 tamen
1197 1691 1345 1776 propter
1359 1675 1569 1748 humilitatis
1583 1677 1818 1749 concordiam

235 1823 277 1872 ae
293 1798 527 1898 providentiae
543 1800 728 1870 emam⁸...
747 1810 875 1868 contra
889 1795 1148 1894 desperationis
1161 1795 1340 1867 insaniam
1352 1795 1512 1866 Domino
1523 1819 1588 1892 per
1598 1795 1818 1867 Psalmistarn

235 1945 303 1994 nos
328 1921 377 1992 ita
401 1918 657 1991 consolante⁴2
680 1945 699 1986 a
714 1917 884 2015 Numquid
905 1918 968 2014 qui
989 1916 1145 2005 dormit,
1172 1940 1248 1989 non
1276 1915 1418 2013 adjiciet
1431 1931 1472 1987 ut
1494 1918 1705 2012 resurgatis
1732 1917 1820 2004 Quis

236 2039 333 2110 enim
354 2039 538 2110 dormiens
558 2061 633 2108 non
649 2038 749 2134 piger
767 2036 813 2108 ad
829 2035 1068 2135 operandum,
1082 2051 1118 2109 et
1132 2060 1198 2134 per
1213 2037 1464 2133 negligentiam
1480 2051 1628 2134 torpens
1648 2051 1756 2133 atque
1772 2037 1819 2109 ad

236 2157 364 2230 horam
379 2155 568 2228 deficiens?
583 2155 715 2244 Quales
728 2154 875 2253 quidem
888 2155 1085 2228 adhortans
1100 2155 1291 2253 Apostolus
1306 2156 1394 2228 title
1409 2158 1560 2253 «Surge,
1572 2181 1652 2254 quae
1667 2158 1817 2246 dormis,

236 2292 272 2350 et
287 2301 434 2373 exsurge
450 2301 471 2349 a
487 2277 652 2366 mortuis,
671 2290 739 2348 etc.
755 2303 773 2344 n
792 2281 885 2348 Eece
899 2280 1042 2365 Petrus,
1063 2277 1126 2372 qui
1142 2275 1240 2374 prius
1255 2276 1379 2346 Simon
1396 2275 1530 2366 dictus,
1548 2277 1783 2375 postmodum
1800 2299 1819 2348 a

238 2393 379 2468 Christo
402 2411 503 2494 petra
527 2399 651 2468 Petrus
674 2408 728 2467 est
752 2393 963 2492 appellatus,
980 2393 1053 2466 hcc
1067 2408 1123 2466 est
1138 2416 1160 2467 a
1174 2392 1342 2467 firmitate
1362 2394 1500 2486 firmus,
1516 2397 1578 2467 cui
1592 2410 1629 2468 et
1644 2397 1821 2468 Dominus

237 2514 344 2587 dixit·
361 2542 370 2584 :
392 2543 410 2583 ι(
426 2517 502 2610 Ego
513 2515 637 2610 rogari
653 2539 720 2612 pro
733 2528 782 2603 te,
798 2529 839 2586 ut
856 2539 931 2586 non
948 2511 1092 2585 deficiat
1105 2512 1195 2586 fides
1213 2529 1292 2603 tua,
1313 2528 1349 2586 et
1363 2528 1404 2585 tu
1417 2513 1613 2611 aliquando
1628 2539 1821 2588 conversus

238 2632 412 2707 confirma
425 2633 550 2708 fratres
568 2647 663 2705 uros.
677 2661 696 2702 n
715 2633 833 2704 Tertio
850 2633 970 2730 lapsus
986 2656 1049 2704 ore
1065 2632 1313 2722 solummodo,
1330 2657 1406 2704 non
1424 2648 1545 2705 mente
1557 2633 1738 2706 Christum
1757 2633 1820 2706 ab·

239 2769 356 2850 negat.
383 2757 475 2825 Ecce
497 2750 721 2826 Marcellinus
742 2752 836 2823 Petri
860 2775 1061 2840 successor,
1080 2767 1116 2823 et
1134 2767 1208 2824 tam
1228 2751 1443 2824 infirmitatis
1461 2753 1701 2851 trepidatione
1712 2778 1821 2850 quem

238 2873 473 2971 postmodum
488 2895 572 2943 cum
588 2871 798 2944 fortinrdine
808 2872 961 2942 vicarius
977 2871 1070 2968 ejus,
1087 2871 1198 2942 senrel
1213 2870 1345 2942 labitur
1358 2870 1534 2960 titubans,
1555 2897 1623 2942 nec
1636 2871 1819 2962 deficiens,

239 2992 428 3064 confestim
448 2989 720 3078 convalescens3
738 2989 794 3060 his
810 2988 940 3086 quibus
960 3004 1136 3088 preerant
1148 2993 1185 3061 in
1202 2990 1366 3089 exemplo
1379 3005 1463 3061 suut
1477 2991 1598 3088 positi,
1612 3015 1659 3062 ne
1674 3007 1823 3089 propter

238 3112 437 3208 quemlibet
453 3110 594 3208 lapsum
611 3111 815 3209 desperent.
837 3111 981 3182 Dictum
992 3126 1047 3182 est
1063 3115 1169 3181 Petro
1185 3113 1377 3183 aDomino
1395 3113 1559 3208 quamvis
1575 3129 1763 3209 negaturo,
1782 3131 1823 3188 ut

239 3232 471 3304 confirmaret
498 3231 635 3302 fratres.
654 3231 826 3304 Novimus
842 3245 878 3301 et
893 3228 1139 3316 Marcellinum
1154 3229 1404 3302 cmrfirmatam
1425 3255 1447 3303 a
1462 3255 1500 3302 se
1519 3231 1695 3306 thebaeam
1711 3235 1822 3332 legio·

240 3351 379 3422 nemin
397 3347 468 3420 fide
484 3348 531 3420 ad
549 3348 658 3420 coelos
678 3347 902 3445 praemisisse.
928 3347 1036 3442 Cujus
1057 3362 1093 3418 et
1113 3347 1308 3445 discipulus
1325 3347 1512 3420 Marcellus
1528 3375 1623 3448 papa
1638 3367 1674 3423 et
1689 3368 1824 3449 martyr

240 3471 273 3541 ei
288 3469 484 3542 succedens
495 3483 659 3540 sanctum
675 3467 833 3563 magistri
846 3467 980 3538 exitum
995 3465 1235 3558 confirmavit,
1248 3470 1340 3539 sicut
1350 3483 1386 3542 et
1401 3485 1485 3541 ante
1500 3485 1617 3544 actam
1627 3473 1702 3569 ejus
1713 3475 1825 3546 vitam

228 3587 427 3662 thebaeana
445 3587 537 3684 legio
560 3585 829 3684 comprobavit;
851 3601 893 3659 ut
918 3599 992 3658 tam
1008 3586 1130 3683 priora
1152 3586 1227 3682 ejus
1247 3611 1357 3683 quam
1377 3590 1579 3685 posteriora
1598 3574 1827 3664 commenda-

242 3705 340 3778 tione
357 3708 464 3803 digna
485 3719 600 3778 totam
620 3705 730 3777 medii
748 3705 1012 3778 dubitationem
1032 3705 1159 3778 tollant
1173 3706 1231 3777 vel
1256 3707 1556 3806 desperationem.
1584 3713 1683 3783 Sicut
1706 3727 1825 3785 autem

241 3825 329 3897 istos
345 3826 522 3896 Dominus
538 3826 575 3895 in
592 3824 702 3911 clero,
720 3824 770 3895 ita
786 3823 903 3896 David
918 3823 1149 3913 Salomonem
1167 3827 1384 3922 praemisitin
1399 3828 1552 3926 populo,
1570 3833 1631 3928 qui
1648 3834 1746 3928 gravi
1759 3857 1825 3906 suo

242 3947 344 4044 lapsu
362 3949 586 4044 peccata⁷....
606 3943 822 4034 solarentur,
841 3969 888 4016 ue
907 3959 990 4043 post
1006 3959 1284 4042 quantacunque
1300 3947 1451 4020 crimina
1462 3948 1509 4020 de
1523 3951 1745 4048 indulgentia
1761 3953 1824 4026 de·
1887 3943 1889 3948 ¹

242 4081 441 4162 sperarent.
460 4064 633 4137 Maximus
649 4063 708 4135 ille
723 4087 849 4160 regum
865 4087 906 4136 ac
924 4062 1185 4161 prophetarum
1199 4065 1333 4156 David,
1350 4065 1492 4139 adulter
1507 4069 1626 4160 simul,
1645 4073 1822 4170 proditor,

244 4197 280 4254 et
295 4181 492 4272 homicida,
507 4197 645 4280 quanto
664 4183 702 4254 in
719 4181 909 4256 virtutibus
926 4181 1079 4280 amplius
1096 4197 1268 4274 creverat,
1288 4198 1390 4258 tanto
1405 4187 1520 4284 majus
1536 4189 1769 4288 praecipitium
1781 4193 1827 4264 de

243 4303 401 4376 culmine
416 4303 563 4402 pertulit
572 4305 759 4376 virtutum.
780 4307 862 4392 Quo
874 4304 973 4376 enim
983 4303 1088 4377 altior
1098 4303 1241 4401 gradus,
1253 4319 1355 4378 tanto
1369 4309 1510 4403 gravior
1525 4333 1639 4382 casus.
1654 4311 1826 4386 Salomon

244 4425 304 4497 ille
317 4425 436 4516 ldida,
454 4424 526 4497 hcc
542 4440 597 4498 est
613 4425 763 4497 dilectus
779 4425 943 4514 Domini,
965 4425 1010 4497 de
1028 4450 1102 4524 quo
1119 4440 1156 4499 et
1168 4429 1345 4499 Dominus
1361 4427 1588 4526 praedixerat³
1606 4459 1615 4502 ε
1636 4459 1655 4500 a
1673 4437 1749 4528 Ego
1765 4457 1828 4506 ero

244 4543 297 4616 illi
309 4545 346 4616 in
362 4560 516 4642 patrem,
535 4546 658 4642 etipse
675 4545 742 4617 erit
757 4543 847 4616 mihi
864 4545 901 4617 in
916 4543 1043 4635 filium,
1056 4572 1075 4613 n
1093 4547 1131 4616 in
1145 4560 1285 4618 tantum
1301 4545 1631 4622 abominationibus
1645 4551 1765 4651 lapsus
1777 4569 1831 4626 est

246 4680 409 4763 puteum,
423 4679 463 4736 ut
479 4666 770 4763 eoncupiscentia
781 4667 898 4737 carnis
913 4665 1076 4738 devictus
1086 4665 1249 4737 divinum
1265 4665 1401 4739 cultum
1417 4671 1569 4741 omnino
1581 4670 1775 4764 desereret,
1796 4689 1830 4746 et

246 4798 349 4856 tanto
368 4800 530 4882 tempore
540 4783 646 4856 idolis
663 4783 869 4875 deserviret,
890 4809 1001 4882 aquo
1018 4809 1085 4856 nec
1101 4784 1283 4856 idolorum
1301 4786 1437 4859 excelsa
1452 4803 1536 4860 sunt
1553 4788 1683 4862 ablata.
1704 4795 1776 4864 Nec
1792 4793 1829 4864 id

285 5077 293 5102 ¹
310 5077 398 5128 natm.
419 5095 507 5141 urus,
525 5097 549 5131 r.
570 5078 765 5144 tt.-'Joan.,
781 5095 837 5148 cap.
850 5096 926 5143 ιω.
942 5082 1020 5132 tt-
1060 5093 1116 5148 cap.
1133 5098 1163 5145 r,
1179 5097 1203 5134 v.
1226 5083 1264 5134 rt.
1278 5111 1306 5120 -
1318 5082 1330 5110 ⁶
1341 5083 1413 5148 Luc,
1428 5099 1485 5149 cap.
1500 5101 1567 5140 xxu.
1590 5103 1614 5138 r.
1634 5087 1674 5138 tl.
1688 5111 1719 5124 -
1733 5084 1832 5137 'lnam

250 5157 350 5211 'bem
364 5173 500 5228 corruptus.
512 5189 543 5201 -
556 5162 666 5216 ‘Psalm
686 5180 733 5226 ιι,
754 5179 776 5214 r.
801 5164 826 5214 9.
843 5191 873 5203 -
888 5163 899 5192 ⁸
917 5163 1020 5226 apta„
1060 5175 1198 5233 corruptas.
1212 5193 1241 5205 -·
1251 5165 1261 5195 ⁸
1272 5168 1332 5234 dep.
1348 5169 1545 5234 ff‚cap.n1,v.
1560 5172 1589 5219 1⁴
