4520 6104
544 603 633 676 CUM
658 601 785 673 PETRI
812 599 1045 674 lunatam
1068 601 1393 676 SOLUTlONlBUS.
1697 609 1768 680 249

193 749 231 818 in
250 743 460 820 sacramenti
480 741 721 841 perceptione,
742 739 973 810 verumetiam
991 740 1027 812 in
1046 743 1217 838 passionis
1235 743 1429 814 imitatione
1450 743 1610 840 accipere
1621 743 1764 818 debere.
1820 825 1821 828 ,

198 861 300 952 Unde
318 877 353 934 et
374 861 557 955 Psalmista
587 887 595 930 ι
630 889 647 928 r<
670 858 822 937 Calicem
841 857 1042 948 salutaris¹,
1067 887 1085 926 u
1107 860 1178 931 hnc
1198 875 1250 932 est
1260 861 1343 933 ¹veri
1369 866 1448 933 lesu
1467 914 1476 950 ,
1503 864 1733 961 «accipiam,
1751 893 1768 932 o

184 1009 280 1081 ,cum
298 980 462 1052 videlicet
481 1005 545 1077 per
564 979 737 1077 passionis
750 1001 895 1074 quoqne
913 979 1078 1050 virtutem
1092 978 1277 1052 imitando.
1295 983 1339 1050 Et
1350 981 1433 1077 quia
1452 995 1604 1052 mortem
1622 979 1771 1058 tolerare

197 1127 272 1201 non
292 1115 345 1174 est
361 1102 526 1174 humanae
546 1099 774 1187 infirmitatiS,
794 1097 857 1170 scd
877 1097 1012 1170 collatae
1028 1097 1131 1170 nobis
1149 1123 1169 1170 a
1187 1105 1264 1172 Deo
1275 1101 1435 1172 virtutis:
1452 1103 1526 1198 ipse
1539 1116 1592 1172 est
1604 1104 1772 1176 invocan-

198 1222 286 1312 dus,
306 1245 419 1318 aquo
437 1221 503 1291 ista
520 1219 693 1316 speranda
711 1233 764 1290 est
778 1219 910 1306 virtus,
932 1218 968 1288 in
991 1240 1061 1314 qua
1079 1243 1153 1290 non
1176 1233 1246 1291 tarn
1262 1235 1421 1291 nostram
1441 1220 1648 1310 utilitatem,
1665 1247 1772 1318 quam

199 1342 274 1437 ejus
296 1340 445 1438 gloriam
472 1363 628 1436 quaerere
655 1337 851 1426 debemus,
873 1361 951 1433 quae
971 1362 1035 1434 per
1064 1361 1196 1410 nomen
1216 1339 1291 1432 ejus
1313 1337 1538 1435 significatur.
1563 1341 1660 1412 Sicut
1678 1345 1776 1414 enim

180 1531 186 1548 ,
200 1461 434 1559 ignominiosa
450 1458 629 1543 dicuntur,
644 1483 723 1555 quae
741 1459 886 1529 nornine
904 1457 1010 1554 digna
1031 1482 1106 1529 non
1122 1458 1310 1530 videntur:
1330 1459 1378 1530 ita
1396 1483 1416 1529 e
1434 1462 1611 1531 contrario
1627 1487 1776 1559 quaeque

201 1581 352 1678 gloriosa
382 1579 528 1650 nomine
549 1577 658 1674 digna
684 1593 821 1648 suntet
843 1577 946 1648 fama.
973 1581 1111 1648 Nomen
1132 1579 1237 1674 igitur
1257 1582 1321 1649 Dei
1348 1578 1575 1667 invocamus,
1599 1606 1711 1677 quum
1735 1607 1777 1654 ea

200 1725 280 1797 quae
294 1699 440 1772 facimus
459 1696 505 1769 ad
519 1696 667 1792 gloriam
680 1696 756 1791 ejus
770 1696 1003 1785 intendimus,
1025 1711 1065 1768 ut
1080 1696 1138 1788 ille
1152 1699 1270 1795 potius
1289 1699 1325 1768 in
1344 1698 1468 1788 nobis,
1488 1723 1595 1794 quam
1610 1724 1675 1770 nos
1697 1702 1775 1799 ipsi,

201 1817 417 1915 glorificetur
434 1831 541 1912 atque.
560 1813 734 1902 laudetur,
753 1839 864 1910 aquo
882 1815 917 1884 in
936 1814 992 1885 bis
1005 1817 1170 1886 virtutem
1190 1817 1400 1922 accipimus,
1422 1795 1472 1888 ¹ad
1490 1842 1568 1913 quae
1587 1817 1717 1890 infirmi
1735 1844 1777 1892 ex

201 1936 306 2008 nobis
322 1960 456 2006 sumus.
475 1935 566 2005 Hinc
583 1949 618 2004 et
637 1933 824 2029 Apostolus
835 1937 865 2002 ¹:
886 1936 986 2020 «Qui
1000 1913 1263 2030 glorificans»
1284 1937 1417 2032 inquit,
1441 1966 1459 2002 o
1474 1938 1512 2008 in
1529 1938 1686 2009 Domino
1703 1939 1778 2035 glo-

202 2056 324 2143 rietur,
339 2082 356 2120 u
380 2053 451 2125 hoc
465 2068 536 2140 est,
559 2053 674 2148 quiin
694 2077 732 2122 se
749 2051 882 2148 aliquid
904 2054 1040 2124 virtutis
1057 2053 1113 2125 vel
1134 2055 1236 2151 pretii
1256 2057 1497 2152 recognoscit,
1519 2081 1593 2127 non
1616 2081 1654 2129 se
1673 2058 1775 2144 inde,
1797 2043 1799 2049 ¹

203 2174 266 2247 sed
284 2180 398 2246 Deum
415 2187 547 2270 quaerat
564 2173 746 2259 honorari,
765 2193 832 2242 nec
850 2172 885 2243 id
903 2173 1021 2243 virtuti
1039 2198 1128 2262 suae,
1148 2172 1210 2244 sed
1233 2173 1360 2245 divinae
1377 2173 1527 2246 ascribat
1545 2177 1682 2272 gratiae,
1704 2201 1778 2248 non

203 2318 297 2382 ase,
318 2293 381 2364 sed
399 2317 420 2364 a
441 2297 518 2364 Deo
542 2291 578 2362 id
601 2309 858 2388 recognoscens
875 2315 963 2362 esse.
988 2295 1041 2364 De
1059 2291 1131 2362 hoc
1154 2292 1280 2382 calice,
1302 2319 1410 2390 quem
1427 2295 1557 2368 Christi
1579 2297 1779 2392 passionem

204 2411 377 2482 imitando
396 2411 587 2498 sumimus,
604 2408 691 2480 illud
707 2424 758 2480 est
774 2408 874 2506 quod
890 2407 969 2479 liliis
985 2409 1144 2482 Zebedaei
1161 2411 1228 2481 ait⁸
1244 2440 1253 2480 ι
1273 2440 1290 2478 a
1306 2414 1455 2484 Potestis
1471 2413 1594 2485 bibere
1612 2415 1779 2500 calicem,

204 2555 312 2626 quem
330 2519 396 2626 ego
412 2528 583 2612 bibiturus
596 2527 699 2598 sum?
716 2555 734 2594 u
756 2531 832 2597 Hoc
846 2543 916 2616 est,
935 2553 992 2599 me
1006 2554 1070 2625 per
1091 2529 1300 2630 passionem
1312 2532 1440 2603 imitari
1452 2555 1557 2630 posse
1577 2532 1781 2604 confiditis?

205 2652 299 2722 Rene
324 2664 443 2721 autern
461 2648 506 2720 de
528 2647 597 2720 hoc
620 2647 727 2719 calice
741 2647 881 2745 prim0,
898 2662 934 2718 et
948 2671 1021 2720 non
1039 2647 1084 2718 de
1098 2647 1277 2739 secundo,
1294 2649 1475 2750 discipulis
1493 2653 1562 2724 ait:
1581 2682 1597 2720 n
1614 2655 1780 2750 Accipite,

201 2787 236 2841 et
256 2767 402 2840 dividite
426 2769 516 2840 inter
536 2792 610 2838 vos.
630 2795 647 2832 n
668 2767 821 2838 Calicem
843 2747 977 2865 quippe
992 2766 1121 2838 Christi
1133 2753 1185 2838 'ab
1201 2793 1245 2840 eo
1265 2771 1477 2868 accipientes
1493 2772 1585 2842 inter
1605 2797 1672 2842 nos
1698 2772 1784 2842 divi-

202 2889 345 2979 dimus,
361 2913 473 2986 quum
492 2913 574 2960 eum
592 2886 739 2958 diversis
757 2886 944 2982 generibus
963 2887 1168 2984 passionum
1187 2889 1378 2960 imitamur.
1396 2893 1435 2959 ln
1456 2890 1685 2988 perceptione
1698 2915 1783 2963 vero

201 3012 415 3084 sacramenti
428 3034 501 3080 non
518 3024 571 3080 est
587 3008 714 3080 divisio
730 3036 738 3078 ε
755 3009 838 3105 quia
857 3006 905 3078 ibi
923 3020 976 3078 est
989 3031 1060 3078 una
1073 3008 1183 3106 ipsius
1196 3010 1320 3107 capitis
1334 3034 1408 3080 non
1428 3009 1671 3082 membrorum
1687 3010 1784 3083 obla·

201 3133 276 3218 tio,
292 3155 371 3227 quae
385 3153 405 3200 a
420 3129 520 3200 malis
537 3151 636 3224 aeque
656 3141 693 3198 ut
711 3151 731 3196 a
748 3125 852 3197 bonis
869 3125 1111 3197 sacerdotibus
1129 3129 1257 3198 virtute
1275 3127 1479 3200 divinornm
1493 3129 1683 3200 verborum
1702 3155 1785 3201 con·

203 3249 335 3320 licitur.
359 3278 376 3314 a
392 3248 563 3346 Accipite,
580 3276 597 3312 u
616 3247 749 3342 inquit,
770 3275 788 3314 o
804 3245 968 3333 calicem,
983 3272 1000 3311 n
1020 3245 1118 3317 hunc
1137 3269 1156 3316 a
1172 3271 1248 3336 me,
1269 3271 1377 3344 quem
1402 3261 1525 3354 postea
1547 3250 1716 3320 intervos
1730 3249 1785 3320 di·

201 3366 348 3456 uidatis,
365 3395 381 3434 a
397 3368 479 3462 quia
492 3365 660 3462 deinceps
675 3389 748 3434 non
764 3362 885 3434 bibam
899 3363 944 3433 de
959 3365 1186 3472 generatione
1198 3366 1289 3454 vitis,
1303 3393 1320 3433 >r
1335 3365 1406 3438 hoc
1419 3381 1489 3456 est,
1507 3391 1580 3438 non
1598 3367 1784 3440 celebrabo

201 3488 300 3562 hanc
314 3488 465 3560 hostiam
481 3511 567 3558 meae
578 3485 764 3584 passionis,
782 3513 800 3551 a
813 3482 930 3553 donec
944 3507 1094 3580 regnum
1108 3485 1173 3556 Dei
1187 3486 1323 3574 veniat,
1337 3513 1355 3552 n
1371 3486 1441 3558 hoc
1453 3501 1518 3572 cst,
1537 3488 1607 3558 vita
1621 3487 1784 3577 coelestis,

201 3609 241 3679 in
264 3631 337 3704 qua
360 3607 455 3678 solus
477 3606 671 3690 Dominus,
694 3627 768 3674 non
790 3617 975 3700 peccatum
999 3617 1140 3698 regnat,
1168 3629 1232 3702 per
1258 3605 1460 3702 passionem
1484 3630 1600 3677 meam
1625 3604 1789 3677 fidelibus

199 3727 363 3825 patefiat.
387 3732 479 3797 Bene
496 3722 641 3797 calicem
664 3723 870 3793 imitationis
888 3722 987 3793 calici
1008 3723 1175 3820 praemisit
1199 3727 1431 3796 sacramenti:
1448 3727 1531 3821 quia
1555 3725 1591 3794 hi
1615 3726 1681 3796 soli
1705 3750 1790 3796 con·

199 3847 308 3944 digni
321 3860 404 3917 sunt
416 3844 601 3915 dominicae
615 3867 744 3914 mensae
758 3842 1041 3942 communicare,
1059 3841 1121 3936 qui
1134 3843 1336 3936 passionem
1349 3843 1425 3938 ejus
1439 3845 1582 3947 imitari,
1600 3859 1635 3915 et
1648 3869 1788 3916 crucem

199 3967 284 4061 ejus
304 3966 419 4064 parati
443 3953 526 4036 sunt
547 3962 683 4034 tollere.
710 3961 812 4031 Unde
835 3975 869 4031 et
892 3961 1158 4056 scriptumest:
1179 3988 1196 4027 a
1211 3960 1264 4032 Ad
1288 3986 1447 4033 mensam
1465 3988 1629 4060 magnam
1647 3951 1788 4052 sedisti,

197 4088 297 4158 scito
312 4086 483 4181 quoniam
499 4083 580 4154 talia
592 4095 734 4180 oportet
751 4094 784 4150 te
799 4103 1010 4177 praeparare,
1027 4107 1043 4147 o
1060 4083 1220 4169 Novum,
1241 4104 1315 4150 non
1333 4097 1432 4153 vetus
1452 4098 1699 4154 testamentum
1724 4098 1792 4154 tra·

197 4207 316 4294 dens,
338 4221 412 4277 tam
430 4229 557 4302 panem
572 4227 680 4299 quam
699 4200 843 4272 calicem
857 4200 1051 4297 accipiens,
1068 4201 1192 4297 gratias
1209 4203 1278 4298 agit
1295 4227 1302 4270 ε
1318 4203 1470 4273 innuens
1484 4229 1547 4301 per
1557 4203 1628 4274 hoc
1645 4203 1704 4274 hic
1717 4229 1792 4275 esse

196 4323 451 4421 completum,
473 4322 571 4418 quod
593 4319 641 4391 ibi
659 4319 771 4390 fuerat
791 4317 1071 4416 praefiguratum,
1092 4335 1127 4389 et
1141 4319 1186 4390 de
1197 4321 1343 4391 veritate
1356 4321 1475 4419 potius
1489 4345 1595 4418 quam
1608 4321 1653 4392 de
1666 4321 1790 4418 umbra

195 4448 330 4516 Deum
353 4467 429 4514 esse
456 4440 740 4538 glorificandum.
776 4440 943 4534 Superius
967 4453 1083 4510 tamen
1110 4463 1148 4509 se
1171 4437 1387 4512 desiderasse
1413 4439 1499 4511 dixit
1523 4455 1622 4512 vetus
1649 4465 1793 4538 quoque

193 4562 345 4663 pascha
357 4587 439 4633 cum
453 4560 633 4658 discipulis
646 4558 843 4646 celebrare,
860 4582 907 4627 ne
924 4558 973 4628 sic
991 4555 1131 4654 abipso
1148 4583 1243 4630 nova
1263 4574 1483 4631 sacramenta
1500 4561 1736 4658 susciperent,
1757 4575 1795 4631 ut

192 4709 218 4755 a
235 4687 325 4754 Deo
338 4681 466 4752 tradita
482 4696 600 4752 vetera
619 4701 692 4750 non
710 4679 934 4749 aestimarent.
952 4680 1039 4763 Quae
1052 4678 1158 4748 etiam
1173 4692 1291 4750 vetera
1304 4679 1354 4750 eis
1368 4677 1485 4750 adhuc
1508 4679 1684 4751 veteribus
1712 4696 1796 4752 tunc

193 4803 370 4878 maxime
383 4799 643 4898 congruebant,
665 4812 704 4868 ut
716 4797 787 4868 hoc
799 4797 975 4895 praecipue
993 4797 1168 4868 Dominus
1180 4796 1326 4870 deberet
1338 4823 1420 4870 cum
1440 4799 1490 4872 eis
1505 4797 1683 4872 celebrare
1697 4801 1795 4897 quod

191 4925 253 4996 eis
268 4921 503 5022 potissimum
520 4917 663 4990 videbat
678 4915 890 5004 convenire,
905 4929 1075 5012 tanquam
1094 4916 1130 4987 in
1147 4913 1219 4988 hoc
1236 4919 1322 4993 suo?
1337 4915 1513 4988 desiderio
1532 4917 1569 4988 id
1592 4942 1629 4990 se
1647 4917 1796 4990 innuere

232 5207 243 5234 ⁴
266 5204 369 5256 Psalm.
384 5219 441 5260 cxv,
453 5217 475 5252 r.
495 5204 532 5252 13.
547 5231 566 5237 --
586 5199 596 5228 ¹
609 5201 715 5252 maort.
731 5203 756 5261 l,
767 5211 823 5269 cap.
835 5218 859 5264 r,
871 5219 893 5252 r.
908 5204 947 5253 31.
1002 5201 1012 5230 ³
1025 5201 1121 5263 narn„
1134 5219 1191 5269 cap.
1205 5219 1251 5264 xx,
1264 5219 1286 5253 r.
1301 5205 1342 5254 Η.
1358 5229 1380 5240 ·-
1397 5203 1407 5232 ⁰
1422 5204 1466 5255 Sui
1477 5202 1538 5254 Cod.

359 5302 368 5350 t
1620 5295 1659 5353 32
