4486 6100
920 589 1130 664 utuntur.

237 727 304 797 Qoe
318 725 371 782 tibi
384 737 415 781 tn
428 743 485 782 non
497 727 537 783 vis
551 727 626 796 lieri,
642 747 677 785 ne
689 730 787 786 feceris
799 732 866 799 ulli;
1084 732 1119 787 Ni
1133 731 1205 788 mibi
1219 734 1256 788 sis
1271 743 1302 789 nt
1316 750 1384 806 ego,
1399 747 1455 788 non
1469 733 1525 787 eris
1535 730 1605 787 alter
1615 747 1679 804 ego.

167 863 172 872 .
272 817 340 888 Quas
353 816 412 872 fieri
425 816 477 872 tibi
490 818 545 887 vis,
560 817 616 874 hec
627 837 739 894 quoque
750 821 793 876 lac
803 821 873 880 aliis.
1048 820 1127 889 Quos
1142 822 1170 877 in
1185 823 1307 880 amicitia
1321 839 1368 878 suu
1382 840 1505 897 querere
1518 820 1594 876 lucra
1610 817 1731 884 videbis,

237 904 556 978 Simplicisesthominis
564 907 683 965 similem
690 909 743 965 sibi
749 929 889 987 quemque
897 923 1006 987 putare,
1084 911 1169 982 Quod
1182 911 1237 968 dici
1253 914 1385 987 cupiunt,
1399 912 1454 967 boc
1467 911 1598 968 simulare
1610 919 1700 984 putes.

271 995 307 1051 Et
319 994 416 1050 leviter
430 994 502 1065 fatti,
517 995 612 1054 fallere
624 997 698 1054 nolle
710 999 835 1074 quidem.

237 1085 286 1139 Est
297 1095 390 1140 autem
405 1085 503 1142 vitium
515 1084 587 1157 salli,
601 1087 650 1143 sed
664 1088 758 1144 fallere
771 1091 893 1159 crimem
1084 1091 1208 1149 Ultimus
1222 1093 1288 1149 hinc
1302 1093 1421 1170 propriae
1434 1095 1487 1149 scit
1497 1092 1567 1148 mala
1579 1093 1698 1167 quisque
1710 1090 1819 1145 domus.

272 1174 415 1244 Crimine,
430 1194 486 1231 non
500 1176 587 1246 vitiis,
602 1179 721 1254 quisque
732 1198 825 1236 carere
837 1193 936 1255 potest.
1049 1181 1112 1237 Non
1125 1183 1230 1255 poterit
1242 1185 1370 1258 proprius
1383 1201 1550 1258 cognoscere
1560 1183 1636 1238 dives
1649 1181 1767 1246 amicos,
1796 1253 1801 1264 1

238 1266 279 1322 Ut
290 1267 399 1340 sapiens
412 1267 489 1342 salli,
504 1270 543 1324 sic
556 1287 633 1326 mens
644 1272 718 1328 bont
730 1272 825 1330 fallere
839 1278 939 1344 nescit,
1084 1275 1128 1328 Au
1142 1275 1199 1328 sint
1212 1273 1329 1330 fortune
1341 1273 1446 1330 scilicet
1460 1283 1508 1329 aut
1522 1273 1655 1328 hominis.

272 1355 320 1411 Est
333 1357 393 1413 vitii
405 1357 478 1426 salli,
492 1358 587 1416 fallere
600 1362 727 1418 criminis
739 1374 789 1422 est.
1048 1362 1158 1437 Pauper
1174 1364 1204 1419 in
1218 1363 1272 1420 boc
1291 1364 1357 1420 lelix
1369 1381 1465 1420 errore
1477 1373 1519 1419 est
1530 1361 1657 1420 tutusab
1669 1361 1722 1416 isto
1736 1385 1741 1413 :

237 1445 359 1502 Credere
373 1456 400 1503 te
412 1465 556 1524 nunquam
571 1449 628 1505 salli
641 1450 746 1508 fallacia
760 1471 868 1510 summa
882 1466 925 1511 est
939 1479 944 1509 :
1084 1454 1150 1524 Quo
1162 1455 1198 1508 sit
1209 1465 1359 1528 paupertas
1371 1453 1473 1528 cuique
1483 1449 1597 1506 serenda
1608 1450 1706 1523 magis.

273 1534 344 1592 Rem
357 1538 438 1593 istam
449 1549 557 1595 constat
569 1539 654 1596 solius
666 1557 725 1598 esse
740 1544 802 1600 Dei.
1050 1543 1129 1614 Quos
1141 1545 1170 1598 in
1183 1545 1305 1599 amicitia
1316 1544 1429 1599 fortuna
1444 1540 1565 1597 secunda
1576 1538 1703 1605 tenebat,

238 1624 309 1681 Nolo
321 1625 412 1681 Deum
424 1627 542 1696 similes,
557 1647 608 1686 nec
620 1641 647 1686 te
659 1649 744 1706 super
756 1633 858 1689 ethera
871 1651 989 1707 quastus,
1086 1631 1183 1706 Quum
1196 1635 1270 1707 perit
1283 1633 1358 1702 hec,
1372 1640 1492 1706 pereunt
1503 1648 1574 1706 quos
1587 1627 1671 1684 dabat
1682 1627 1729 1684 illa
1744 1626 1804 1683 tibi.

274 1715 347 1769 Dum
359 1716 428 1771 situs
439 1717 488 1772 hic
499 1730 579 1774 terras
592 1730 620 1774 te
631 1722 795 1778 tenebrosus
810 1723 904 1779 habet.
1048 1722 1116 1779 Plus
1129 1724 1229 1798 recipit
1243 1742 1327 1800 quarn
1340 1723 1389 1778 dat
1401 1740 1453 1796 pro
1466 1721 1548 1777 donis
1561 1719 1687 1795 quisquis
1699 1729 1822 1784 amatur,

238 1805 286 1860 Est
294 1805 363 1876 justi
376 1807 523 1879 proprium
537 1807 616 1864 reddi
631 1827 679 1865 sua
692 1810 761 1867 velle
773 1812 945 1888 quibusque;
1085 1812 1157 1868 Nam
1169 1813 1237 1888 quid
1250 1813 1372 1869 amicitia
1382 1814 1473 1868 carius
1485 1828 1544 1868 esse
1555 1810 1669 1883 potest?

273 1895 366 1950 Fortis
378 1896 409 1952 in,
419 1895 540 1952 adversis
553 1917 608 1954 non
622 1900 762 1973 trepidare
777 1904 850 1970 suis;
1050 1901 1172 1975 Majores
1184 1914 1274 1976 grates
1287 1904 1362 1959 douo
1375 1901 1479 1974 majore
1493 1916 1636 1955 meremur

239 1984 354 2041 illicitos
365 1987 452 2041 animi
464 1997 558 2044 motus
572 1988 682 2045 frenare
694 1990 831 2059 modesti;
1088 1991 1188 2048 Dando
1200 2011 1229 2049 se
1243 1994 1331 2068 magis
1343 2009 1427 2068 quam
1442 2008 1491 2046 sua
1503 1989 1622 2066 quisque
1634 1987 1721 2044 dabit.
1828 2017 1840 2034 a

274 2075 355 2130 Tunc
366 2095 454 2151 quum
467 2077 620 2134 succedunt
632 2097 764 2154 prospera
776 2085 922 2158 praecipue,
1053 2082 1210 2156 Antiquum
1223 2085 1329 2150 retine,
1346 2099 1434 2157 quum
1451 2082 1487 2135 sis
1502 2089 1645 2153 expertus,
1659 2078 1800 2143 amicum,

238 2166 316 2222 Sicut
327 2167 357 2221 in
368 2167 491 2224 adversis
502 2169 590 2224 virtus
602 2188 636 2225 ea
647 2189 744 2226 murus
757 2171 887 2242 habetur,
1087 2171 1147 2227 Nec
1159 2171 1278 2228 similem
1291 2171 1403 2241 credas,
1417 2171 1440 2225 si
1452 2168 1524 2242 sapis
1534 2210 1543 2241 ,
1555 2185 1613 2225 esse
1626 2185 1738 2223 novum.

273 2255 319 2314 Sic
332 2258 412 2314 istius
425 2271 511 2334 egent
523 2279 655 2334 prospera
668 2265 818 2338 temperie,
1052 2261 1250 2337 Praecipueque
1265 2272 1331 2316 tuus
1348 2261 1385 2316 sit
1401 2261 1450 2335 qui
1468 2258 1556 2332 patris
1571 2256 1665 2313 extitit
1680 2267 1761 2324 ante,

239 2348 296 2403 Nec
309 2349 388 2422 prior
400 2349 447 2404 illa
462 2360 556 2406 manet
568 2354 669 2420 virtus,
685 2355 739 2408 nisi
753 2353 823 2409 fulta
836 2356 873 2410 sit
886 2356 958 2425 istis,
1088 2357 1128 2412 Ut
1141 2357 1178 2412 sit
1192 2367 1221 2412 et
1237 2356 1305 2412 hinc
1316 2356 1402 2411 etiam
1415 2371 1495 2409 carus
1507 2369 1602 2408 amore
1613 2352 1710 2426 patris.

274 2438 316 2493 Ne
328 2439 364 2494 sit
378 2439 464 2496 fracta
477 2440 569 2507 malis,
585 2443 641 2498 sire
651 2443 766 2499 remissa
779 2443 869 2500 bonis.
1052 2445 1117 2501 Non
1128 2447 1232 2520 estqui
1246 2445 1327 2501 donis
1339 2444 1484 2517 corrumpi
1496 2442 1584 2516 possit
1596 2441 1702 2496 amicus
1717 2465 1722 2493 ι

239 2528 317 2598 Quid
330 2529 406 2598 vitii,
420 2530 489 2605 quid
503 2531 539 2586 sit
551 2533 661 2588 virtutis
672 2534 783 2590 discute
795 2535 918 2609 prudens
933 2561 938 2590 :
1087 2535 1221 2592 Proditor
1232 2535 1348 2590 alterius
1363 2552 1420 2590 nou
1434 2533 1487 2588 tibi
1503 2531 1576 2587 lidus
1589 2532 1652 2586 erit.

274 2618 360 2690 Quod
373 2620 395 2675 si
409 2620 580 2694 perdideris,
596 2623 700 2680 desinis
711 2643 770 2680 esse
781 2625 858 2700 quod
870 2643 908 2682 es.
1053 2627 1145 2696 Quem
1158 2636 1346 2698 corruperunt
1359 2637 1408 2680 tua
1424 2641 1540 2679 munem
1557 2619 1672 2677 credere
1688 2617 1747 2674 noli
1760 2643 1765 2671 :

239 2710 427 2784 Philosophus
437 2729 533 2768 causas
545 2730 641 2768 rerum
654 2714 789 2772 discernit
803 2734 915 2788 opacas;
1088 2717 1167 2773 Alter
1180 2718 1235 2772 erit
1247 2717 1327 2790 cujus
1341 2717 1380 2772 sic
1393 2732 1505 2790 quoque
1520 2713 1594 2769 dona
1606 2709 1689 2766 volet.

275 2798 395 2856 Effectus
408 2816 524 2872 operum
538 2804 676 2875 practicus
687 2807 859 2879 exsequitur.
1053 2809 1131 2880 Quos
1145 2806 1181 2862 ad
1195 2825 1359 2863 consensum
1372 2813 1517 2861 traxerunt
1528 2819 1644 2857 munera
1659 2809 1785 2872 turpem,

239 2888 375 2963 Quisquis
385 2891 462 2964 apud
473 2891 626 2948 Dominum
640 2911 668 2948 se
681 2896 779 2969 querit
788 2895 948 2967 justificari,
1089 2898 1200 2954 Horum
1216 2907 1244 2951 te
1262 2895 1326 2952 fidei
1343 2894 1458 2951 credere
1476 2904 1560 2964 turpe
1576 2900 1653 2964 puta.

274 2981 431 3048 Justitiam,
447 2981 470 3036 si
483 3000 537 3057 qua
551 2993 606 3053 est,
620 2985 725 3040 nesciat
738 2986 796 3059 ipse
808 3005 895 3043 snam.
1053 2987 1107 3044 Cui
1118 2985 1311 3052 malefecisti,
1325 3004 1361 3042 ue
1373 2996 1402 3040 te
1413 2981 1586 3039 commiseris
1599 2979 1658 3046 illi,

202 3073 210 3088 '
239 3069 282 3126 Ne
296 3072 393 3126 timeas
405 3090 545 3146 unquam,
561 3073 690 3130 meliores
702 3075 795 3149 aspice
807 3095 917 3152 semper
1088 3078 1277 3133 Praeterennte
1289 3075 1375 3143 mulo,
1390 3082 1536 3149 permanet
1547 3072 1588 3126 ira
1601 3068 1678 3124 muli.

275 3161 309 3214 ln
324 3160 427 3234 quibus
440 3162 566 3218 attendas
578 3163 649 3238 quid
661 3165 712 3220 tibi
727 3165 799 3223 desit
812 3167 913 3222 adhuc.
1054 3168 1097 3225 Sit
1111 3167 1161 3224 tibi
1173 3157 1325 3244 precipuos
1339 3181 1433 3238 servus
1445 3163 1536 3218 bonus
1550 3163 1624 3217 inter
1636 3161 1756 3228 amicos,

240 3253 315 3306 Ante
328 3261 492 3325 potestatem
506 3271 540 3322 ne
554 3272 658 3328 queres
671 3275 789 3330 magnus
800 3257 917 3322 haberi,
1090 3258 1148 3314 Nec
1166 3274 1274 3311 memor
1286 3257 1316 3310 in
1330 3253 1415 3310 talem
1430 3251 1600 3308 conditionis
1613 3251 1678 3306 eris.

276 3341 379 3396 Parrus
392 3341 447 3396 eris
462 3343 484 3397 si
496 3353 525 3398 te
537 3362 660 3418 querere
673 3347 782 3402 noverit
793 3347 857 3403 hoc.
1055 3349 1188 3403 Erectum
1205 3344 1326 3401 stimulis
1341 3354 1371 3401 et
1385 3342 1500 3398 verbere
1516 3341 1671 3414 comprime
1683 3354 1792 3394 servum
1803 3360 1810 3404 ;

240 3433 306 3503 Quo
321 3431 419 3487 melior
428 3433 548 3507 quisque
555 3445 611 3503 est,
625 3434 723 3507 majori
735 3435 838 3510 dignus
850 3452 944 3491 amore
957 3444 1013 3503 est;
1090 3438 1124 3492 In
1143 3446 1189 3491 tua
1205 3454 1241 3491 ne
1256 3434 1359 3490 calcem
1377 3431 1482 3506 dirigat
1498 3449 1546 3486 ora
1565 3447 1656 3485 suum.

277 3521 373 3596 thue
387 3521 445 3576 Deo
459 3524 578 3597 quisque
591 3524 682 3580 carior
693 3535 723 3580 et
734 3525 786 3580 tibi
799 3526 846 3581 sit.
1056 3527 1119 3583 Non
1136 3525 1244 3582 homini
1260 3536 1306 3595 te,
1323 3524 1372 3580 sed
1387 3523 1456 3580 vitio
1471 3523 1574 3579 servire
1588 3520 1722 3610 pudebit:

241 3609 313 3666 Sunt
328 3611 411 3667 multi
425 3613 537 3682 iratres,
552 3615 642 3670 sed'in
655 3615 713 3671 illis
725 3633 804 3671 rarus
816 3617 922 3672 anricus
936 3641 941 3670 ε
1091 3617 1167 3672 Dum
1181 3617 1217 3672 sit
1228 3615 1315 3670 libera
1329 3632 1421 3682 mens,
1438 3612 1478 3668 nil
1489 3611 1542 3668 tibi
1553 3620 1637 3685 turpe
1649 3621 1740 3684 putes.

278 3702 335 3758 Nos
347 3713 446 3759 natura
459 3713 548 3772 creat,
565 3708 653 3778 gratia
665 3707 769 3779 prebet
779 3725 853 3762 eum.
1041 3740 1045 3750 ·
1056 3707 1128 3763 Nolo
1141 3709 1232 3762 virum
1245 3705 1344 3760 doceas
1360 3704 1456 3759 uxoris
1472 3704 1580 3759 crimen
1597 3711 1706 3768 amate,

241 3793 348 3866 Turpia
362 3813 398 3849 ne
411 3795 506 3861 iacias,
521 3793 571 3850 sed
581 3797 650 3852 vites
662 3807 777 3871 propter
788 3798 925 3862 amicum,
1092 3797 1176 3869 Quod
1187 3797 1251 3852 sciri
1267 3796 1361 3869 potius
1374 3813 1458 3869 quam
1473 3793 1533 3848 fieri
1547 3801 1641 3865 gravat
1652 3790 1740 3845 huuc.

278 3883 306 3938 Si
319 3884 398 3957 cupis
412 3893 443 3939 ut
454 3902 517 3940 vere
530 3885 567 3940 sis
580 3887 718 3960 pretiosus
732 3888 767 3942 ei.
1057 3871 1227 3961 Opprobriis
1244 3902 1339 3940 aurem
1358 3884 1480 3958 propriis
1496 3881 1545 3938 dat
1564 3898 1646 3938 nemo
1663 3879 1793 3944 libenter,

242 3973 378 4046 Turpiter
389 3986 500 4031 excusat
514 3994 614 4032 noxam
626 3996 710 4052 quam
725 3987 840 4050 propter
850 3977 971 4030 amicum
1092 3975 1150 4032 Nec
1166 3987 1196 4030 te
1214 3993 1265 4030 nec
1282 3991 1452 4049 quemquam
1471 3971 1535 4028 talia
1550 3970 1621 4026 seire
1638 3968 1720 4024 volet.

278 4063 303 4116 A
315 4080 344 4118 se
355 4065 493 4120 committi
509 4066 601 4121 dicere
614 4085 671 4121 non
685 4065 773 4140 pudet
785 4066 867 4121 banc.
1055 4068 1208 4140 Quumque
1217 4056 1277 4119 viro
1288 4073 1363 4118 casto
1373 4063 1476 4135 conjux
1490 4079 1538 4116 sne
1552 4069 1625 4116 casta
1638 4057 1758 4124 ridetur,

242 4152 271 4208 st
281 4164 362 4226 roget
369 4164 419 4209 ant
429 4156 511 4212 iaciat
520 4157 666 4232 quisquam
677 4155 755 4231 quod
763 4155 843 4211 laedat
851 4154 1012 4220 honestum,
1091 4157 1207 4229 Semper
1221 4165 1249 4210 et
1260 4156 1382 4210 incestus
1396 4153 1563 4228 suspiciosus
1579 4151 1642 4206 erit.

279 4243 367 4298 hietas
380 4254 409 4299 et
422 4245 513 4318 legem
526 4247 627 4302 transit
639 4247 775 4302 amicitie.
1057 4247 1105 4304 Nil
1118 4247 1217 4303 melius
1229 4246 1347 4301 muliere
1360 4245 1447 4315 bona,
1463 4243 1503 4299 nil
1515 4259 1599 4318 quum
1612 4237 1683 4295 mala
1695 4236 1776 4311 pejus
1789 4260 1793 4289 ι

141 4343 146 4348 “
243 4333 382 4389 Exaudire
397 4353 492 4408 preces
506 4337 654 4393 inhonesta
666 4339 791 4411 rogantis
802 4337 885 4392 amici
1093 4336 1235 4396 Omnibus
1248 4335 1299 4391 ista
1311 4335 1393 4392 bonis
1407 4344 1517 4409 praestat
1527 4342 1555 4388 et
1566 4329 1613 4386 illa
1624 4326 1713 4383 malis.

282 4422 330 4477 Est
344 4423 379 4478 ab
390 4426 517 4482 amicitie
529 4427 596 4482 calle
610 4427 714 4484 referre
726 4428 837 4502 pedem.
1057 4428 1104 4484 Nil
1118 4428 1222 4483 teneris
1232 4435 1340 4481 constat
1352 4423 1538 4482 verecundius
1548 4437 1607 4476 esse
1618 4416 1733 4493 puellis,

244 4513 364 4588 Propter
376 4516 529 4571 amicitiam
543 4518 566 4572 si
578 4517 648 4591 quid
660 4519 826 4574 commisero
837 4517 908 4590 vile,
1091 4519 1208 4593 Hocque
1220 4535 1315 4572 carere
1325 4516 1399 4572 bono
1411 4515 1453 4571 nil
1465 4516 1504 4569 ita
1515 4514 1588 4568 sicut
1600 4526 1678 4566 snus.

280 4601 323 4658 Re
333 4605 410 4676 turpi
423 4604 570 4678 pulchram
584 4606 667 4676 t‘oedo,
684 4609 811 4683 malaque
823 4609 934 4664 bonam.
1056 4608 1193 4664 Incestum
1206 4616 1238 4661 ut
1250 4616 1352 4662 castam
1368 4605 1472 4680 pariter
1484 4619 1592 4659 servare
1605 4607 1715 4665 caveto,

245 4692 274 4748 Si
287 4710 343 4748 non
357 4694 501 4750 subvenias
514 4696 603 4754 donee
615 4709 644 4754 te
655 4709 750 4754 exoret
761 4700 881 4768 amicus,
1091 4701 1205 4774 Quippe
1218 4699 1276 4754 haec
1287 4716 1343 4754 uon
1357 4697 1454 4766 debet,
1468 4696 1507 4752 sic
1517 4694 1601 4750 etiam
1613 4690 1660 4746 illa
1670 4687 1779 4763 nequit.

281 4781 405 4838 Tradere
418 4794 447 4839 te
460 4785 566 4856 credis,
581 4788 701 4844 vendere
713 4787 795 4844 crede
807 4788 907 4863 magis.
1056 4789 1133 4863 Quid
1145 4789 1213 4845 lacit
1223 4789 1333 4845 incestu
1347 4786 1472 4842 custodia
1483 4785 1496 4839 i
1509 4799 1603 4839 nonne
1615 4778 1745 4854 pudicam

244 4871 309 4927 Non
321 4874 413 4946 pretio
421 4894 506 4948 parvo
514 4889 556 4933 est
568 4879 654 4934 rubor
668 4878 715 4934 ille
724 4879 848 4952 rogantis
857 4877 1013 4945 habendus,
1091 4881 1138 4938 Sic
1150 4881 1210 4937 fieri
1222 4879 1326 4948 credis,
1340 4897 1400 4954 qnae
1411 4877 1483 4933 mah
1494 4893 1552 4931 uon
1562 4873 1655 4929 minut
1666 4868 1726 4924 est?

281 4963 418 5037 Quoque
430 4974 462 5020 tu
473 4966 543 5022 dicis
556 4967 643 5034 dona,
657 4977 768 5025 coactus
779 4967 855 5023 emit.
1057 4963 1575 5045 Virtusquippeanimi,noncorporis,
1583 4954 1827 5031 esseputandaest:

245 5052 346 5109 Debita
360 5066 427 5111 sunt
437 5075 520 5131 quam
533 5057 606 5114 donn
618 5060 707 5133 magis
717 5077 778 5134 quae
790 5059 893 5114 dantur
905 5059 1012 5116 amico:
1091 5059 1181 5114 Nemo
1197 5060 1223 5113 ri
1240 5058 1331 5113 bonus
1347 5067 1406 5125 est,
1426 5055 1475 5110 sed
1493 5052 1582 5108 malus
1594 5047 1660 5105 inde
1673 5047 1769 5119 magis

281 5143 330 5198 Nil
342 5153 451 5201 tantum
466 5159 575 5223 estque
587 5149 650 5223 plus
664 5167 720 5206 nou
733 5160 873 5205 mereatur
885 5167 972 5204 amor.
1058 5151 1124 5222 Quas
1142 5147 1243 5203 mulier
1256 5147 1335 5203 famu
1352 5162 1528 5221 nequaquam
1545 5140 1646 5196 damna
1664 5146 1784 5203 veretur,

246 5234 328 5290 Alter
337 5253 391 5309 ego
404 5237 457 5293 nisi
472 5239 524 5310 sis,
539 5259 596 5296 non
610 5259 640 5298 es
653 5241 723 5296 mihi
735 5259 815 5296 verus
827 5241 948 5309 amicus;
1029 5305 1032 5312 ,
1096 5239 1136 5295 De
1148 5237 1216 5296 falso
1228 5256 1324 5294 rerum
1337 5237 1454 5294 crimine
1467 5234 1574 5293 crimen
1588 5229 1655 5303 agit·

369 5347 381 5392 1
1670 5325 1711 5389 ll
