4510 6108
483 590 554 663 530
1079 581 1207 652 rarat
1235 579 1468 652 annotant

475 727 720 823 juramentum
731 734 1006 808 commemorat,
1018 719 1081 791 sed
1097 720 1199 816 quasi
1215 718 1409 791 levioribus
1418 716 1533 817 culpis
1545 720 1725 816 graviores
1741 733 1936 792 annectens
1947 721 2062 818 primo

480 847 569 918 dixit
584 851 728 917 Petrum
744 867 903 938 negasse,
921 855 1047 940 postea
1063 864 1147 912 cum
1159 840 1378 937 juramento,
1394 839 1542 910 tandem
1560 865 1643 910 cum
1660 839 1896 912 detestatione
1909 840 2012 912 simul
2027 858 2064 914 et

476 969 694 1061 juramento.
718 961 912 1034 Marcellini
928 984 1015 1032 vero
1028 959 1273 1054 juramentum
1288 957 1345 1029 vel
1362 958 1635 1030 detestationem
1652 959 1726 1030 sive
1742 958 2064 1032 anathematizatio-

480 1112 564 1157 nem
578 1109 653 1156 non
670 1083 856 1168 novimuS,
877 1105 944 1151 nec
961 1079 1070 1150 etiam
1083 1078 1193 1150 verba
1212 1077 1411 1174 negationis
1426 1078 1536 1176 ipsius
1549 1078 1719 1174 legimus3
1737 1078 1800 1150 sed
1817 1079 1918 1176 quasi
1937 1079 2063 1150 timore

480 1205 607 1277 mortis
622 1217 720 1274 extra
736 1183 774 1273 se
788 1201 940 1287 factum,
959 1223 1026 1270 nec
1045 1196 1244 1268 deliberare
1264 1195 1400 1292 aliquid
1419 1197 1645 1294 permissum.
1665 1196 1874 1268 Audivimus
1890 1197 2006 1295 ipsum
2024 1199 2060 1268 in

480 1320 654 1396 sacrificio
679 1320 766 1391 idoli
790 1320 977 1389 incensum
995 1312 1226 1388 solummodo
1244 1314 1423 1412 posuisse,
1441 1339 1508 1386 nec
1529 1315 1633 1386 istam
1649 1315 1967 1410 transgressionem
1981 1339 2061 1386 eum

481 1441 669 1527 tolerasse,
699 1438 762 1510 sed
785 1437 904 1508 statim
925 1433 1133 1508 convocatis
1154 1433 1331 1531 episcopis
1352 1433 1388 1502 in
1411 1434 1567 1531 seipsum
1592 1435 1806 1505 sententiam
1832 1432 2061 1532 depositionis

482 1559 639 1646 dedisse;
658 1579 772 1653 quum
794 1578 1022 1650 nequaquam
1039 1557 1161 1623 Petrus
1177 1550 1223 1623 de
1238 1551 1333 1622 trina
1348 1574 1411 1622 sua
1429 1551 1619 1647 negatione
1636 1565 1775 1622 tantam
1794 1553 1904 1646 egerit
1928 1551 2059 1623 satisla·

481 1679 657 1766 ctionem,
675 1699 742 1746 nec
759 1675 867 1745 etiarn
882 1671 929 1744 ad
943 1671 1206 1742 consessionem
1222 1669 1360 1741 venisse
1372 1669 1527 1766 legatur,
1545 1684 1608 1742 aut
1621 1669 1899 1742 satisfactionem
1909 1671 2060 1768 aliquam

484 1798 568 1869 inde
584 1796 792 1894 suscepisse.

532 1915 641 2003 Quod
658 1915 687 1986 si
701 1928 784 2011 post
802 1917 959 2000 Petrum,
979 1909 1128 1982 Paulum
1145 1933 1292 2007 quoque
1308 1933 1491 1981 summum
1506 1907 1757 2007 coapostolum
1771 1909 1846 2006 ejus
1860 1907 2058 1980 Marcellino

483 2036 727 2123 conteramus,
750 2033 966 2105 levissimam
988 2029 1184 2103 Marcellini
1204 2030 1350 2128 culpam
1367 2031 1405 2101 in
1427 2029 1496 2102 hac
1519 2030 1799 2126 transgressione
1826 2029 2056 2102 censebimus.

483 2155 646 2250 legimus
671 2152 805 2250 quippe
824 2150 973 2223 Paulum
992 2148 1193 2220 seeundum
1213 2150 1323 2220 ritum
1344 2148 1450 2246 legis,
1473 2149 1574 2245 cujus
1594 2149 1800 2248 corporales
1821 2148 2058 2220 observantias

483 2274 636 2345 maxime
654 2269 902 2368 impugnabat,
913 2268 1140 2367 compulsum
1154 2293 1176 2340 a
1189 2267 1335 2357 iudaeis,
1358 2283 1398 2338 ut
1417 2293 1518 2340 more
1539 2271 1778 2342 Nazareorum
1794 2271 1872 2340 Deo
1885 2293 1924 2340 se
1937 2291 2058 2340 conse·

482 2405 611 2480 oraret,
622 2413 766 2461 necnon
777 2404 813 2459 et
828 2387 1055 2458 Timotheum
1066 2385 1282 2485 discipulum
1295 2409 1401 2458 suum
1417 2386 1463 2458 ad
1473 2386 1805 2460 circumcidendum
1820 2388 1871 2460 eis
1885 2387 2056 2458 traderet:

481 2511 629 2611 quando
643 2525 764 2582 tamen
781 2507 1091 2580 circumcisionem
1108 2508 1145 2576 in
1162 2521 1303 2578 tantum
1315 2506 1532 2604 superfluam
1545 2508 1601 2578 vel
1618 2508 1856 2606 periculosam
1864 2505 2056 2605 judicabat,

481 2647 521 2703 ut
537 2631 713 2703 diceret¹:
737 2657 754 2695 a
772 2628 808 2697 si
828 2625 1152 2714 circumcidamini,
1175 2623 1337 2697 Christus
1347 2625 1452 2697 vobis
1465 2625 1554 2696 nihil
1574 2627 1752 2725 proderit3
1768 2655 1786 2695 u
1803 2642 1839 2699 et
1856 2625 2059 2722 generaliter

480 2753 527 2826 de
557 2749 793 2824 observantiis
817 2748 921 2844 legis¹
940 2776 947 2817 :
969 2775 987 2814 a
1002 2747 1073 2835 Qui
1098 2747 1135 2816 in
1162 2744 1252 2842 lege,
1269 2773 1286 2812 u
1312 2747 1449 2844 inquit,
1477 2774 1495 2814 a
1503 2745 1769 2842 justificamini,
1790 2771 1812 2818 a
1836 2747 1947 2844 gratia
1971 2746 2057 2817 exci-

480 2871 594 2943 distis.
616 2897 636 2938 n

530 2997 709 3088 Negaturo
721 2992 825 3060 Petro
842 2986 1019 3058 Dominus
1032 2986 1243 3084 praedixerat
1253 2985 1355 3085 quod
1368 3002 1527 3083 negaret,
1541 3001 1577 3059 et
1593 2985 1651 3060 ille
1663 2987 1905 3059 constantiam
1918 2987 1973 3058 sui
1985 3011 2060 3084 pro·

480 3115 624 3185 mittens
633 3135 653 3181 e
663 3109 844 3180 contrario
857 3108 993 3204 majora
1002 3106 1248 3205 promittebat,
1262 3121 1297 3178 et
1306 3131 1344 3178 se
1355 3107 1525 3180 omnibus
1533 3130 1748 3206 praeponens
1763 3106 1924 3178 dicebat⁸
1938 3135 1947 3178 :
1962 3109 2058 3179 «Etsi

481 3255 607 3304 omnes
623 3227 851 3301 scandalizati
863 3227 1008 3314 suerint,
1028 3226 1091 3298 sed
1105 3251 1179 3297 non
1196 3251 1276 3322 ego.
1293 3254 1311 3293 »
1334 3231 1377 3298 Et
1392 3229 1554 3298 rursum‘
1573 3253 1581 3296 ε
1605 3253 1623 3294 a
1637 3229 1768 3298 Tecum
1780 3240 1924 3324 paratus
1940 3242 2058 3298 sumet

480 3351 516 3418 in
528 3362 682 3419 mortem
692 3347 773 3416 etin
784 3369 964 3415 carcerem
978 3344 1041 3414 ire.
1057 3372 1076 3411 u
1094 3349 1238 3430 Quanto
1249 3347 1480 3443 presumptio
1491 3346 1739 3443 promissionis
1755 3347 1871 3442 major
1887 3348 2055 3434 extiterat,

482 3481 582 3538 tanto
607 3462 923 3562 reprehensibilior
951 3463 1043 3532 Petri
1068 3463 1190 3551 ruina,
1213 3478 1249 3534 et
1272 3462 1391 3562 lapsus
1412 3479 1465 3535 est
1485 3464 1644 3559 gravior,
1667 3479 1804 3561 quanto
1822 3478 1951 3536 contra
1968 3465 2058 3535 hunc

481 3582 654 3681 professio
672 3582 786 3652 fuerat
802 3581 929 3676 major.
949 3583 1062 3652 Nemo
1076 3579 1322 3653 Marcellinum
1334 3584 1380 3654 de
1391 3585 1684 3681 transgressione,
1699 3609 1778 3682 quae
1790 3584 1882 3657 facta
1894 3599 1959 3673 est,
1975 3609 2057 3682 pre·

482 3701 660 3772 munierat
675 3727 683 3771 :
697 3699 828 3772 nullius
842 3699 1091 3771 exhortatione
1103 3723 1148 3771 ne
1161 3701 1197 3772 id
1208 3717 1437 3800 praesumeret
1449 3717 1648 3802 praeventus
1660 3718 1750 3774 erat.
1767 3704 1919 3774 Mendax
1932 3704 1969 3774 in
1982 3727 2059 3801 pro

482 3823 652 3894 missione
668 3825 803 3909 Petrus,
817 3822 908 3892 sicut
918 3836 953 3891 et
967 3821 1004 3891 in
1022 3823 1211 3918 negatione
1224 3838 1386 3922 repertus
1401 3839 1467 3895 est.
1486 3827 1559 3895 Nec
1574 3825 1611 3895 in
1628 3848 1701 3895 una
1712 3837 1865 3914 tantum,
1877 3839 1917 3896 ut
1928 3824 2059 3897 dictum

482 3957 547 4031 est,
563 3941 765 4036 negatione,
784 3939 848 4010 sed
861 3939 969 4028 trina,
988 3963 1055 4010 nec
1070 3941 1236 4039 simplici,
1254 3941 1318 4014 sed
1333 3967 1417 4013 cum
1429 3942 1797 4015 anathematizationis
1812 3941 2057 4014 detestatione.

482 4062 566 4150 Qui,
584 4059 748 4156 quamvis
763 4059 985 4156 poenituerit,
1000 4057 1115 4131 multo
1130 4073 1250 4132 tamen
1267 4075 1430 4158 tempore
1445 4062 1651 4159 passionem
1664 4085 1766 4132 suam
1782 4059 1932 4133 distulit.
1947 4065 2076 4148 Quam.

481 4183 637 4278 denique
654 4181 804 4275 fugiens,
823 4179 914 4250 sicut
930 4180 1103 4276 scriptum
1125 4196 1197 4269 est,
1218 4183 1412 4254 aDomino
1432 4182 1483 4254 illi
1500 4182 1670 4254 obviante
1686 4183 1788 4281 quasi
1807 4182 1936 4254 nolens
1950 4182 2060 4254 redire

481 4297 687 4396 compulsus
712 4313 781 4386 est,
807 4299 908 4392 juxta
932 4298 1032 4394 quod
1057 4301 1090 4370 ei
1112 4301 1287 4372 Dominus
1303 4301 1532 4398 praedixerat'
1553 4328 1561 4370 :
1583 4329 1601 4367 a
1619 4305 1740 4387 Quum
1756 4313 1876 4371 autem
1889 4301 2059 4388 senueris,

482 4418 649 4489 extendes
666 4440 793 4490 manus
809 4431 901 4506 tuas,
913 4431 948 4487 et
964 4417 1053 4488 alius
1068 4433 1104 4490 te
1119 4419 1250 4516 cinget,
1269 4433 1305 4491 et
1318 4419 1425 4491 ducet
1441 4443 1515 4516 quo
1531 4433 1571 4490 tu
1587 4443 1662 4490 non
1682 4419 1748 4490 vis.
1763 4447 1782 4486 u
1800 4419 1980 4517 Scriptum
1998 4418 2060 4490 de·

480 4540 590 4635 nique
614 4561 691 4609 esse
715 4551 830 4607 vestra
850 4535 953 4607 novit
969 4536 1187 4610 fraternitas⁶
1205 4565 1213 4610 ε
1231 4567 1250 4608 a
1267 4540 1403 4638 Septies
1419 4539 1515 4611 cadit
1531 4539 1669 4635 justus,
1692 4553 1728 4610 et
1750 4539 1916 4634 resurgit,
1930 4567 1949 4606 n
1966 4561 2009 4610 ac
2034 4540 2063 4609 si

481 4672 602 4755 aperte
618 4657 715 4728 dicat
735 4683 742 4726 :
762 4661 977 4752 Quanquam
995 4655 1108 4730 fidelis
1128 4658 1262 4730 crebris
1279 4659 1536 4731 tentationibus
1550 4657 1711 4756 pulsatus
1729 4673 1866 4756 septem
1882 4660 2062 4757 principa·

480 4776 573 4848 libus
592 4776 686 4848 vitiis
706 4776 916 4848 succumbat
930 4775 1062 4868 victus,
1084 4779 1208 4850 divino
1225 4794 1347 4851 umen
1372 4801 1447 4851 non
1469 4778 1659 4852 destitutus
1675 4779 1824 4869 auxilio,
1842 4801 1864 4850 a
1880 4776 2063 4877 profundo

515 5069 523 5097 ¹
541 5071 634 5129 Galat,
646 5087 701 5136 cap.
715 5087 741 5134 r,
755 5087 778 5122 v.
793 5075 817 5122 t.
836 5097 856 5106 -
874 5069 883 5097 ¹
896 5070 969 5132 thid..
981 5088 1005 5122 r.
1021 5072 1044 5122 l.
1057 5073 1111 5111 -⁸
1125 5072 1222 5138 mun,
1236 5089 1292 5142 erp.
1312 5090 1384 5136 xxxv,
1403 5091 1427 5125 v.
1443 5077 1485 5126 88.
1495 5072 1549 5113 -⁴
1563 5075 1634 5136 Luc„
1658 5088 1714 5140 cap.
1730 5088 1796 5133 xxu,
1815 5088 1839 5121 r.
1860 5073 1900 5122 ³³.
1915 5097 1941 5108 -
1953 5071 1964 5100 ⁸
1978 5071 2066 5134 ioan,

361 5155 364 5164 '
482 5175 536 5223 cap.
549 5172 606 5220 xxx,
617 5171 642 5208 v.
656 5159 695 5208 rt.
712 5185 737 5196 ·-
747 5158 758 5186 ⁴
770 5161 856 5217 Pron,
866 5173 921 5224 cap.
933 5175 999 5221 xxrr,
1012 5176 1035 5210 v.
1050 5163 1089 5210 ta.
