4496 6102
692 647 735 720 ΙΝ
759 643 891 718 tttttts
914 646 1157 719 Panntnnn
1181 641 1341 716 SERMO.
1734 637 1805 709 405

227 819 395 894 magnum
413 807 586 864 cresceret
605 805 640 862 et
657 791 857 862 universam
879 805 1009 862 terram
1026 788 1201 887 impleret.
1221 792 1261 858 ln
1275 784 1405 882 angulo
1420 757 1550 856 dom'us
1566 782 1640 853 duo
1659 780 1809 879 parietes

227 915 465 1003 conveniunt,
484 937 551 984 nec
571 912 638 983 nisi
661 925 839 1010 conventu
864 909 1020 981 duorum
1035 907 1185 1005 angulus
1200 907 1278 979 fieri
1297 918 1427 1008 potest.
1446 907 1618 975 Novimus
1634 905 1669 972 in
1689 899 1809 973 Eocle·

227 1039 295 1127 sia,
314 1055 393 1132 quae
409 1031 542 1103 domus
561 1029 624 1100 Dei
650 1041 704 1099 est
721 1052 764 1099 ex
782 1026 910 1098 ludaeis
932 1041 967 1098 et
984 1025 1147 1123 gentihus
1168 1040 1397 1122 cotrgregata,
1424 1023 1524 1120 quasi
1547 1023 1639 1092 duos
1657 1020 1810 1118 parietes

228 1152 293 1225 sibi
306 1151 559 1222 convenientes
572 1146 677 1244 erigi,
696 1145 787 1216 sicut
802 1143 912 1217 hodie
926 1160 1082 1242 coeptum
1097 1168 1173 1216 esse
1190 1143 1350 1240 legimus.
1374 1140 1474 1214 Unde
1492 1155 1528 1212 et
1544 1142 1620 1236 ipse
1635 1138 1811 1209 Dominus

228 1269 311 1340 ait¹:
339 1294 358 1333 ι
381 1265 487 1336 Venit
502 1261 592 1333 hora
608 1275 648 1332 ut
663 1257 875 1332 clarificetur
893 1257 986 1330 lilius
1003 1259 1172 1330 hominis.
1189 1286 1206 1324 a
1233 1261 1415 1354 Tanquam
1433 1257 1462 1326 si
1481 1256 1637 1328 diceret:
1659 1257 1735 1326 Jam
1759 1268 1812 1324 est

228 1392 422 1484 ineoeptum
447 1384 496 1456 de·
518 1381 811 1480 multiplicatione
833 1378 993 1452 fidetium
1020 1381 1060 1451 in«
1089 1392 1239 1476 utroque
1264 1376 1418 1476 populo,
1447 1401 1512 1474 per
1536 1376 1634 1474 quod
1661 1376 1812 1448 maxime

230 1507 320 1587 filius
346 1502 505 1574 hominis
528 1502 573 1571 sit
599 1499 832 1599 postmodum
859 1498 1129 1596 glorificandus,
1156 1513 1195 1568 ut
1219 1497 1305 1568 dum
1330 1521 1350 1567 a
1372 1497 1592 1596 principibus
1609 1495 1812 1568 Judaenrum

212 1623 452 1724 reprobatur,
479 1621 526 1694 ab
548 1621 713 1692 universo
738 1619 876 1691 mundo
898 1619 1119 1718 suscipiatur.
1146 1624 1271 1691 Factus
1287 1633 1339 1690 est
1357 1619 1476 1715 itaque
1494 1619 1531 1689 in
1550 1634 1655 1717 caput
1673 1616 1811 1713 anguli,

227 1749 299 1820 hoo
318 1759 372 1816 est
393 1770 413 1816 a
436 1744 593 1815 Domino
611 1741 840 1830 constitutus,
866 1756 905 1813 ut
926 1741 963 1811 in
984 1739 1053 1811 hac
1069 1740 1237 1834 junctura
1253 1738 1408 1811 duorum
1425 1741 1618 1837 parietum,
1643 1756 1812 1835 tanquam

228 1871 265 1941 in
283 1863 415 1962 angulo
432 1861 591 1960 quodam
609 1861 898 1934 convenientium
918 1862 995 1959 ipse
1011 1860 1176 1932 fidelibus
1196 1861 1312 1960 praesit
1331 1860 1531 1958 universis,
1543 1861 1634 1932 sicut
1653 1875 1759 1957 eaput
1778 1857 1816 1932 ιη’

230 2011 381 2086 corpore
397 1985 531 2057 caeteris
547 1982 737 2072 membris,
759 1998 794 2054 et
810 1999 981 2080 tanquam
998 2007 1071 2054 una
1088 2007 1242 2080 persona
1260 2007 1305 2054 er·
1324 1983 1402 2080 ipso
1418 1981 1479 2054 liat
1496 1980 1667 2071 Ecclesia,
1686 1982 1724 2052 in
1745 2006 1815 2078 qua

230 2107 304 2205 ipse
321 2105 365 2176 sit
380 2116 503 2202 caput,
527 2116 561 2172 et
576 2099 634 2172 illa
648 2125 791 2199 corpus.
811 2105 889 2171 Hoc
908 2115 941 2172 et
960 2100 1035 2197 ipse
1051 2101 1227 2171 Dominus
1244 2098 1353 2171 hodie
1371 2125 1435 2198 per
1451 2101 1682 2196 semetipsum
1698 2099 1816 2172 decla-

228 2227 337 2317 ravit,
358 2246 471 2321 quum
493 2220 749 2317 lerosolymam
775 2220 921 2292 veniens
944 2236 1018 2293 tam
1043 2221 1149 2297 asinae
1166 2221 1323 2318 primurn
1342 2244 1450 2317 quam
1467 2219 1567 2318 pullo
1584 2222 1816 2318 postmodum

229 2342 370 2414 insedit.
394 2341 495 2412 Asina
515 2340 648 2438 quippe
669 2352 782 2410 mater
801 2337 888 2436 pulli
911 2337 1025 2410 fidelis
1045 2353 1097 2410 est
1118 2339 1275 2437 populus
1291 2339 1409 2436 primo
1428 2337 1473 2408 ad
1493 2337 1672 2410 Christum
1692 2365 1734 2411 ex
1756 2345 1818 2411 lu·

126 2464 133 2476 '
229 2464 314 2536 daeis
327 2485 535 2550 conversus,
556 2461 646 2532 sicut
663 2458 816 2558 apostoli
834 2473 868 2531 et
882 2461 997 2532 caeteri
1018 2457 1139 2531 fideles
1153 2461 1190 2530 in
1204 2460 1383 2557 primitiva
1397 2459 1563 2549 Ecclesia,
1580 2461 1642 2558 qui
1658 2476 1818 2560 postmo-

230 2585 318 2657 dum
340 2609 403 2656 sua
422 2581 672 2681 praedicatione
693 2579 859 2677 gentilem
879 2579 1054 2679 populum
1072 2578 1117 2651 ad
1137 2579 1246 2652 fidem
1267 2580 1530 2671 convertendo,
1550 2597 1719 2678 tanquam
1745 2607 1818 2653 ma·
1919 2665 1924 2678 ,

230 2721 285 2778 ter
296 2704 396 2776 illum
413 2699 585 2801 pariendo
600 2716 799 2797 genuerunt
817 2704 905 2772 Deo.
929 2703 1091 2787 Quorum
1116 2724 1212 2772 unus
1233 2725 1275 2772 ex
1294 2701 1344 2771 eis
1365 2699 1544 2772 dicebat':
1564 2730 1581 2769 u
1599 2700 1711 2771 Filioli
1732 2704 1815 2786 mei,

229 2821 450 2922 quosadhuo
462 2822 633 2919 parturio,
651 2818 768 2892 donec
779 2818 937 2892 Christus
954 2819 1126 2890 sonaretur
1139 2819 1176 2889 in
1190 2817 1305 2889 vobis.
1319 2844 1337 2884 u
1355 2820 1398 2889 Et
1411 2819 1575 2889 iterum⁸2
1594 2848 1612 2886 κ
1625 2823 1664 2890 ln
1677 2819 1818 2890 Christo

229 2944 327 3014 enirn
341 2947 421 3014 lesu
436 2964 500 3038 per
512 2940 741 3038 Evangelium
759 2965 825 3037 ego
842 2964 907 3012 vos
922 2940 1040 3036 genui.
1055 2939 1218 3011 »Sedere
1232 2953 1349 3010 autem
1367 2938 1546 3011 Christum
1560 2963 1666 3037 super
1679 2955 1817 3010 utrum·

230 3085 301 3158 que
317 3060 513 3159 populum,
534 3073 587 3131 est
605 3059 654 3130 eis
670 3074 839 3155 tanquam
857 3058 1014 3155 equitem
1038 3074 1073 3131 et
1097 3073 1270 3130 rectorem
1287 3056 1491 3156 praesidere,
1517 3073 1553 3130 et
1572 3082 1634 3130 eos
1656 3082 1747 3156 quos
1762 3059 1818 3152 ju·
1909 3125 1914 3134 .

230 3181 358 3254 stificat
375 3205 440 3279 per
457 3183 604 3278 gratiam
626 3177 837 3250 inhabitare.
858 3177 961 3250 Unde
984 3193 1019 3252 et
1039 3181 1075 3262 in
1096 3177 1312 3250 Proverbiis*
1332 3179 1450 3250 anima
1470 3180 1555 3275 justi
1571 3178 1673 3251 sedes
1690 3179 1818 3252 dicitnr

231 3301 430 3400 sapientie,
454 3299 524 3372 hoo
539 3313 592 3371 est
608 3297 777 3370 hahitatio
794 3299 942 3388 Christi,
962 3302 1046 3396 quia
1069 3300 1240 3398 sapientia
1261 3298 1390 3371 dicitur
1408 3301 1485 3369 Dei.
1509 3304 1599 3372 Cum
1615 3299 1686 3391 his,
1711 3326 1819 3399 super
1839 3281 1843 3288 Ι

230 3445 323 3516 quos
353 3417 474 3509 sedet,
505 3417 761 3513 lerosolymam
795 3417 911 3507 venit,
939 3419 1023 3515 quia
1047 3443 1110 3490 eos
1135 3417 1386 3490 tantummodo
1415 3417 1545 3514 quibus
1575 3417 1633 3489 hic
1662 3420 1817 3517 regendo

229 3537 397 3638 praesidat
412 3536 457 3608 ad
473 3535 651 3609 coelestem
677 3536 869 3608 Jerusalem
887 3552 1027 3608 aeternae
1043 3539 1140 3637 pacis
1158 3536 1332 3610 visionem
1349 3537 1558 3610 introducit,
1577 3542 1651 3611 llos
1673 3564 1818 3637 quoq-ue

230 3661 325 3733 duos
343 3653 496 3757 populds
513 3681 578 3756 per
594 3658 728 3729 asinam
751 3672 787 3738 et
804 3657 943 3756 pullum
961 3657 1071 3730 Jacob
1087 3659 1288 3757 patriarcha
1309 3659 1526 3756 designavit,
1546 3687 1658 3758 quum
1676 3662 1711 3732 in
1733 3676 1817 3760 typo

231 3775 361 3848 Christi
379 3776 506 3867 ludam
527 3775 640 3847 filium
661 3800 785 3864 suum,
812 3775 858 3846 de
882 3800 956 3872 quo
979 3777 1054 3874 ipse
1077 3791 1176 3847 ortus
1199 3792 1270 3865 est,
1296 3776 1512 3866 benedicens
1531 3779 1619 3851 ait⁸:
1650 3810 1666 3846 ι
1682 3783 1725 3850 Et
1743 3781 1819 3876 ipse

230 3899 298 3971 erit
318 3875 514 3995 expectatio
534 3898 711 3994 gentium,
732 3895 849 3992 ligans
864 3896 910 3966 ad
927 3898 1068 3990 vineam
1081 3894 1221 3994 pullum
1236 3921 1360 3987 suum,
1380 3914 1415 3970 et
1435 3899 1621 3988 advitam,
1640 3926 1663 3970 o
1686 3899 1735 3971 frti
1754 3903 1816 3990 mi,

231 4019 368 4090 asinam
387 4041 534 4088 suam.»
555 4022 635 4116 lpse
659 4017 795 4115 quippe
816 4018 991 4087 Dominus
1017 4014 1198 4113 discipulis
1221 4015 1310 4087 ait⁶t
1336 4021 1444 4114 «Ego
1470 4041 1549 4088 sum
1572 4019 1667 4107 vitis,
1696 4034 1731 4090 et
1755 4045 1818 4090 vos

231 4138 408 4236 palmites.
425 4167 443 4206 a
462 4137 516 4209 td
532 4138 643 4209 vitem
665 4137 801 4232 itaque,
827 4125 897 4207 hoo
920 4151 973 4207 est
996 4135 1040 4209 ad
1067 4135 1237 4232 teipsum,
1263 4137 1417 4207 Domine
1434 4140 1549 4224 tesus,
1576 4137 1673 4207 asina
1696 4153 1748 4208 est
1771 4137 1817 4208 li-

231 4275 328 4355 gata,
359 4273 394 4330 et
420 4259 467 4330 ad
494 4258 635 4330 vineam
661 4255 796 4356 pullus,
819 4257 890 4328 hoc
908 4271 960 4328 est
975 4256 1022 4328 ad
1039 4255 1207 4353 palmites,
1219 4237 1328 4356 ipsius
1342 4257 1444 4328 vitis:
1464 4258 1548 4354 quia
1566 4268 1623 4344 tu,
1642 4261 1815 4349 Domine,

232 4377 377 4477 propria
400 4377 652 4478 predicatione
671 4376 809 4474 primos
828 4401 871 4448 ex
884 4374 1013 4447 ludaeis
1031 4372 1154 4448 fideles
1174 4373 1239 4447 tibi
1258 4375 1450 4475 copulasti,
1472 4401 1537 4475 per
1554 4401 1645 4474 quos
1664 4392 1700 4450 et
1720 4393 1817 4475 post-

231 4498 384 4570 modum
402 4497 549 4595 gentiles
562 4499 784 4589 convertisti,
801 4513 836 4570 et
848 4499 899 4569 eis
910 4497 1122 4596 aggregasti,
1136 4499 1199 4595 qui
1213 4512 1308 4570 tuam
1324 4499 1471 4571 minime
1482 4498 1648 4572 viderunt
1660 4502 1698 4571 in
1711 4525 1817 4574 carne

230 4620 470 4718 presentiam.

284 4743 360 4811 Hoc
387 4740 505 4838 ipsum
528 4740 633 4838 igitur
649 4740 748 4836 quod
771 4755 844 4812 tam
869 4739 974 4812 asinae
999 4765 1108 4836 quam
1134 4740 1234 4838 pullo
1257 4741 1432 4813 Dominus
1457 4740 1614 4813 insidens
1638 4739 1814 4834 exhihuit,

231 4861 306 4933 hoc
322 4885 476 4958 presens
493 4859 686 4934 versiculus
702 4859 849 4958 psalmi,
868 4859 974 4958 longe
991 4873 1073 4934 ante
1093 4861 1270 4959 praecinit,
1295 4859 1419 4934 dicens
1431 4889 1443 4932 :.
1466 4891 1484 4931 u
1502 4862 1567 4932 Hic
1582 4861 1693 4933 lactus
1709 4876 1761 4934 est
1779 4863 1815 4932 in
1908 4923 1910 4928 ,

269 5158 277 5185 ⁴
295 5159 375 5224 ioan„
387 5177 443 5229 cap.
456 5179 504 5225 ιιι,
516 5179 538 5212 ι.
551 5164 593 5214 23.
605 5190 633 5199 -
645 5159 655 5188 ’
668 5163 760 5222 Galat„
774 5175 828 5229 cap.
844 5177 880 5223 ιι,
896 5177 919 5213 ι.
934 5163 1007 5212 th-
1047 5162 1149 5229 quiescit
1162 5163 1306 5230 rapientia·
1317 5163 1414 5230 (Pron,
1424 5179 1481 5230 cap.
1495 5179 1545 5227 ιιι,
1557 5179 1580 5213 ι.
1595 5163 1648 5229 tt.)
1659 5163 1708 5202 v—⁸
1722 5165 1771 5214 Gen
1807 5197 1827 5218 .‚

231 5241 246 5269 ⁸
258 5243 363 5298 conata.
377 5249 402 5306 l,
416 5261 471 5312 cap.
488 5264 520 5308 u,
534 5263 556 5298 v.
569 5245 668 5298 tan—⁴
682 5265 693 5292 ι
707 5245 733 5296 ln
746 5245 820 5298 corde
830 5246 1005 5313 prudentiore-
1048 5262 1106 5314 cap.
1119 5263 1188 5308 ιιιι,
1203 5263 1226 5299 ι.
1240 5248 1320 5298 toa-
1331 5247 1341 5276 ⁸
1351 5247 1433 5312 toan,
1445 5261 1491 5314 cap
1512 5264 1554 5308 ιι,
1566 5265 1589 5300 ι.
1603 5249 1625 5297 5-
1762 5233 1765 5238 ’
