4536 6102
613 595 671 666 DE
697 591 864 664 SA'NCTO
888 587 1058 662 tolttttss
1083 589 1288 660 Btr'tts‘tt
1313 587 1474 658 sumto.
1764 584 1826 654 584

254 740 301 810 ad
323 739 470 810 loannis
486 735 630 807 laudem
653 758 761 830 quam
779 732 825 803 ad
843 747 1002 802 nostram
1022 731 1219 802 intenditur
1236 729 1507 802 aedificationem
1526 728 1620 822 (non
1642 728 1738 796 enim
1757 751 1835 822 quae

253 857 459 930 scribuntur
481 855 527 926 ad
550 855 738 926 utilitatem
763 851 1040 949 praecedentium
1059 850 1269 935 bominum,
1299 847 1363 920 sed
1377 845 1672 942 subsequentium
1688 844 1835 915 aedilica·

253 978 389 1048 tionem
401 973 530 1070 fiunt);
546 976 594 1044 ita
605 975 715 1044 vitam
726 972 873 1043 loannis
887 986 1059 1067 tanquam
1069 970 1240 1068 principis
1252 969 1365 1039 nostri
1379 966 1634 1038 commendare
1646 967 1831 1061 coepimus,

251 1109 292 1165 ut
308 1095 353 1167 ad
376 1095 613 1166 imitationem
634 1093 709 1187 ejus
729 1116 797 1162 nos
818 1091 970 1161 maxime
991 1113 1282 1186 provocaremus.
1302 1084 1409 1173 Quod
1435 1086 1581 1182 quidem
1606 1107 1832 1180 nequaquam

252 1213 438 1309 diligenter
459 1211 535 1284 fieri
560 1211 801 1299 decrevimus,
825 1212 894 1280 nisi
915 1212 1013 1307 prius
1035 1210 1194 1306 exposita
1213 1208 1431 1303 perfectione
1455 1207 1581 1302 ipsiuS,
1600 1204 1687 1302 quid
1704 1221 1834 1276 nostrae
1904 1189 1907 1194 ¹

251 1356 394 1428 quoque
412 1329 671 1428 imperfectioni
689 1328 781 1400 desit
797 1355 838 1400 ex
855 1329 1124 1425 comparatione
1137 1327 1229 1396 illius
1241 1341 1494 1398 annotaremus
1507 1381 1514 1412 ,
1529 1341 1564 1396 et
1577 1351 1660 1397 cum
1672 1325 1834 1424 prosectu

250 1452 325 1545 ejus
342 1449 521 1521 delectum
537 1451 644 1520 etiam
660 1464 825 1520 nostrum
850 1473 922 1544 prae
939 1445 1052 1517 oculis
1071 1469 1306 1544 poneremus,
1325 1461 1360 1516 et
1376 1468 1596 1540 eorumquae
1614 1447 1649 1516 in
1667 1446 1746 1541 ipso
1761 1445 1834 1524 lau·‚

249 1568 431 1657 davimus,
445 1569 624 1638 contraria
642 1569 678 1636 in
694 1566 799 1638 nobis
815 1567 1172 1666 reprehenderemus.
1195 1571 1286 1636 Ecce
1303 1566 1400 1635 enim
1418 1590 1437 1636 a
1453 1565 1646 1636 solitudine
1663 1566 1832 1637 monachi

249 1709 434 1776 vocamur,
450 1686 488 1756 id
505 1701 556 1756 est
571 1687 729 1757 solitarii.
746 1689 819 1758 Etsi
836 1687 932 1756 enim
946 1711 1068 1756 monos
1083 1711 1176 1756 unus
1192 1687 1460 1782 interpretatur,
1476 1711 1549 1755 non
1567 1701 1686 1756 tamen
1705 1710 1832 1756 mona·

248 1805 337 1876 chus
352 1806 402 1876 ita
418 1830 509 1875 unus
526 1805 759 1900 personaliter
775 1805 917 1892 dicitur,
933 1805 1025 1876 sicut
1040 1805 1148 1874 etiam
1163 1803 1313 1899 quilibet
1329 1802 1375 1873 de
1391 1803 1516 1901 plebe,
1536 1804 1598 1874 sed
1611 1829 1653 1874 ex
1668 1805 1836 1876 solitaria
1868 1864 1878 1877 .

199 1954 206 1962 ·
247 1925 328 1996 vitae
343 1925 749 1996 conversatione.ttnde
775 1925 819 2001 et'
836 1925 1048 2020 Augustinus
1071 1926 1108 1994 in
1131 1924 1308 2020 psalmum
1325 1928 1465 1994 cxxx11¹
1486 1950 1494 1993 :
1516 1952 1532 1990 a
1552 1927 1601 1994 Ex
1622 1948 1709 1994 voce
1726 1923 1832 2018 hujus

216 2116 225 2127 ,
248 2041 375 2137 psalmi
400 2041 566 2138 appellati
595 2056 677 2111 sunt
702 2058 737 2112 et
765 2041 945 2113 monachi.
966 2045 1085 2127 Quare
1109 2065 1194 2136 ergo
1220 2057 1254 2112 et
1275 2067 1350 2112 nou
1375 2041 1594 2139 appellamus
1611 2041 1828 2130 monachos,

247 2183 359 2257 quum
373 2160 468 2232 dicat
479 2161 689 2231 Psalmista':
707 2190 724 2228 n
736 2166 827 2232 Ecce
838 2185 948 2256 quam
963 2159 1103 2232 bonum
1114 2177 1151 2232 et
1158 2186 1267 2256 quam
1272 2160 1474 2255 jucundum
1482 2159 1644 2232 habitare
1654 2161 1778 2232 tratres
1794 2164 1829 2231 in

249 2305 445 2352 aunum.»
466 2281 702 2352 Monosenim
729 2307 820 2352 unus
842 2281 990 2370 dicitur,
1010 2297 1045 2352 et
1062 2306 1136 2352 non
1163 2307 1257 2351 unus
1281 2305 1497 2377 quocunque
1522 2282 1648 2352 modo.
1678 2285 1768 2351 Nam
1795 2298 1831 2351 et

246 2422 338 2472 unus
353 2401 391 2470 in
408 2399 512 2472 turba
534 2417 605 2489 est,
629 2401 693 2472 sed
715 2427 798 2472 cum
819 2403 939 2474 multis
962 2427 1053 2472 unus
1079 2402 1149 2472 dici
1176 2425 1296 2472 monos
1322 2426 1397 2472 non
1421 2417 1555 2497 potest,
1575 2401 1612 2470 id
1638 2417 1692 2472 est
1718 2401 1825 2472 solus.

246 2520 315 2606 Qui
334 2542 418 2613 ergo
435 2519 485 2590 sic
505 2520 630 2591 vivunt
647 2522 683 2590 in
705 2545 839 2609 unum,
862 2536 903 2591 ut
922 2545 1036 2591 unum
1054 2520 1241 2592 hominem
1260 2519 1412 2608 saciant,
1435 2549 1451 2586 a
1469 2535 1509 2590 ut
1525 2520 1571 2591 sit
1584 2519 1669 2607 illis,
1688 2547 1705 2586 »
1724 2545 1825 2611 vere,

246 2640 433 2735 quomodo
452 2641 624 2738 scriptum
646 2644 733 2728 est⁸‚
755 2665 863 2712 «una
889 2642 1026 2728 anima,
1045 2655 1080 2711 et
1101 2664 1215 2710 unum
1231 2664 1307 2726 cor,
1331 2667 1348 2704 n
1370 2654 1465 2710 recte
1487 2639 1617 2709 dicitur
1632 2667 1772 2728 monos,
1792 2641 1828 2712 id

246 2773 297 2827 est
322 2784 415 2829 unus
439 2759 547 2830 solus.
569 2760 659 2828 Hinc
684 2774 720 2828 et
739 2759 977 2854 Hieronymus
1004 2755 1050 2852 ad
1071 2755 1305 2829 Heliodorum
1322 2758 1564 2828 monachum⁸
1584 2787 1590 2826 :
1614 2787 1631 2825 u
1649 2764 1826 2856 Interpre-

246 2891 319 2947 tare
336 2875 552 2946 vocabulum
573 2875 760 2966 monachi,
779 2875 850 2946 hoc
875 2891 928 2946 est
953 2899 1088 2946 nomen
1106 2890 1221 2945 tuum.
1243 2873 1338 2960 Quid
1357 2875 1439 2946 lacis
1456 2877 1493 2946 in
1509 2874 1632 2964 turba,
1651 2877 1713 2973 qui
1730 2877 1825 2947 solus

243 2997 302 3065 es?
318 3025 335 3062 n
355 3000 399 3067 Et
414 3011 496 3093 post
512 2995 651 3092 aliqua:
669 3023 687 3062 n
702 2998 733 3064 Ο
747 2995 913 3067 heremus
930 2995 1135 3066 familiarius
1149 3001 1225 3068 Deo
1243 2994 1416 3090 gaudens!
1439 2997 1534 3083 Quid
1551 2997 1637 3090 agis,
1653 2996 1771 3084 frater,
1787 2999 1823 3068 in

241 3114 391 3202 saecum,
410 3116 471 3209 qui
496 3114 610 3209 major
635 3139 672 3184 es
700 3113 860 3184 mundo?
877 3114 1038 3210 quandiu
1056 3130 1090 3184 te
1108 3129 1282 3185 tectorum
1305 3113 1441 3184 umbrae
1461 3130 1646 3212 premunt,
1666 3116 1824 3210 quandiu
1877 3166 1882 3181 .

244 3247 277 3301 te
295 3232 512 3302 famosarum
531 3230 676 3303 urbium
694 3256 814 3302 carcer
831 3231 1001 3302 includit?
1014 3259 1032 3298 n
1052 3237 1096 3302 Et
1111 3232 1156 3304 ad
1173 3231 1360 3302 Paulinum
1376 3232 1647 3329 presbyterum⁵
1666 3262 1673 3302 :
1697 3263 1713 3300 n
1734 3237 1826 3320 Quia
1904 3293 1905 3296 ,

241 3352 360 3446 igitur,
381 3352 502 3442 frater,
521 3380 579 3425 me
597 3356 793 3450 interrogas
814 3379 879 3451 per
905 3379 1014 3451 quam
1034 3355 1130 3429 viam
1155 3354 1321 3426 incedere
1347 3353 1495 3442 debeas,
1525 3355 1680 3426 revelata
1705 3370 1825 3426 tecum

242 3471 330 3542 sacie
349 3471 489 3569 loquar.
510 3475 546 3544 Si
562 3473 722 3545 officium
738 3475 791 3544 vis
808 3498 971 3546 exercere
987 3474 1216 3571 presbyterii,
1236 3475 1264 3544 si
1287 3474 1511 3571 episcopatus
1529 3490 1562 3545 te
1579 3474 1634 3546 vel
1657 3499 1747 3572 opus
1767 3475 1824 3546 vel

241 3618 332 3663 onus
350 3593 440 3664 sorte
456 3594 626 3683 delectat,
645 3595 726 3666 vive
742 3609 777 3664 et
793 3592 943 3664 urbibus
960 3609 996 3664 et
1014 3594 1187 3681 castellis,
1206 3609 1242 3664 et
1259 3593 1410 3665 aliorum
1433 3593 1583 3664 salutem
1606 3595 1661 3666 fac
1684 3595 1824 3666 lucrum

240 3713 367 3783 animae
387 3727 480 3783 tuae:
499 3715 690 3784 sinautem
712 3714 812 3810 cupis
833 3738 909 3784 esse
933 3713 1032 3807 quod
1057 3712 1185 3784 diceris
1208 3713 1429 3801 monachus,
1456 3714 1493 3784 id
1513 3727 1566 3784 est
1590 3713 1710 3801 solus,
1736 3711 1824 3810 quid

243 3830 326 3902 sacis
343 3833 379 3902 in
396 3831 563 3934 urbibpS,
582 3857 662 3927 quae
679 3833 803 3928 utique
824 3857 898 3902 non
915 3846 998 3901 sunt
1021 3830 1181 3902 solorum
1197 3829 1418 3920 habitacula,
1431 3832 1494 3902 sed
1504 3831 1724 3904 multorum?
1744 3861 1761 3900 n
1780 3835 1824 3903 Et

239 3949 285 4018 ad
300 3952 482 4021 Rusticum
500 3951 738 4021 monachum⁰
756 3977 763 4019 :
788 3977 806 4018 «
825 3950 901 4020 Filii
916 3948 1098 4036 Jonadab,
1118 3951 1180 4046 qui
1196 3950 1321 4020 vinum
1341 3965 1376 4020 et
1392 3951 1542 4021 siceram
1559 3975 1631 4022 non
1650 3950 1823 4024 bibebant

239 4067 277 4138 in
298 4069 476 4158 tentoriis,
499 4085 534 4140 et
557 4095 630 4166 quo
653 4095 724 4141 nox
754 4069 995 4167 compulerat,
1020 4067 1121 4140 sedes
1142 4067 1341 4156 habebant,
1370 4068 1575 4139 scribuntur
1599 4071 1636 4140 in
1663 4071 1820 4166 psalmo,

238 4185 337 4282 quod
355 4187 462 4284 primi
484 4188 725 4286 captivitatem
741 4188 990 4278 sustinuerint,
1010 4189 1072 4284 qui
1089 4187 1135 4258 ab
1156 4189 1311 4258 exercitu
1327 4187 1576 4258 Chaldaeorum
1591 4203 1751 4258 vastante
1768 4193 1823 4258 Ju-

238 4303 351 4401 daeum
374 4307 481 4380 urbes
504 4309 654 4379 introire
676 4308 850 4406 compulsi
875 4323 971 4379 sunt.
995 4307 1158 4380 Viderint
1183 4305 1271 4403 quid
1297 4306 1356 4378 alii
1380 4307 1546 4378 sentiant.
1574 4310 1823 4404 Unusquisque

218 4425 334 4494 'enim
357 4450 423 4495 suo
444 4449 551 4497 sensu
574 4425 728 4498 ducitur.
748 4427 835 4499 Mihi
856 4427 1032 4526 oppidum
1053 4451 1187 4516 carcer,
1209 4441 1244 4496 et
1262 4423 1418 4497 solitudo
1435 4425 1620 4523 paradisus
1641 4442 1706 4497 est.
1727 4427 1821 4514 Quid

236 4543 482 4629 desideramus
509 4545 653 4618 urbium
680 4547 932 4644 frequentiam,
954 4548 1016 4643 qui
1040 4547 1085 4617 de
1111 4547 1352 4644 singularitate
1369 4549 1575 4618 censemur?
1598 4547 1755 4642 Moyses,
1784 4561 1822 4618 ut

206 4679 400 4757 praeesset
430 4665 567 4762 populo
596 4665 823 4756 ludaeorum,
851 4665 1098 4762 quadragintis
1122 4667 1226 4737 annis
1254 4667 1416 4736 eruditur
1445 4667 1480 4736 in
1507 4665 1668 4736 heremo.
1699 4670 1821 4736 Pastor

236 4784 384 4874 ovium,
404 4785 596 4858 hominum
615 4786 727 4858 sactus
748 4802 801 4858 est
819 4801 953 4884 pastor.
973 4815 991 4853 n
1012 4792 1056 4857 Et
1074 4785 1218 4858 attende
1235 4786 1330 4858 banc
1347 4786 1534 4884 epistolam
1550 4786 1758 4882 Hieronymi
1775 4787 1820 4858 ad

270 5006 277 5032 ⁴
298 5007 325 5056 ln
342 5010 431 5074 psalm.
446 5027 543 5072 cxxxu,
564 5012 625 5076 opp.
638 5022 656 5062 t.
669 5012 711 5076 tt,
723 5014 770 5066 ool.
790 5014 866 5074 stas,
888 4975 960 5064 rtis.
978 5037 1006 5050 ·-
1048 5025 1067 5064 t.
1084 5013 1126 5075 tv,
1144 5023 1209 5080 part.
1227 5013 1269 5077 tl,
1289 5013 1336 5063 col.
1350 5013 1406 5062 565.
1418 5011 1549 5076 -tttptst
1571 5025 1631 5070 xcv,
1653 5011 1712 5072 Ορρ.
1732 5020 1750 5060 ι.
1769 5009 1818 5070 tv,

236 5087 246 5115 ¹
262 5089 350 5142 Psalm.
372 5109 470 5154 cxxxn,
491 5111 513 5144 v.
536 5101 556 5146 t.
569 5121 602 5132 -
615 5095 624 5122 ¹
636 5097 798 5159 Actdport,
817 5113 873 5165 cap.
887 5113 919 5160 rr,
933 5113 956 5146 v.
969 5097 1009 5146 tt.
1053 5110 1116 5166 part.
1126 5099 1159 5167 ll,
1172 5098 1219 5150 col.
1233 5099 1289 5148 tta.

235 5171 288 5211 -”
301 5173 380 5240 Epist.
396 5193 421 5240 v,
435 5179 497 5242 Ορρ.
515 5187 533 5230 t.
550 5176 590 5240 ll,
607 5179 655 5230 col.
667 5181 692 5230 9.
704 5207 734 5220 -
747 5181 757 5209 ⁸
771 5179 847 5248 Epist.
862 5197 928 5251 pm,
948 5181 1008 5242 opp.
