4510 6108
491 541 563 614 496
1088 544 1216 616 PETRI
1240 544 1489 617 tumtunm·

491 681 624 756 scilicet
634 685 787 782 peccati,
802 684 959 758 liberasti
975 710 1040 784 per
1055 685 1219 784 spiritum
1234 685 1400 760 videlicet
1415 686 1541 758 datum
1557 713 1565 758 :
1581 685 1628 760 de
1644 710 1719 784 quo
1735 686 1823 760 dicit
1838 687 2046 786 Apostolus¹
2061 716 2070 758 :

493 831 510 869 ιι
527 802 595 876 Ubi
610 806 754 902 spiritus
768 807 934 896 Domini,
952 807 1003 880 ibi
1023 807 1213 880 libertas.»
1232 809 1400 905 Quisquis
1420 809 1518 880 enim
1538 831 1581 880 ex
1601 808 1767 897 caritate,
1785 833 1864 906 (prae
1883 833 1948 907 per
1967 809 2073 906 Spiri-

489 938 566 996 tum
580 941 746 1000 sanctum
761 927 974 1018 infunditur,
989 929 1110 1028 potius
1123 953 1232 1025 quam
1244 953 1287 1002 ex
1300 928 1429 1000 timore
1442 931 1520 1000 Deo
1536 929 1661 1018 servit,
1681 929 1816 1002 amicus
1827 929 1951 1026 'potius
1965 953 2072 1027 quam

488 1071 611 1120 servus
627 1046 802 1121 dicendus
818 1064 888 1138 est,
906 1064 944 1122 et
958 1049 1141 1140 liberum,
1146 1075 1224 1130 non
1240 1063 1407 1122 coactum
1422 1049 1600 1148 impendit
1616 1047 1843 1149 obsequium.
1864 1082 1881 1120 n
1894 1052 2000 1125 Filios
2014 1057 2070 1124 Ja-

488 1167 557 1239 cob
575 1183 611 1245 et
626 1170 770 1269 loseph.
788 1200 805 1240 n
819 1175 941 1259 Quum
951 1173 1115 1272 superius
1130 1170 1275 1244 dixisset
1290 1171 1446 1271 populos
1460 1170 1662 1244 secimdum
1677 1171 1947 1246 multitudinem
1961 1174 2072 1246 homi

489 1311 594 1377 num,
613 1289 670 1363 vel
684 1289 929 1363 diversitatem
944 1305 1137 1381 terrarum,
1156 1305 1218 1364 aut
1232 1291 1438 1388 regionum3
1457 1305 1493 1364 et
1508 1315 1607 1362 nunc
1625 1290 1811 1387 adjecisset
1825 1291 2003 1390 populum
2017 1317 2071 1364 se·

488 1409 648 1484 cundum
662 1413 837 1488 unitatem
851 1411 952 1503 fidei,
967 1411 1023 1486 vel
1036 1411 1236 1486 dilectionis
1251 1412 1454 1502 vinculum,
1471 1411 1659 1508 quomodo
1675 1425 1712 1484 et
1726 1411 1885 1486 diversas
1900 1412 2071 1486 Ecclesiae

487 1541 523 1599 et
539 1553 650 1602 unam
666 1529 836 1622 diximus,
855 1557 901 1608 ne
917 1531 1098 1606 videretur
1117 1531 1242 1631 populi
1258 1532 1407 1606 nomine
1427 1547 1489 1604 aut
1504 1531 1690 1628 judaicum
1710 1546 1870 1622 tantum,
1899 1548 1960 1606 aut
1985 1559 2069 1630 gen-

487 1647 586 1720 tilem
602 1649 780 1748 accipere,
799 1651 923 1726 addit:
950 1651 1088 1724 «Filios
1110 1651 1221 1724 Jacob
1242 1665 1279 1723 et
1301 1649 1452 1750 loseph,
1472 1678 1489 1718 n
1509 1650 1557 1723 id'
1573 1667 1627 1726 est
1650 1666 1815 1750 posteros
1840 1667 1915 1726 tam
1938 1653 2070 1749 judaici

486 1793 596 1868 quarn
612 1771 753 1868 gentilis
768 1773 911 1871 populi,
927 1789 967 1844 ut
983 1772 1148 1878 videlicet
1163 1775 1201 1849 in
1219 1772 1373 1848 Ecclesia
1390 1770 1464 1844 duo
1480 1773 1652 1872 parietes,
1670 1772 1717 1846 ad
1734 1799 1848 1846 unum
1863 1774 2068 1871 angularem

485 1885 656 1990 lapidem,
670 1893 708 1966 id
721 1909 775 1968 est
784 1893 967 1970 Christum
978 1895 1226 1991 jungerentur.
1243 1893 1354 1966 Jacob
1370 1895 1504 1993 quippe
1519 1894 1769 1994 supplantator
1781 1891 1892 1985 Esau,
1908 1896 1974 1994 qui
1989 1921 2068 1968 curn

487 2010 693 2086 haereditate
712 2038 777 2085 sua
792 2015 963 2114 privavit,
977 2013 1142 2109 judaicus
1162 2029 1217 2088 est
1236 2013 1413 2112 popidus,
1437 2015 1500 2110 qui
1523 2013 1671 2112 expulso
1696 2013 1819 2110 gentili
1833 2028 1970 2086 terram
1993 2041 2069 2113 pro-

486 2133 664 2208 missionis
679 2133 848 2208 obtinuit.
871 2133 1005 2234 Joseph
1025 2159 1130 2225 vero,
1154 2135 1216 2232 qui
1235 2150 1460 2234 arguenmm
1479 2136 1748 2234 interpretatur,
1770 2134 1911 2232 gentilis
1931 2151 1985 2208 est
2003 2162 2066 2235 po-

485 2256 607 2354 pulus,
632 2257 697 2354 qui
713 2255 811 2330 sicut
836 2255 1066 2333 multitudine
1092 2256 1283 2330 hominum
1307 2256 1528 2332 transcendit
1548 2255 1757 2353 judaicum,
1784 2258 1834 2330 ita
1857 2272 1895 2332 et
1917 2283 2067 2332 numero

486 2402 744 2454 conversorum
769 2376 929 2452 fidelium
955 2401 1126 2475 magnum
1142 2377 1305 2452 Ecclesiae
1324 2377 1426 2452 dedit
1440 2395 1686 2475 angmentum.
1706 2384 1844 2454 Paucos
1863 2382 1999 2481 quippe
2015 2382 2066 2454 vel

480 2497 604 2570 'nullos
622 2524 667 2571 wex
685 2499 814 2572 Judaeis
829 2499 1100 2598 comparatione
1118 2496 1303 2596 gentilium
1319 2497 1476 2572 Ecclesia
1490 2499 1666 2574 continet.
1685 2499 1795 2587 Quod
1814 2501 1964 2600 quidem
1984 2527 2065 2600 aug·

484 2613 647 2690 mentum
663 2618 827 2691 Ecclesiae
842 2617 888 2691 de
903 2619 1085 2692 conversis
1105 2618 1271 2716 gentibus
1290 2619 1411 2692 statim
1431 2620 1673 2718 prosequitur,
1692 2618 1840 2692 dicens:
1861 2651 1880 2689 a
1895 2621 2066 2696 Videnmt

484 2750 519 2807 te
534 2762 635 2836 aquae
645 2773 661 2828 ῃ
672 2742 786 2828 Deus,
803 2766 819 2806 n
838 2739 909 2812 hoc
925 2755 991 2829 est,
1010 2738 1193 2812 credendo
1210 2755 1246 2811 te
1261 2737 1511 2812 intellexerunt
1525 2740 1651 2838 populi
1667 2741 1875 2831 nationum,
1891 2741 1955 2839 qui
1972 2745 2064 2840 prius

483 2858 584 2955 quasi
604 2883 698 2956 aqua
717 2860 819 2931 omni
837 2875 948 2932 vento
969 2858 1142 2932 docuinae
1162 2857 1518 2950 circumferebantur,
1538 2883 1605 2931 nec
1629 2857 1830 2956 quidquam
1845 2861 2063 2932 certitudinis

481 2976 570 3076 quid
585 2959 685 3077 sequi
701 2978 876 3052 deberent
890 3005 933 3052 ex
949 2979 1027 3077 lege
1041 2978 1253 3052 didicerant.
1272 2983 1326 3051 De
1346 2979 1477 3078 quibus
1496 2979 1534 3050 in
1555 2978 1775 3076 Apocalypsi
1796 2979 1972 3082 scriptum
1986 2995 2036 3052 est
2053 3011 2060 3051 :

484 3127 501 3165 u
517 3103 625 3196 Aquae
635 3098 762 3198 populi
777 3099 894 3172 multi.
909 3127 927 3167 n
942 3102 995 3171 De
1011 3097 1142 3197 quibus
1156 3097 1276 3172 adhuc
1290 3097 1469 3188 subditur,
1485 3097 1570 3197 quia
1581 3099 1659 3170 viso
1670 3101 1748 3168 Deo
1761 3098 1977 3188 timuerunt,
1992 3124 2063 3170 non

480 3235 555 3290 tarn
571 3218 738 3290 videlicet
752 3220 871 3292 servili
886 3221 1034 3310 timore,
1053 3243 1163 3318 quam
1178 3243 1246 3320 pro
1263 3219 1591 3292 communicatione
1611 3243 1820 3318 poenarum,
1838 3245 1950 3318 quam
1970 3236 2061 3292 casto

481 3338 538 3410 vel
553 3337 651 3411 filiali
667 3339 742 3435 ejus
757 3363 867 3437 quem
882 3338 1035 3436 diligtmt
1050 3339 1226 3412 offensam
1241 3353 1493 3439 precaventes.
1524 3367 1542 3408 ιι
1561 3343 1605 3412 Et
1621 3337 1771 3413 turbatae
1786 3355 1871 3412 sunt
1885 3341 2024 3439 abyssi,
2043 3372 2060 3408 n

481 3462 552 3534 hoc
568 3479 622 3535 est
636 3460 899 3561 profunditates
914 3461 1089 3533 &cidaris
1102 3459 1355 3562 philosophiae,
1372 3487 1451 3560 quae
1463 3463 1562 3561 prius
1577 3462 1680 3560 quasi
1695 3461 1953 3562 limpidissimae
1968 3489 2062 3563 aquae

480 3581 709 3673 videbantur,
727 3596 765 3654 et
780 3581 1018 3678 gratissimum
1033 3579 1219 3654 habebant
1233 3581 1420 3672 baustum,
1439 3583 1542 3680 quasi
1557 3581 1708 3655 turbatae
1734 3605 1777 3654 ac
1791 3585 2002 3658 coenulentae
2019 3585 2063 3655 vi·

480 3702 644 3790 luerunt,
661 3703 931 3805 comparatione
946 3701 1181 3802 simplicitatis
1197 3701 1420 3800 evangelice.

532 3851 550 3890 κ
561 3823 753 3897 Multitudo
764 3825 903 3898 sonitus
912 3847 1105 3922 aquarum,
1120 3821 1307 3896 »subaudi
1319 3847 1449 3898 vocem
1464 3819 1596 3897 :dedit
1607 3826 1653 3896 Et
1662 3824 1795 3922 quare?
1809 3825 1897 3922 quia
1909 3854 1928 3892 u
1939 3849 2061 3898 vocem

479 3942 658 4018 dederunt
673 3943 800 4018 nubes.
818 3972 836 4012 n
854 3943 986 4038 Mtdtus
1001 3944 1135 4044 quippe
1150 3968 1261 4018 sonus
1277 3941 1406 4040 divina
1428 3942 1544 4020 laudis
1563 3958 1709 4018 resona
1727 3945 1766 4016 in
1790 3947 1975 4018 conversis
1997 3968 2060 4043 po·

478 4063 589 4162 pulis,
608 4089 697 4138 voce
712 4063 884 4164 nubium,
901 4063 940 4138 id
956 4080 1010 4139 est
1023 4062 1278 4164 predicatione
1294 4064 1542 4164 apostolorum
1557 4063 1707 4138 edoctis.
1735 4092 1754 4132 n
1768 4064 1913 4138 Etenim
1932 4064 2061 4162 sagittas

479 4199 546 4258 tuae
555 4187 578 4274 ²,
600 4213 618 4250 n
637 4210 660 4256 ο
676 4189 785 4274 Deus,
800 4209 866 4288 per
880 4183 946 4258 has
961 4183 1077 4258 nubes
1092 4183 1138 4257 de
1148 4184 1270 4258 ludaea
1285 4184 1548 4260 transferuntur
1562 4184 1609 4260 ad
1624 4199 1759 4282 gentes.
1777 4185 1918 4282 Sagittae
1931 4186 2061 4283 quippe

364 4339 368 4348 ·
477 4321 561 4380 sunt
576 4305 686 4380 verba
697 4305 908 4406 evangelicae
920 4303 1206 4406 pffldicationb,
1224 4329 1302 4403 quae
1316 4307 1421 4404 quasi
1431 4305 1650 4404 quibusdam
1665 4305 1779 4380 divini
1791 4306 1928 4378 amoris
1937 4302 2060 4402 jaculis

477 4425 589 4500 corda
604 4427 794 4500 vulnerant
808 4427 1034 4517 auditorum,
1051 4426 1143 4500 sicut
1158 4425 1196 4498 in
1206 4427 1360 4500 nanno
1375 4451 1508 4525 sponsa
1517 4419 1628 4500 'dicit'
1645 4452 1654 4498 ε
1674 4455 1692 4494 «
1707 4424 1902 4500 Vulnerata
1918 4426 2060 4500 caritate

477 4574 544 4644 ego
560 4572 653 4620 sum.
673 4577 690 4617 n
711 4551 754 4620 Et
771 4547 826 4620 bae
842 4546 991 4646 quidem
1005 4548 1140 4645 sagittae
1155 4546 1254 4646 prius
1270 4546 1308 4620 in
1324 4545 1446 4622 Judaea
1460 4562 1634 4646 unquam
1649 4547 1688 4620 in
1703 4545 1872 4646 pharetra
1888 4545 2060 4618 teneban-

412 4720 416 4729 .
478 4683 535 4739 tur
544 4667 733 4757 conclusa,
745 4665 876 4762 donec,
889 4665 1019 4740 ludaeis
1027 4665 1260 4765 Evangelium
1274 4652 1542 4766 repellentibtu,
1554 4667 1771 4742 canuerunt
1781 4665 1831 4738 ad
1842 4681 1968 4764 gentas
1979 4689 2062 4764 apo

480 4788 578 4878 stoli,
601 4789 692 4864 sicut
716 4813 809 4862 unus
835 4813 962 4862 eorum
985 4787 1032 4862 ad
1057 4789 1154 4890 ipsos
1179 4787 1276 4860 ait‘:
1298 4816 1316 4856 u
1331 4785 1443 4860 Vobis
1467 4787 1659 4886 oportebat
1683 4789 1842 4886 primum
1868 4788 2061 4888 predicare

510 5006 517 5030 ⁶
539 5007 645 5056 Cortum.
657 5007 695 5064 ll,
709 5023 764 5074 cap.
777 5024 817 5066 ιιι,
829 5024 852 5057 v.
866 5009 955 5057 tt.-·
968 5009 1055 5059 Psalrn.
1068 5025 1157 5071 cxxvi,
1170 5024 1193 5058 v.
1207 5012 1245 5059 tt.
1287 4973 1430 5070 cormeum,
1439 4977 1570 5059 sorbrmea
1582 5005 1820 5073 mensurabat-asti
1830 4967 1875 5056 cor
1884 5022 1966 5057 meum
1977 5006 2000 5056 in
2011 5020 2062 5054 uno

477 5089 519 5125 -—⁸
528 5089 553 5138 ln
562 5092 661 5140 Cantica
672 5093 824 5142 canticorum
834 5092 887 5144 hcc
899 5103 991 5144 tantum
1001 5095 1122 5159 leguntur,
1135 5111 1149 5146 a
1163 5104 1246 5144 nostm
1287 5094 1413 5154 oculorum
1424 5103 1546 5144 tuorum.-
1555 5092 1630 5158 (Gap.
1644 5107 1678 5156 ιι,
1689 5106 1713 5142 v.
1724 5091 1810 5156 9.)—‘
1820 5111 1832 5136 ι
1847 5089 1923 5144 Vobis
1934 5089 2061 5158 oportebat

475 5175 603 5230 abalardo
614 5191 661 5226 oon
675 5177 707 5227 ita
722 5175 795 5238 bene,
808 5186 833 5226 ut
846 5175 950 5238 videtur,
959 5177 1071 5230 detorta:
1087 5197 1099 5224 ι
1110 5177 1246 5230 Vulnerasti
1288 5179 1391 5247 primum
1400 5179 1466 5246 lcqm'
1475 5177 1581 5234 Verbum
1592 5177 1649 5239 bet,
1660 5176 1705 5228 sed
1715 5177 1830 5244 qnoniam
1838 5177 1957 5244 repellitis
1968 5175 2062 5228 illudet
