4600 6110
715 571 759 644 ΙΝ
784 572 921 646 nattis
945 572 1190 646 Pututuutt
1216 572 1377 645 SERMO.
1773 574 1844 648 tt5

259 710 411 799 iaciunt,
432 723 467 780 et
478 707 664 781 reddendo
682 711 715 782 ei
727 711 918 785 Ecclesiam
934 726 1105 810 tanquam
1123 711 1265 785 fidelem
1288 737 1372 786 eum
1388 727 1665 809 recognoscunt,
1685 715 1847 812 quicum

258 828 439 904 habebant
453 830 552 928 prius
571 846 741 928 tanquam
758 831 998 929 incognitum,
1016 847 1050 904 et
1066 833 1157 904 sicut
1167 832 1351 905 ethnicum
1362 830 1419 906 vel
1433 831 1677 930 publicanum.
1695 832 1847 906 Solvunt

258 951 378 1047 itaque
397 949 561 1050 discipuli
589 953 835 1024 resuscitatum
854 977 875 1024 a
892 953 1070 1042 Domino,
1091 968 1128 1025 et
1144 952 1296 1025 liberum
1315 953 1366 1024 ire
1389 953 1529 1042 sinunt,
1552 953 1613 1050 qui
1630 954 1729 1050 prius
1748 969 1846 1026 extra

259 1070 452 1143 Ecclesiam
476 1070 588 1142 suerat
606 1070 798 1168 relegatus,
820 1071 909 1144 dum
927 1072 1113 1146 introitum
1134 1072 1318 1163 Ecclesiae,
1340 1088 1374 1144 et
1391 1073 1613 1144 consortium
1636 1070 1795 1145 fidelium
1816 1077 1847 1145 ei

259 1189 433 1281 reddunt,
454 1191 538 1262 etin
555 1189 700 1262 arbitrio
719 1191 796 1288 ejus
811 1201 1021 1291 proponunt
1043 1215 1260 1290 quocunque
1281 1193 1360 1264 vitae
1381 1193 1521 1264 tramite
1543 1191 1628 1263 velit
1654 1191 1700 1264 ad
1730 1197 1846 1266 Deum

259 1309 426 1400 tendere,
441 1324 476 1382 et
492 1310 622 1408 quibus
640 1311 810 1410 operibus
823 1311 861 1384 id
873 1313 985 1411 possit
999 1311 1139 1409 eligere.
1165 1317 1209 1384 Et
1226 1311 1297 1383 hoc
1314 1312 1481 1408 estquod
1499 1311 1550 1384 eis
1570 1312 1746 1384 Dominus
1765 1313 1813 1384 ait
1835 1341 1842 1382 :

263 1458 281 1496 n
297 1430 428 1503 Solvite
444 1455 541 1521 eum,
558 1447 593 1503 et
604 1433 706 1504 sinite
720 1432 829 1506 abire.
845 1461 864 1499 >r
880 1437 971 1504 Ecce
987 1433 1164 1508 Dominus
1179 1447 1362 1503 mortuum
1378 1431 1609 1529 corporaliter
1629 1433 1846 1534 suscitando,

260 1549 423 1649 discipuli
441 1551 647 1623 suscitatum
660 1552 848 1644 solvendo,
869 1553 1023 1626 multum
1036 1552 1221 1626 meliorem
1242 1567 1315 1624 tam
1332 1552 1615 1640 suscitationem,
1632 1575 1740 1649 quarn
1758 1552 1851 1626 solu-

261 1673 397 1744 tionem
418 1672 560 1768 justitiae
584 1671 689 1744 nobis
716 1689 950 1772 proponunt,
977 1689 1086 1773 prout
1106 1672 1321 1774 exponendo
1343 1673 1520 1771 prosecuti
1547 1697 1682 1744 sumus.

310 1790 401 1863 lllud
419 1791 529 1866 semel
546 1793 758 1866 miraculum
775 1794 951 1866 Dominus
968 1795 1039 1890 egit
1057 1795 1093 1864 in
1112 1817 1285 1892 corpore,
1305 1791 1404 1890 quod
1424 1792 1537 1863 multo
1559 1790 1695 1864 felicius
1713 1793 1750 1862 in
1772 1793 1848 1863 ani-

262 1911 388 1984 mabus
401 1915 650 2012 poenitentium
667 1913 931 2014 agit‘quotidie.
950 1913 1117 1988 Reddidit
1133 1919 1265 1986 Lazaro
1283 1914 1413 2002 vitam,
1433 1913 1496 1988 sed
1514 1937 1655 1984 rursum
1674 1914 1849 1984 morituro

261 2033 507 2132 temporalem.
522 2034 659 2106 Tribuit
671 2035 928 2132 paenitentibus
942 2037 1069 2126 vitam,
1086 2034 1149 2108 sed
1165 2036 1241 2106 sine
1258 2033 1329 2106 fine
1347 2058 1564 2107 mansuram.
1583 2032 1675 2105 lllnd
1692 2032 1853 2105 mirabile

261 2150 298 2222 in
317 2151 429 2224 oculis
447 2133 658 2245 hominum,
677 2155 738 2228 sed
764 2153 859 2227 istud
877 2155 1072 2226 maximum
1086 2153 1222 2251 judicio
1243 2151 1415 2226 fidelium.
1439 2157 1521 2241 Quo
1540 2176 1626 2224 vero
1650 2153 1779 2249 majus,
1806 2177 1850 2224 eo

261 2273 505 2372 appetendum
528 2275 692 2373 amplius.
714 2277 893 2375 Scriptum
911 2290 964 2348 est
986 2275 1057 2348 hoc
1074 2275 1121 2347 de
1144 2278 1294 2365 lazaru,
1316 2299 1390 2346 non
1417 2275 1493 2374 ipso
1512 2279 1664 2362 Lazaro,
1684 2274 1764 2346 sed¹
1782 2299 1849 2370 pro

262 2393 360 2490 ipso,
381 2391 445 2464 sed
458 2392 580 2484 nobis,
598 2409 634 2468 et
650 2419 717 2492 pro
730 2394 847 2466 nohis.
866 2423 885 2464 a
899 2399 1142 2492 Quaecunque,
1155 2422 1175 2462 u
1194 2395 1310 2492 inquit
1323 2393 1544 2491 Apostolus’,
1568 2394 1728 2490 «scripta
1750 2409 1845 2480 sunt,

262 2513 307 2585 ad
325 2529 484 2586 nostram
502 2513 703 2588 doctrinam
726 2517 856 2614 scripta
875 2532 971 2588 sunt.
987 2546 1004 2584 a
1027 2515 1144 2590 Semel
1160 2518 1301 2588 vocavit
1320 2516 1495 2588 Dominus
1509 2519 1702 2600 Lazarum,
1726 2529 1759 2585 et
1791 2539 1848 2586 su·

261 2633 404 2705 scitatus
421 2649 474 2706 est
493 2660 513 2706 a
530 2650 645 2708 morte
662 2637 851 2736 corporali.
869 2637 1002 2736 Saepius
1022 2661 1089 2710 nos
1105 2652 1227 2727 vocat,
1248 2651 1287 2708 ut
1304 2636 1431 2708 melius
1452 2659 1676 2731 resurgamus
1692 2658 1712 2704 a
1733 2648 1849 2706 morte

262 2755 400 2826 animae.
423 2756 588 2829 Semelei
606 2756 712 2828 dixit:
738 2787 756 2826 a
771 2759 861 2830 Veni
874 2757 986 2848 foras,
1004 2785 1022 2824 u
1044 2773 1081 2830 et
1096 2759 1214 2830 statim
1232 2757 1366 2856 prodiit
1387 2755 1433 2828 ad
1453 2780 1565 2828 unum
1591 2755 1736 2826 Domini
1761 2779 1850 2852 prae·

262 2888 420 2970 ceptum.
437 2876 606 2961 Quotidie
622 2900 690 2948 nos
704 2878 880 2950 Dominus
897 2901 963 2975 per
979 2878 1197 2974 Scripturam
1222 2877 1346 2949 invitat
1368 2875 1413 2948 ad
1433 2875 1713 2962 confessionem,
1729 2873 1850 2944 horta·

264 3008 322 3064 tur
339 2993 385 3067 ad
411 2995 717 3088 emendationem,
742 2998 917 3095 promittit
935 2998 1044 3070 vitam
1061 3023 1169 3095 quarn
1191 2998 1277 3071 dare
1294 3009 1438 3096 paratus
1457 3011 1510 3069 est
1529 2995 1651 3085 nobis,
1673 2995 1735 3091 qui
1751 3018 1848 3066 mor-

263 3128 336 3186 tem
361 3139 435 3186 non
460 3116 536 3189 vult
554 3118 763 3216 peccatoris.
784 3117 998 3216 Negligimus
1021 3135 1229 3209 vocantem,
1252 3118 1453 3216 spernimus
1474 3117 1704 3203 invitantem,
1724 3129 1847 3186 conte-

263 3236 421 3306 mnimus
430 3238 711 3334 promittentem.
727 3243 823 3310 lnter
836 3242 953 3311 Deum
966 3255 1002 3312 ct
1013 3238 1197 3310 diabolum
1211 3254 1381 3333 tauquam
1394 3237 1487 3308 inter
1502 3250 1641 3334 patrem
1656 3249 1691 3306 et
1708 3235 1849 3307 hostem

264 3356 463 3446 constituti,
483 3358 638 3455 paternis
650 3357 846 3431 monitibus
863 3357 910 3430 ad
928 3359 1038 3430 vitam
1055 3357 1201 3430 hostiles
1219 3357 1462 3456 preponimus
1480 3355 1527 3427 ad
1545 3370 1710 3426 mortem.
1738 3384 1755 3422 u
1769 3359 1848 3425 Non

264 3474 488 3572 ignoramus,
506 3507 524 3544 u
554 3479 670 3576 inquit
692 3475 912 3576 Apostolus‘,
939 3507 959 3546 a
975 3479 1119 3550 astutias
1142 3481 1306 3550 Satanae:
1329 3507 1347 3545 u
1376 3477 1535 3566 astutias,
1576 3477 1743 3573 inquam,
1773 3475 1848 3546 illas

264 3598 340 3693 ejus
361 3601 550 3690 maximas,
571 3600 700 3697 quibus
723 3625 790 3672 nos
814 3599 860 3673 ad
884 3615 1072 3698 peccatum
1096 3599 1252 3687 inducit,
1273 3614 1309 3671 et
1337 3599 1383 3672 ab
1406 3597 1656 3671 emendatione
1688 3597 1845 3668 retrahit.

265 3721 454 3793 Peccatum
471 3745 679 3820 suggerens,
693 3720 836 3792 duobus
851 3745 920 3792 nos
933 3721 1048 3809 exuit,
1062 3719 1191 3817 quibus
1204 3719 1255 3791 illi
1271 3720 1424 3790 maxime
1442 3732 1559 3817 potest
1575 3717 1706 3808 resisti,
1724 3718 1851 3788 timore

265 3839 396 3912 scilicet
414 3864 455 3912 ac
473 3840 625 3938 pudore.
647 3839 755 3928 Quod
771 3839 868 3911 enim
889 3839 1060 3928 vitamus,
1085 3853 1145 3910 aut
1168 3839 1296 3909 timore
1316 3838 1488 3934 cujusque
1505 3835 1647 3923 damni,
1671 3850 1732 3907 aut
1751 3859 1850 3906 reve-

268 3961 381 4032 rentia
402 3960 549 4058 pudoris
568 3959 790 4032 dimittimus.
811 3957 959 4030 Honesti
975 3957 1110 4055 quippe
1128 3957 1214 4028 viri‘
1231 3955 1421 4053 plusquam
1448 3977 1567 4026 rerum
1590 3969 1717 4026 cavent
1741 3953 1850 4025 detri-

268 4097 448 4168 mentum,
469 4083 560 4153 sicut
578 4103 790 4152 econverso
808 4079 988 4150 inhonesti
1004 4077 1148 4150 faciunt.
1176 4080 1298 4165 Quum
1316 4100 1401 4172 ergo
1426 4078 1573 4147 Satanas
1590 4073 1785 4171 quemlibet
1802 4071 1850 4144 ad

266 4218 452 4300 peccatum
470 4199 636 4300 impellit,
653 4199 754 4272 facile
771 4197 843 4270 hoc
861 4197 984 4288 efficit,
1004 4199 1034 4270 si
1055 4197 1173 4296 primo
1189 4196 1289 4268 illum
1303 4196 1448 4282 timore,
1472 4209 1510 4264 ut
1527 4194 1696 4282 diximus,
1722 4209 1756 4263 et
1778 4218 1850 4290 pu·

266 4321 575 4426 dorenprivaverit.
593 4322 713 4407 Quum
728 4333 848 4393 autem
862 4317 900 4389 id
913 4315 1089 4406 effecerit,
1105 4315 1231 4388 eadem
1249 4317 1282 4388 ei
1293 4313 1411 4387 reddit
1423 4337 1502 4411 quae
1518 4313 1615 4410 prius
1632 4310 1792 4401 abstulit,
1813 4325 1853 4382 ut

267 4444 317 4514 sic
335 4467 418 4514 eum
436 4465 458 4512 a
475 4439 697 4514 consessione
722 4437 894 4529 retrahat,
922 4450 958 4509 et
981 4438 1017 4508 in
1035 4451 1182 4536 peccato
1201 4460 1267 4509 suo
1286 4437 1379 4507 mori
1396 4435 1511 4506 faciat.
1531 4437 1629 4504 Tunc
1647 4433 1679 4504 ei
1702 4431 1851 4504 latenter

268 4561 617 4635 susurratinanimo:
631 4564 741 4632 Lares
752 4556 1058 4648 suntsacerdotes,
1070 4573 1106 4630 et
1117 4555 1364 4630 difficillimum
1376 4570 1428 4628 cst
1439 4577 1667 4653 compescere
1676 4553 1847 4648 linguam.

267 4683 304 4754 Si
322 4683 393 4754 hoc
412 4681 469 4753 vel
490 4679 579 4753 illud
593 4678 722 4752 talibus
733 4677 955 4770 confitearis,
970 4694 1146 4751 secretum
1166 4703 1243 4750 esse
1259 4702 1333 4750 non
1348 4677 1497 4776 poterit:
1517 4691 1553 4747 et
1567 4699 1680 4772 quum
1703 4674 1739 4744 in
1759 4673 1852 4744 noti-

268 4804 353 4875 tiam
364 4801 518 4892 venerit,
532 4799 732 4872 imminebit
745 4798 956 4896 periculum,
972 4799 1027 4871 vel
1039 4800 1198 4870 incurres
1211 4797 1311 4870 lamae
1325 4797 1597 4883 detrimentum,
1612 4795 1667 4866 vel
1678 4794 1852 4864 damnum

302 5117 310 5143 ⁴
330 5117 380 5168 nec
389 5127 455 5168 certe
467 5116 607 5182 legendum.
617 5114 666 5152 ·-¹
675 5115 757 5172 nom„
771 5130 827 5180 cap·
840 5131 882 5174 xv,
895 5131 917 5162 v.
931 5117 954 5163 l.
967 5114 1018 5152 ·-³
1030 5114 1136 5164 Corinth.
1152 5115 1189 5172 11,
1202 5131 1224 5163 v.
1242 5121 1265 5164 tt
1282 5134 1287 5162 :
1304 5133 1314 5156 ι
1326 5113 1355 5163 Ut
1370 5127 1418 5162 non
1435 5111 1651 5162 circumveniamur
1662 5126 1675 5160 a
1687 5109 1791 5170 Saluum
1807 5128 1854 5160 nnn

269 5205 333 5254 enim
346 5206 482 5269 ignoramus
493 5203 654 5269 cogitationes
666 5203 743 5267 ejus.»
754 5229 783 5240 -
795 5203 805 5228 ⁴
820 5203 908 5253 Desste
919 5203 1014 5252 videtur
1020 5204 1109 5265 sumu.
