4496 6102
723 597 767 668 ΙΝ
791 595 1002 694 Passionis
1026 595 1183 670 DOMINI
1209 594 1370 668 SERMO.
1550 667 1566 696 Ι
1767 592 1832 664 444

254 735 456 805 communis
474 734 610 807 loculos
626 737 794 836 impensae
811 737 1001 810 deferebat.
1018 740 1134 810 Tertio
1148 741 1324 811 Dominus
1342 735 1563 836 proditorem
1581 735 1763 833 designare
1779 759 1839 806 cu·

254 856 364 946 ravit,
386 880 557 952 quocum
576 859 727 957 amplius
745 884 767 931 a
784 885 847 934 sua
861 876 1102 958 compesceret
1119 862 1316 958 iniquitate.
1337 863 1458 948 Quum
1477 859 1574 930 enim
1591 859 1709 957 primo
1733 857 1839 928 dixis·

256 988 330 1044 set:
349 977 452 1064 «Qui
470 977 611 1074 intingit
628 1002 769 1050 mecum
784 1002 931 1050 manum
945 980 981 1050 iu
1001 979 1204 1078 parapside,
1220 980 1279 1052 hic
1297 1005 1356 1051 me
1369 979 1501 1069 tradet,
1520 1007 1537 1044 u
1554 1003 1595 1050 ac
1607 976 1840 1076 postmodum

255 1093 404 1166 traditor
422 1111 592 1193 tanquam
612 1099 776 1170 conscius
795 1100 866 1188 sui,
887 1113 921 1170 et
936 1098 1037 1194 quasi
1047 1099 1122 1194 jam
1136 1098 1337 1196 designatus
1354 1123 1396 1169 ex
1415 1097 1621 1197 parapside,
1646 1097 1842 1194 requireret

252 1213 377 1287 dicens
394 1244 401 1286 :
420 1247 438 1286 u
451 1218 619 1317 Nunquid
632 1246 697 1318 ego
716 1221 820 1293 sum?
840 1221 939 1293 Rubi.
955 1250 973 1289 u
995 1221 1189 1320 Respondit
1206 1221 1243 1322 ei
1255 1225 1377 1293 lesus:
1398 1249 1416 1288 u
1429 1225 1479 1291 Tu
1497 1219 1626 1292 dixisti.
1642 1248 1659 1286 u
1677 1223 1725 1290 Ac
1744 1221 1773 1291 si
1791 1219 1843 1290 di·

254 1349 349 1405 ceret
362 1341 432 1407 :Tu
447 1337 521 1432 jam
540 1353 646 1437 pacto
664 1363 747 1412 cum
763 1340 892 1411 Judaeis
910 1341 1018 1429 inito,
1038 1355 1073 1412 et
1089 1353 1124 1412 te
1141 1317 1406 1418 bociacturum
1428 1364 1505 1411 esse
1523 1339 1716 1438 pollicitus,
1742 1339 1843 1437 quod

253 1479 351 1526 nuno
369 1455 451 1527 dico
469 1457 520 1528 eis
536 1457 738 1556 praedixisti.
757 1440 873 1532 Refert
891 1461 999 1531 etiam
1014 1441 1312 1556 loannesssuod,
1328 1483 1441 1557 quum
1455 1460 1531 1557 ipse
1545 1460 1719 1530 Dominus
1735 1459 1842 1530 dixis·

253 1590 327 1646 set:
344 1605 361 1643 u
379 1579 450 1664 Qui
468 1561 661 1651 manducat
677 1603 809 1679 panem
823 1604 958 1671 meum,
974 1578 1104 1652 levabit
1118 1595 1244 1652 contra
1256 1603 1315 1651 me
1329 1579 1535 1651 calcaneum
1549 1604 1667 1670 suum,
1683 1607 1701 1646 u
1718 1581 1842 1678 etipse
1923 1669 1931 1688 .

252 1698 407 1768 loannes
425 1696 637 1770 recumbens
651 1724 759 1798 super
773 1715 897 1799 pectus
910 1703 1004 1794 lesu,
1025 1697 1221 1798 requireret
1236 1698 1282 1772 ab
1300 1701 1379 1799 ipso
1395 1701 1474 1797 quis
1492 1698 1550 1771 ille
1568 1714 1671 1789 esset,
1692 1723 1843 1799 respon-

252 1816 322 1889 dit:
339 1845 357 1884 «
372 1817 434 1888 llle
449 1833 512 1908 est,
530 1819 588 1890 cui
600 1821 787 1892 intinctum
801 1845 934 1919 panem
945 1846 1177 1920 porrexero.»
1193 1825 1237 1892 Et
1248 1845 1360 1917 quum
1373 1820 1572 1892 intinxisset
1585 1843 1727 1918 panem,
1744 1818 1843 1890 dedit

252 1937 363 2026 iudae,
377 1953 413 2010 et
431 1954 512 2037 post
529 1938 739 2030 buccellam,
760 1956 846 2012 tunc
858 1941 1017 2014 introivit
1032 1943 1069 2013 in
1087 1941 1189 2013 illum
1207 1940 1390 2012 Satbanas.
1407 1941 1502 2012 Dixit
1520 1940 1552 2010 ei
1566 1941 1685 2010 lesus:
1701 1938 1841 2027 «Quod

252 2057 352 2146 lacis,
375 2057 429 2168 fac
447 2059 549 2130 citius
572 2088 590 2128 u
614 2063 736 2148 Quum
756 2076 875 2134 autem
896 2063 1087 2160 accepisset
1107 2061 1166 2133 ille
1183 2060 1398 2152 buccellam,
1421 2060 1527 2132 exivit
1547 2062 1732 2131 continuo.
1756 2063 1841 2130 Erat

251 2193 369 2252 autem
399 2204 483 2252 nox.
508 2208 526 2247 u
556 2185 646 2253 Ecce
668 2181 739 2253 hoc
764 2183 867 2254 tertio
890 2182 1054 2282 proditor
1078 2182 1263 2255 manifeste
1286 2181 1508 2279 designatus,
1535 2196 1618 2279 post
1642 2179 1840 2252 buccellam

251 2300 369 2370 statim
388 2300 469 2371 exiit
487 2299 533 2371 ad
554 2317 770 2401 conceptum
784 2302 899 2375 scelus
916 2301 1179 2402 peragendum,
1199 2317 1371 2398 tanquam
1382 2300 1457 2397 jam
1469 2301 1620 2371 omnino
1636 2299 1682 2372 de
1696 2301 1843 2372 Domini

251 2419 361 2512 gratia
383 2417 594 2516 desperans,
611 2445 724 2518 quum
737 2421 813 2517 ejus
833 2435 990 2494 mentem
1011 2422 1060 2493 ita
1082 2420 1246 2494 diabolus
1267 2421 1417 2492 omnino
1432 2419 1646 2518 possideret,
1668 2433 1706 2490 ut
1727 2418 1843 2490 redire

251 2537 294 2608 ad
315 2539 456 2610 veniam
474 2539 676 2612 nullatenus
693 2556 825 2640 posset.
843 2542 972 2614 Mirum
988 2557 1107 2614 tamen
1127 2557 1180 2613 est
1197 2541 1384 2639 quomodo
1404 2541 1581 2638 acquievit
1598 2555 1638 2611 ut
1658 2539 1842 2612 intinctam

250 2658 447 2732 buccellam
464 2663 656 2761 acciperet,
674 2664 703 2735 si
715 2664 814 2762 prius
828 2663 981 2736 audierit
992 2665 1189 2736 Dominum
1203 2663 1274 2735 boc
1288 2662 1415 2734 dixisse
1425 2663 1463 2733 in
1477 2663 1617 2759 signum
1632 2661 1708 2733 fieri
1721 2662 1845 2733 futurae

249 2780 475 2879 proditionis.
509 2782 695 2873 Credimus
713 2808 798 2880 ergo
819 2785 1016 2856 Dominum
1044 2784 1116 2855 hoc
1141 2784 1307 2882 privatim
1333 2783 1462 2854 Joanni
1487 2781 1711 2854 recumbenti
1737 2807 1845 2880 super

253 2919 376 3003 pectus
392 2905 468 3000 ejus
485 2904 724 3003 respondisse,
738 2906 787 2978 ita
800 2920 843 2977 ut
855 2906 1017 3005 proditor
1031 2905 1069 2977 id
1087 2929 1315 3003 nequaquam
1333 2903 1553 3000 intelligeret.
1573 2907 1663 2974 Nam
1674 2918 1710 2975 et
1722 2907 1846 2975 Petrus

249 3040 386 3097 secreto
404 3024 475 3096 hoc
494 3025 734 3099 demonstrari
754 3028 871 3126 petiit,
893 3029 1047 3100 innuens
1065 3029 1192 3101 Joanni
1212 3029 1332 3126 potius
1353 3051 1463 3124 quam
1482 3025 1653 3122 loquens,
1676 3039 1716 3096 ut
1731 3049 1752 3096 a
1769 3029 1844 3096 Do-

248 3146 348 3216 mino
374 3147 569 3243 requireret
592 3147 671 3244 quis
693 3148 752 3219 ille
772 3163 863 3220 esset
883 3147 929 3220 de
954 3172 1028 3246 quo
1051 3147 1198 3220 diceret.
1226 3151 1280 3220 De
1302 3145 1361 3218 illa
1386 3161 1506 3219 autem
1526 3143 1689 3217 buccella
1716 3146 1841 3244 paniss
1902 3123 1906 3132 Ι

249 3266 416 3363 quemad
436 3268 659 3365 proditorem
677 3267 937 3366 designandum
956 3269 1144 3340 intinctam
1160 3269 1194 3339 ei
1209 3268 1383 3366 porrexit,
1401 3266 1580 3366 plerisque
1594 3265 1734 3337 videtur
1743 3265 1842 3364 quod
1945 3289 1966 3312 ··

248 3387 295 3458 de
308 3389 387 3486 ipso
405 3412 499 3486 pane
512 3403 649 3460 sacrato
664 3413 744 3462 eam
762 3390 954 3487 acciperet,
975 3389 1073 3460 unde
1094 3389 1186 3458 inter
1206 3402 1352 3459 coeteros
1367 3388 1415 3458 ita
1438 3411 1522 3457 eum
1546 3387 1839 3458 communicaret.

248 3513 366 3596 Quam
384 3509 530 3606 quidem
548 3511 843 3582 communionem
860 3534 973 3606 quum
990 3508 1136 3606 indigne
1154 3523 1329 3598 sumeret,
1341 3507 1516 3603 judicium
1531 3507 1651 3605 potius
1666 3531 1775 3604 quam
1789 3531 1842 3577 sa·

247 3629 359 3701 lutem
374 3629 422 3700 ibi
437 3630 627 3728 acciperet,
648 3630 739 3701 sicut
760 3644 796 3700 et
815 3628 1005 3729 Apostolus
1026 3605 1150 3700 asserit
1163 3626 1208 3699 de
1223 3626 1367 3725 indigue
1386 3627 1670 3699 communicatis.
1686 3625 1791 3699 Unde
1809 3643 1844 3698 et

248 3764 329 3846 post
347 3747 558 3840 buccellam,
579 3748 752 3821 Sathanas
768 3749 804 3819 in
823 3747 952 3820 ludam
971 3747 1148 3835 introisse,
1171 3748 1273 3818 etsie
1292 3771 1377 3818 eum
1395 3747 1535 3844 plenius
1547 3744 1748 3844 possedisse
1766 3771 1842 3818 me-

248 3884 421 3940 moratur.
439 3874 528 3941 Nam
542 3884 577 3941 et
595 3867 695 3966 quod
709 3867 794 3938 huic
808 3891 954 3965 quoque
969 3865 1217 3938 communioni
1235 3865 1400 3962 proditor
1418 3865 1634 3955 interfuerit,
1652 3869 1764 3938 Lucas
1776 3890 1843 3964 pa·
1908 3943 1914 3952 ,

247 4004 363 4062 tenter
375 3990 555 4062 insinuare
568 3989 720 4062 videtur.
738 3991 830 4080 Qui,
850 3987 938 4060 dum
960 4011 1097 4058 novum
1110 3984 1240 4084 pascha
1258 3985 1498 4058 celebraretur
1512 4011 1531 4056 a
1544 3987 1720 4076 Domiu0,
1737 3987 1843 4060 refert

247 4133 331 4179 eum
353 4106 507 4180 dixisse:
528 4111 817 4180 «Verumtamen
840 4131 922 4179 ecce
942 4130 1072 4177 manus
1094 4104 1265 4178 tradentis
1289 4128 1348 4176 me
1371 4129 1514 4177 mecum
1537 4105 1646 4175 estin
1666 4129 1800 4176 mensa.
1821 4135 1838 4173 u

246 4227 426 4297 Continuo
445 4242 565 4298 tamen
584 4239 729 4325 accepta
746 4225 921 4317 buccella,
940 4223 1106 4326 proditor
1123 4249 1199 4296 non
1216 4239 1398 4324 exspectat
1414 4223 1708 4296 communionem
1724 4223 1837 4315 finiri,

246 4343 302 4418 vel
321 4342 496 4441 hymnum
518 4360 601 4444 post
621 4344 851 4418 refectionem
869 4345 1027 4417 Domino
1046 4342 1221 4443 persolvi3
1244 4369 1385 4416 sacrum
1406 4345 1523 4416 statim
1537 4342 1727 4442 collegium
1741 4367 1840 4439 egre·

246 4463 354 4552 ditur,
379 4489 452 4560 quo
470 4489 621 4564 pravum
641 4463 859 4536 desiderium
878 4463 1030 4563 amplius
1048 4477 1261 4556 maturaret,
1275 4464 1366 4562 sicut
1384 4478 1420 4534 et
1438 4461 1614 4534 Dominus
1632 4462 1841 4562 praedixerat

246 4586 391 4658 dicens:
410 4586 547 4674 «Quod
565 4586 666 4676 facis,
687 4585 742 4657 sac
766 4587 880 4657 citius.
902 4614 920 4652 u
944 4584 1030 4656 ideo
1049 4598 1169 4656 autern
1194 4609 1324 4684 panem
1352 4585 1542 4657 intinctum
1570 4583 1636 4654 soli
1664 4583 1841 4683 proditori

245 4706 364 4797 dedit,
387 4722 426 4779 ut
443 4708 519 4804 ejus
547 4723 703 4780 mentem
728 4707 803 4804 jam
832 4706 1068 4805 conceptione
1091 4707 1226 4804 peccati
1254 4707 1420 4779 infectam
1443 4719 1479 4802 et
1500 4703 1713 4777 maculatam
1735 4705 1842 4802 signi-

245 4826 379 4900 ficaret.
412 4831 553 4902 Caeteris
582 4845 718 4921 autem,
742 4829 804 4927 qui
827 4851 955 4926 puram
983 4825 1165 4899 habebant
1196 4828 1472 4915 conscientiam,
1504 4840 1723 4898 sacramenta
1758 4851 1839 4898 cor-

242 4950 344 5046 poris
366 4965 402 5021 et
424 4951 605 5048 sanguinis
632 4952 687 5022 sui
715 4950 902 5048 separatim
931 4947 1128 5038 distribuit,
1149 4950 1251 5047 quasi
1278 4974 1410 5049 panem
1433 4973 1498 5046 per
1521 4973 1560 5020 se
1580 4963 1616 5020 et
1632 4948 1757 5020 vinum
1773 4973 1838 5048 per

243 5094 284 5141 se
320 5073 509 5171 seperatim
540 5072 756 5144 ministrans.
795 5070 899 5143 Unde
932 5069 1025 5142 bene
1065 5085 1235 5143 statutum
1267 5085 1321 5144 est
1352 5073 1390 5144 in
1421 5069 1597 5161 Ecclesia,
1625 5084 1664 5142 ut
1690 5069 1836 5168 quando

241 5186 369 5261 fideles
391 5191 717 5282 communicantur,
737 5191 814 5263 hac
839 5191 1028 5288 separatim
1056 5191 1243 5288 accipiant.
1273 5191 1363 5263 Sunt
1386 5213 1471 5262 vero
1495 5188 1556 5287 qui
1581 5213 1714 5289 panem
1735 5187 1835 5260 illum

367 5328 379 5371 t
1317 5353 1321 5360 -
1675 5309 1715 5371 56
