4510 6108
438 570 509 642 508
832 587 835 594 ·
1038 561 1167 636 PETRI
1193 561 1425 635 ABAELARDI

433 737 542 811 quem
555 709 705 782 ibimus?
713 705 830 780 Verba
845 703 925 776 vitae
935 718 1073 776 aeternae
1089 702 1213 776 habes.
1228 732 1245 771 u
1263 707 1313 774 Ex
1329 703 1397 774 hac
1413 701 1569 799 denique
1585 703 1782 800 intrepidus
1798 709 2013 796 constantia,

435 856 544 930 quam
564 837 651 901 tunc
667 830 704 899 in
721 827 842 899 animo
861 824 1023 921 gerebat,
1044 839 1080 895 et
1095 825 1250 896 maxima
1269 848 1410 921 semper
1429 822 1621 895 dilectione
1641 824 1830 922 flagrabat,
1855 827 2014 925 profiteri

435 976 511 1023 non
531 948 667 1021 timuit¹
688 974 696 1018 ε
717 946 824 1017 «Etsi
847 969 973 1016 omnes
993 942 1221 1016 scandalizati
1241 943 1372 1014 fuerint
1396 944 1433 1014 in
1454 959 1506 1032 te,
1530 968 1596 1040 ego
1624 969 1810 1042 nunquam
1839 947 2015 1020 scandali·

434 1070 555 1143 zabor.
574 1097 591 1136 u
614 1073 658 1139 Et
678 1091 819 1138 rursum
840 1095 849 1135 :
866 1064 1043 1135 «Etiamsi
1060 1065 1259 1161 oportuerit
1275 1088 1332 1135 me
1357 1063 1449 1134 mori
1465 1077 1601 1153 tecum,
1620 1089 1696 1136 non
1712 1080 1747 1136 te
1762 1065 1917 1162 negabo.
1936 1095 1954 1134 n
1974 1070 2017 1140 Et

357 1261 360 1268 λ
435 1191 603 1262 iterum¹:
621 1186 821 1274 «Domine,
840 1199 960 1256 tecum
976 1197 1120 1281 paratus
1136 1207 1229 1272 sum,
1248 1197 1283 1254 et
1299 1183 1335 1254 in
1347 1206 1526 1254 carcerem
1543 1198 1578 1255 et
1593 1184 1630 1254 in
1648 1199 1802 1256 mortem
1819 1185 1883 1258 ire.
1900 1201 1921 1252 u·
1937 1190 2015 1258 Non

435 1309 533 1381 enim
549 1306 680 1379 minori
698 1304 870 1375 charitate
882 1327 1086 1389 succensus,
1100 1326 1210 1400 quam
1224 1301 1339 1374 suerat
1354 1300 1426 1372 fide
1442 1300 1578 1373 firmus.
1598 1305 1684 1390 Quae
1701 1326 1857 1400 namque
1873 1304 1931 1376 illa
1943 1321 2017 1377 erat

436 1430 472 1500 in
492 1452 536 1499 eo
555 1426 688 1498 amoris
705 1425 867 1512 flamma,
886 1447 999 1519 quum
1015 1423 1212 1492 Dominum
1229 1445 1295 1492 nec
1313 1446 1380 1519 pro
1397 1421 1645 1520 redemptione
1660 1448 1724 1496 sua
1740 1425 1813 1521 pati
1831 1424 2015 1514 toleraret,

435 1573 548 1645 quum
571 1547 604 1618 ei
627 1545 831 1642 passionem
854 1566 957 1615 suam
982 1541 1188 1640 praedicenti
1213 1540 1493 1639 responderet⁸2
1516 1571 1533 1610 u
1549 1542 1725 1639 Propitius
1745 1558 1822 1614 esto
1843 1543 1925 1632 tibi,
1943 1549 2018 1616 Do·

435 1669 549 1756 mine,
568 1691 615 1737 ne
631 1665 693 1737 fiat
708 1665 793 1735 hoc.
808 1692 825 1731 >i
846 1667 963 1751 Quem
979 1661 1134 1760 denique
1150 1661 1266 1734 zelum
1283 1663 1415 1734 amoris
1429 1663 1465 1732 in
1483 1663 1559 1760 ipsa
1577 1663 1743 1761 captione
1760 1665 1906 1736 Domini
1922 1681 2018 1738 cete·

434 1789 482 1859 ris
508 1785 676 1858 omnibus
700 1782 916 1880 fugientibus
941 1783 990 1855 ita
1014 1781 1193 1870 exhibuit,
1219 1796 1260 1852 ut
1284 1781 1322 1852 in
1347 1796 1448 1852 tanto
1471 1780 1717 1880 trepidationis
1733 1783 1895 1876 articulo,
1914 1809 2016 1856 servo

434 1905 605 2005 principis
625 1928 749 1974 aurem
774 1916 986 2000 amputaret.
1013 1906 1129 1998 Aqua
1148 1899 1294 1999 quidem
1315 1899 1451 1972 ultione
1469 1924 1536 1972 nec
1550 1901 1683 1974 caeteris
1698 1903 1894 1974 Dominum
1917 1927 2016 1974 com·

434 2022 740 2122 prehendentibus
757 2035 936 2119 parceret,
955 2020 1024 2091 nisi
1039 2019 1085 2091 ab
1103 2021 1181 2116 ipso
1197 2019 1355 2091 Domino
1372 2019 1444 2090 cito
1460 2034 1645 2117 correptus
1662 2020 1796 2093 fuisset.

484 2146 622 2214 Memor
642 2143 762 2238 itaque
782 2139 875 2211 illius
895 2138 1069 2211 dominici
1090 2139 1309 2211 sermonis⁸z
1331 2166 1348 2206 a
1365 2139 1537 2235 Majorem
1552 2138 1647 2212 hanc
1664 2139 1893 2213 dilectionem
1908 2165 2016 2214 nemo

434 2265 557 2355 habet,
571 2288 681 2363 quam
696 2277 737 2334 ut
750 2262 907 2334 animam
922 2285 1025 2332 suam
1040 2275 1153 2357 ponat
1168 2261 1248 2357 quis
1263 2285 1330 2356 pro
1345 2261 1467 2332 amicis
1482 2262 1572 2350 suis,
1591 2289 1609 2329 n
1633 2261 1739 2332 morti
1756 2251 1796 2335 se
1811 2261 2017 2361 opponebat

437 2411 546 2484 aqua
564 2385 763 2456 Dominum
786 2381 939 2453 liberare
954 2378 1111 2451 volebat.
1138 2379 1209 2466 Qui
1229 2395 1355 2450 contra
1369 2381 1456 2451 vitia
1478 2381 1664 2476 ipsamque
1679 2379 1837 2452 radicem
1855 2383 2016 2454 omnium

434 2504 614 2578 malorum
623 2501 855 2600 cupiditatem
870 2512 1007 2596 quanto
1019 2510 1218 2568 armaretur
1230 2494 1321 2584 zelo,
1334 2495 1494 2569 vindicta
1507 2497 1567 2567 illa
1581 2499 1619 2569 in
1636 2499 1811 2572 Ananiam
1819 2515 1855 2572 et
1869 2525 2016 2574 uxorem

397 2641 404 2652 ·
434 2625 509 2721 ejus
525 2637 688 2722 patenter
703 2617 895 2706 ostendit⁸3
912 2641 1003 2715 quos
1020 2641 1095 2688 non
1112 2613 1230 2712 gladio
1247 2615 1338 2686 sicut
1357 2613 1492 2686 dictum
1508 2639 1651 2687 servum
1667 2621 1851 2714 percussit,
1869 2620 1934 2692 sed
1949 2622 2015 2692 mi·

432 2743 580 2816 rabilius
604 2741 698 2814 servi
717 2740 772 2812 sui
792 2738 923 2810 virtute
942 2735 1106 2836 peremit.
1133 2733 1311 2806 Toleravit
1330 2732 1393 2804 diu
1413 2735 1589 2806 Dominus
1609 2737 1793 2810 avaritiam
1814 2739 1930 2828 Judae,
1953 2741 2016 2814 iste

434 2888 501 2936 nec
522 2861 569 2935 ad
589 2874 815 2933 momentum
835 2856 1002 2930 sustinuit
1022 2855 1245 2950 sacrilegium
1264 2852 1466 2951 cupiditatis
1486 2855 1694 2926 commissae.
1719 2859 1801 2943 Quo
1821 2857 1919 2930 enim
1940 2883 2014 2932 am·

432 2981 556 3082 plioris
571 2981 637 3058 zeli
652 2981 783 3052 virtute
797 2976 969 3066 fervebat,
987 2999 1096 3047 omne
1111 2973 1233 3046 virtuti
1250 2973 1471 3047 contrarium
1487 2974 1606 3046 minus
1621 2975 1814 3066 tolerabat,
1833 2991 1868 3050 et
1888 3003 1962 3076 quo
1978 3005 2014 3052 se

433 3101 585 3199 amplius
603 3099 797 3182 aDomino
818 3094 1003 3169 sublimari
1024 3107 1193 3182 noverat,
1214 3092 1326 3188 magis
1341 3116 1380 3162 se
1395 3114 1462 3190 pro
1482 3092 1641 3164 Domino
1660 3117 1802 3193 semper
1825 3094 2013 3170 humiliare

432 3220 609 3295 studebat.
638 3216 743 3290 Unde
768 3229 804 3288 et
828 3213 874 3287 ad
898 3213 1103 3313 passionem
1123 3211 1238 3283 crucis
1258 3209 1407 3282 tandem
1421 3210 1586 3300 veniens,
1609 3235 1683 3311 quo
1699 3211 1865 3286 videlicet
1885 3239 2014 3311 genere

433 3342 561 3414 mortis
568 3339 767 3411 Dominum
783 3334 937 3406 maxime
946 3346 1088 3406 secutus
1099 3345 1165 3421 est,
1181 3332 1273 3404 sicut
1288 3331 1321 3402 ei
1336 3345 1441 3403 antea
1458 3329 1680 3430 praedixerat,
1694 3357 1769 3405 non
1786 3350 1860 3406 tam
1877 3335 1923 3408 de
1938 3361 2014 3435 pas·

434 3463 535 3534 sione
550 3483 614 3532 sua
630 3455 807 3557 trepidus,
825 3478 936 3552 quam
956 3452 1003 3525 de
1023 3451 1167 3523 honore
1181 3451 1328 3523 Domini
1345 3450 1537 3544 sollicitus,
1559 3475 1788 3551 nequaquam
1803 3456 1961 3554 crucifigi
1979 3481 2015 3530 se

435 3581 596 3681 permisit
619 3593 659 3650 ut
681 3575 902 3664 Dominum,
924 3570 988 3646 sed
1003 3573 1120 3672 capite
1141 3567 1310 3645 deorsum
1332 3599 1437 3647 verso
1461 3572 1682 3673 pedibusque
1705 3601 1847 3649 sursum
1871 3580 2012 3668 erectis,

436 3727 478 3773 ex
498 3701 575 3798 ipsa
598 3719 744 3794 quoque
767 3694 928 3792 corporis
945 3693 999 3765 sui
1014 3691 1193 3792 positione
1212 3687 1444 3790 augmentum
1464 3693 1568 3792 elegit
1591 3719 1717 3793 poenae.
1741 3699 1792 3768 Ex
1815 3721 1888 3795 qua
1909 3699 2016 3770 etiam

434 3844 498 3892 sua
513 3815 762 3889 humiliatione
777 3827 952 3912 quantum
968 3835 989 3886 a
1005 3813 1163 3886 Domino
1179 3813 1308 3886 meruit
1323 3814 1480 3904 exaltari,
1499 3813 1650 3886 dubium
1664 3840 1740 3888 non
1756 3831 1979 3915 potestesse,
1997 3842 2016 3890 a

435 3939 535 4036 cujus
559 3939 665 4010 etiarn
691 3935 831 4008 honore
852 3958 920 4006 nec
938 3933 977 4007 id
1003 3957 1086 4007 reor
1106 3933 1261 4008 alienum
1283 3959 1379 4024 esse,
1402 3935 1503 4033 quod
1522 3938 1733 4034 quantocius
1758 3937 1885 4010 mundi
1909 3953 2016 4038 caput

316 4133 321 4144 ,
435 4055 668 4159 praeminebat
684 4079 834 4128 romana
850 4054 966 4147 sedes,
978 4055 1053 4152 ejus
1069 4054 1162 4127 lacta
1177 4053 1295 4154 est,!ut
1313 4054 1386 4130 hoc
1401 4057 1509 4129 etiam
1521 4057 1600 4154 jure
1616 4058 1652 4129 in
1669 4071 1746 4131 toto
1763 4058 1902 4131 mundo
1918 4060 2016 4159 prin·

435 4179 592 4277 cipatum
608 4175 799 4248 obtineret.
826 4178 891 4246 Per
911 4195 991 4246 eam
1006 4172 1171 4245 videlicet
1186 4174 1350 4245 omnium
1366 4199 1560 4272 regnorum
1580 4177 1796 4276 principem,
1815 4201 1926 4275 quam
1939 4180 2015 4277 ipse

434 4295 582 4395 proprio
599 4295 771 4390 sauguine
790 4293 949 4365 Domino
969 4293 1207 4382 consecravit,
1235 4307 1270 4364 et
1292 4291 1363 4364 hoc
1386 4307 1557 4391 tanquam
1577 4293 1815 4367 indissolubili
1836 4296 2012 4368 bitumine

435 4416 535 4513 quasi
558 4412 708 4486 aliarum
732 4410 1007 4484 fundamentum
1031 4409 1205 4483 fundavit.
1234 4408 1288 4482 Ad
1312 4411 1412 4508 cujus
1435 4411 1582 4511 insuper
1601 4414 1751 4486 civitatis
1771 4413 1922 4510 gloriam
1938 4415 2012 4487 ida

435 4535 602 4612 Domino,
617 4532 787 4604 collatum
803 4525 876 4621 est,
903 4546 943 4603 ut
962 4555 1075 4628 quum
1097 4545 1230 4602 caeterae
1247 4529 1349 4604 sedes
1366 4532 1612 4630 apostolorum
1628 4533 1784 4632 reliquiis
1800 4559 1928 4606 eorum
1943 4535 2014 4607 sint

437 4656 594 4752 privata,
608 4651 680 4724 hoc
695 4653 741 4724 de
757 4675 907 4724 romana
921 4651 1097 4723 Dominus
1113 4675 1188 4722 non
1204 4649 1336 4742 tulerit,
1347 4676 1394 4724 ne
1409 4652 1457 4725 ad
1471 4655 1778 4752 comparationem
1793 4653 1868 4750 ejus
1883 4667 2017 4728 coeoerae

436 4775 574 4873 possint
589 4771 749 4869 gloriari3
767 4773 841 4843 imo
857 4785 893 4843 ct
908 4770 955 4843 de
970 4793 1122 4868 corpore
1138 4771 1337 4869 coapostoli
1354 4770 1451 4844 Pauli
1466 4795 1546 4846 eam
1562 4773 1676 4846 voluit
1690 4772 1864 4870 insigniri,
1883 4786 1923 4844 ut
1938 4771 2015 4844 haec

470 5068 479 5097 ⁸
497 5068 595 5130 natu„
605 5083 661 5136 cap.
681 5084 766 5131 xxm,
781 5085 803 5119 r.
817 5071 895 5120 tt·
905 5068 915 5096 ¹
924 5069 997 5133 buc,
1009 5084 1065 5137 cap.
1086 5085 1148 5133 uu,
1163 5086 1188 5122 r.
1201 5072 1242 5122 ³3.
1253 5095 1285 5109 -
1295 5071 1306 5101 ⁸
1316 5093 1328 5114 ι
1339 5071 1408 5123 Absit
1421 5087 1434 5123 a
1449 5082 1489 5136 te,
1500 5071 1618 5135 Domine;
1633 5089 1681 5126 non
1695 5073 1741 5126 erit
1751 5071 1795 5126 tibi
1808 5073 1888 5126 boc.»
1904 5067 2018 5137 (laub.

435 5171 490 5222 cap.
503 5171 554 5218 ru,
566 5170 589 5206 v.
601 5155 698 5221 22.)-
710 5155 810 5214 ⁴1mn..
820 5170 877 5224 cap.
885 5171 926 5219 xv,
937 5170 962 5210 r.
977 5157 1015 5209 rt.
1029 5181 1057 5195 -·
1068 5155 1140 5210 'Aca
1149 5160 1243 5223 Aput,
1253 5171 1342 5227 caps,
1354 5173 1378 5210 r.
1387 5159 1413 5211 θ.
