4520 6104
372 593 376 601 '
456 594 525 681 ⁴88
882 593 1011 664 PETRI
1038 593 1272 669 sumntum
1298 595 1354 668 ΕΤ
1379 595 1605 669 HELOlSSAE

454 737 560 809 etiam
577 735 807 832 superirrisus
823 759 843 806 a
861 733 952 826 filio,
970 735 1258 813 maledictionem
1277 737 1313 808 iu
1333 763 1418 810 eum
1432 739 1593 829 intorsit„
1618 753 1654 810 et
1672 739 1849 815 servitutis
1866 741 2034 814 sententia

454 855 554 938 illum
588 855 756 953 obligavit
784 884 791 926 :
826 881 905 953 quae
928 871 1033 932 autea
1061 883 1287 956 nequaquam
1317 860 1407 932 facta
1432 885 1509 934 esse
1530 861 1776 958 cognovimns.
1798 861 1904 945 toth?
1923 864 2036 936 tirum

454 991 617 1072 sanctum
638 976 684 1051 ad
700 977 876 1062 incestum
894 978 1096 1052 nullatenus
1117 978 1209 1052 trabi
1227 981 1295 1052 uisi
1316 1005 1380 1080 per
1408 981 1614 1054 ebrietatem
1642 979 1721 1054 filiae
1739 982 1849 1080 ipsius
1876 983 2038 1080 provide-

455 1113 549 1192 runt.
569 1097 731 1196 Etbeata
751 1097 858 1170 vidua
876 1099 1071 1197 superbum
1084 1099 1381 1200 Holophernum²
1403 1126 1477 1174 non
1498 1102 1565 1174 nisi
1583 1101 1651 1174 hac
1673 1117 1747 1174 arte
1764 1102 1864 1176 tttudi
1883 1128 1989 1202 posse
2007 1120 2039 1176 ct

453 1219 632 1315 prosterni
656 1211 817 1290 credidit.
847 1217 999 1315 Angelos
1024 1219 1178 1315 antiquis
1205 1219 1365 1316 patribus
1392 1224 1645 1318 appareutcs³,
1680 1237 1716 1292 et
1740 1221 1857 1294 abeis
1884 1221 2038 1321 hospitio

454 1355 657 1437 susceptos,
675 1339 860 1430 carnibus,
877 1362 951 1411 non
966 1340 1071 1432 vino,
1090 1364 1172 1412 usos
1191 1365 1266 1412 esse
1282 1339 1443 1438 legimus
1454 1345 1503 1414 -Et
1516 1343 1671 1414 maximo
1685 1341 1735 1414 illi
1753 1357 1789 1414 et
1806 1343 1923 1442 primo
1943 1346 2039 1442 prin·

453 1460 524 1558 cipi
544 1474 668 1558 nostro
689 1459 796 1557 Etiaer
813 1461 848 1530 in
869 1458 1099 1532 solitudinem
1119 1458 1242 1552 latenti
1259 1462 1359 1534 corvi
1380 1485 1486 1536 mane
1502 1477 1538 1534 et
1554 1486 1701 1561 vespere
1716 1463 1818 1560 panis
1833 1478 1867 1535 et
1880 1464 2039 1536 carnium

454 1579 683 1672 alimoniam,
714 1605 789 1653 non
810 1581 890 1667 ,vini
911 1579 1170 1654 ministrabant.
1196 1581 1353 1680 Populus
1373 1583 1480 1654 etiam
1502 1582 1707 1657 israeliticus
1725 1582 1982 1658 delicatissimis
2005 1586 2040 1656 iu

456 1701 603 1785 heremo
622 1701 710 1773 cibis
731 1703 884 1787 maxime
909 1702 1135 1774 coturnicum
1160 1701 1353 1795 educatus,
1384 1703 1452 1777 nec'
1469 1704 1554 1774 vino
1573 1728 1658 1777 usus
1676 1703 1803 1794 fuisse,
1834 1728 1901 1775 uec
1925 1704 2041 1802 ipsum

454 1823 643 1920 appetiisse
662 1821 821 1918 legiturl.
848 1824 892 1919 Et
909 1820 1203 1916 refectioueslillae
1224 1847 1360 1920 panum
1376 1837 1412 1894 et
1434 1822 1608 1920 piscium,
1623 1822 1771 1920 ¹quibus
1796 1823 1833 1895 in
1852 1823 2043 1895 solitudine

453 1941 609 2040 populus
640 1939 926 2031 sustentabatur,
959 1943 1083 2014 vinum
1113 1965 1339 2039 nequaquam
1361 1941 1527 2014 habuisse
1558 1943 1771 2016 referuntur.
1805 1942 2044 2016 Solummodo

455 2063 591 2160 prrptiae'
605 2087 685 2160 quae
701 2060 959 2158 indulgentiam
976 2061 1133 2136 habent⁸
1149 2062 1413 2134 incontinentiae
1430 2063 1526 2153 vini,
1553 2064 1590 2134 in
1610 2087 1684 2161 quo
1703 2078 1769 2136 est·
1783 2063 1943 2153 luxuria,
1975 2064 2042 2135 rui·

456 2169 621 2254 raculum'
641 2180 856 2253 habuerunt.
881 2180 1043 2254 Solitudo
1070 2205 1177 2270 vero,
1206 2205 1285 2280 quae
1305 2182 1450 2280 propria
1478 2196 1530 2253 est
1560 2181 1820 2254 monachorum
1849 2181 2044 2275 habitatio,

456 2303 617 2380 carnium
644 2301 755 2398 magis
772 2323 880 2398 quam
900 2301 974 2372 vini
993 2299 1208 2373 beneficium
1229 2301 1340 2372 novit.
1370 2304 1516 2373 Summa
1537 2302 1643 2374 etiam
1664 2301 1722 2372 illa
1746 2303 1782 2372 iu
1809 2301 1907 2398 lege,
1933 2306 2047 2374 Naza-

457 2447 610 2524 raeorum
634 2421 780 2520 religio,
809 2446 935 2520 quase
958 2423 1116 2497 Domino
1137 2435 1368 2512 consecrant,
1400 2425 1525 2494 vinum
1552 2438 1589 2516 et
1614 2424 1714 2520 quod
1733 2422 1908 2496 inebriare
1928 2439 2050 2523 potest

457 2544 686 2620 solummodo
707 2543 841 2616 vitabat
853 2548 878 2612 ⁷.
899 2547 987 2630 Quae
1005 2567 1160 2640 namque
1179 2543 1314 2634 virtus,
1336 2543 1435 2639 quod
1450 2542 1588 2616 boumn
1608 2545 1644 2616 iu
1663 2543 1769 2616 ebriis
1784 2545 1927 2616 manet?
1943 2544 2052 2618 Unde

457 2691 543 2768 ιιοιι,ξ
558 2665 675 2750 solum
700 2665 848 2754 vinuur,
874 2664 1105 2736 verumetiam
1130 2687 1239 2737 omne
1265 2662 1365 2760 quod
1385 2662 1561 2741 inebriare
1583 2678 1701 2762 potest
1721 2665 1875 2762 antiquis
1902 2689 2054 2762 quoque

459 2785 702 2885 sacerdotibus
731 2784 881 2882 legimus
907 2782 1080 2857 interdici.
1111 2785 1165 2854 De
1191 2807 1264 2880 quo
1283 2783 1522 2879 Hieronymus
1549 2781 1594 2856 ad
1615 2784 1875 2881 Nepotianum,
1904 2783 1952 2856 de
1980 2786 2055 2856 vita

457 2907 668 3000 clericorum
682 2903 840 2976 scribens
850 2905 882 2996 ⁸,
897 2919 934 2976 et
946 2903 1098 3002 graviter
1115 2903 1325 3000 indignans,
1344 2902 1444 3001 quod
1457 2902 1659 2976 sacerdotes
1670 2903 1756 3000 legis
1771 2902 1817 2977 ab
1835 2904 1935 2976 omni
1949 2903 2057 3002 quod

459 3025 634 3130 inebriare
649 3039 766 3129 potest
778 3024 993 3121 abstinentes
1006 3038 1148 3098 nostros
1162 3023 1199 3094 in
1218 3022 1285 3094 hac
1302 3022 1515 3096 abstinentia
1529 3037 1721 3121 superent:
1741 3051 1758 3091 ιι
1775 3027 2056 3121 Nequaquam‚o

456 3149 594 3245 inquit,
619 3177 635 3217 ιι
654 3148 778 3250 vipqm
795 3141 978 3233 redoleas,
1001 3169 1048 3215 ue
1066 3142 1189 3214 audias
1207 3141 1296 3216 illud
1315 3141 1522 3242 Philosophi
1548 3170 1555 3212 :
1583 3171 1601 3212 a
1624 3147 1702 3215 Hoc
1722 3167 1797 3214 uon
1816 3157 1870 3216 est
1885 3143 2060 3216 osculum

459 3297 476 3336 ιι
498 3264 994 3372 ροιιίςειε,,εει1·ριορὶιιιιιο.
1012 3291 1030 3331 ιι
1052 3261 1263 3334 Vinolentos
1282 3260 1484 3334 sacerdotes
1501 3278 1535 3334 et
1554 3262 1746 3362 Apostolus
1759 3259 1925 3350 damnat,
1947 3279 1988 3336 ct
2002 3262 2061 3336 lex

457 3402 558 3459 vetus
579 3384 744 3482 prohibet
763 3411 770 3452 :
791 3383 895 3470 «Qui
918 3382 1043 3456 altario
1066 3382 1286 3472 deserviunt,
1307 3383 1432 3452 viuum
1449 3397 1485 3453 et
1502 3383 1651 3454 siceram
1677 3406 1752 3454 nou
1773 3380 1931 3454 hibentt
1953 3409 1974 3448 ιι
2005 3382 2064 3454 si-

457 3482 538 3580 cera
558 3504 702 3578 hehraeo
726 3527 891 3578 sermone
918 3503 1036 3574 omnis
1056 3504 1156 3602 potio
1176 3517 1425 3601 nuncupatur,
1445 3527 1523 3599 quae
1548 3502 1724 3576 inebriare
1742 3516 1878 3602 potest,
1896 3502 1977 3574 sive
2000 3502 2067 3574 illa

458 3652 536 3724 qoae
555 3627 730 3698 fermento
744 3622 956 3714 coniicitur,
975 3623 1047 3696 sive
1067 3647 1260 3724 pomorum
1275 3647 1404 3714 succo,
1425 3638 1486 3694 aut
1505 3623 1573 3695 favi
1591 3622 1842 3720 decoquuntur
1855 3623 1890 3694 in
1907 3621 2068 3696 dulcem

463 3761 498 3817 et
525 3743 716 3816 herbarum
738 3743 945 3841 potionem,
976 3757 1037 3814 aut
1057 3742 1256 3840 palmarum
1285 3743 1418 3816 fructus
1435 3745 1683 3841 exprimuntur
1700 3743 1737 3814 in
1755 3743 1963 3841 liquorem,
1999 3767 2069 3814 co-

463 3868 598 3964 ctisque
629 3863 786 3961 frugibus
813 3889 904 3960 aqua
931 3863 1311 3962 pinguiorcoloratur.
1334 3863 1520 3962 Quidquid
1540 3863 1692 3938 inebriat
1713 3879 1748 3936 et
1768 3878 1898 3935 statum
1922 3865 2073 3937 mentis

463 3988 605 4075 evertit,
626 3987 706 4082 iuge
726 3964 885 4059 similiter
902 3984 1095 4065 utvinum.
1118 4013 1136 4050 o
1166 3987 1217 4054 Ex
1243 3982 1364 4080 regula
1392 3985 1504 4056 sancti
1529 3984 1701 4073 Pacomii,
1728 3983 1854 4054 vinum
1879 3997 1914 4054 et
1942 3981 2076 4081 liqua-

463 4133 546 4183 men
574 4081 707 4206 absque
722 4105 801 4201 loco
815 4081 1061 4201 aegrotantium
1075 4103 1194 4175 nullus
1207 4104 1366 4200 attingat.
1385 4104 1472 4190 Quis
1486 4104 1592 4176 etiam
1607 4117 1764 4179 vestrum
1776 4105 1796 4140 ¹⁰
1813 4126 1888 4173 nou
1901 4103 2077 4175 audierit

463 4231 588 4328 vinum
604 4227 865 4323 monachorum
883 4227 1024 4326 penitus
1041 4250 1115 4298 non
1133 4249 1229 4321 esse,
1248 4242 1284 4298 et
1296 4225 1333 4296 in
1347 4239 1487 4298 tantum
1509 4224 1596 4297 olim
1617 4223 1838 4300 amonachis
1850 4223 2075 4318 abhorreri,

465 4367 503 4424 ut
521 4350 566 4445 ah
587 4351 666 4457 ipso
684 4347 914 4420 vehementer
935 4346 1165 4420 dehortantes
1187 4347 1304 4446 ipsum
1323 4347 1489 4418 Satanam
1514 4343 1761 4445 appellarent?
1779 4343 1881 4416 Unde
1900 4345 1940 4415 in
1970 4349 2080 4418 Vitis

464 4479 615 4544 Petrum
637 4471 806 4570 scriptum
823 4467 973 4565 legimus
987 4471 1030 4538 ¹¹:
1056 4495 1073 4534 ιι
1096 4472 1335 4556 Narraverunt
1348 4466 1501 4563 quidam·
1525 4465 1645 4540 abbati
1664 4465 1800 4537 Pastori
1823 4463 1869 4537 de
1892 4467 2082 4562 quodam

465 4591 644 4665 monacho
670 4591 759 4689 ¹quia
788 4612 860 4690 uon
885 4586 1030 4660 bibebat
1055 4589 1199 4678 viuum,
1223 4604 1259 4660 et
1276 4586 1363 4692 dixit
1390 4587 1462 4658 eis:
1485 4587 1612 4675 «Quia
1639 4586 1762 4656 vinum
1790 4584 2084 4665 monachorum

469 4741 486 4779 ι(
504 4711 653 4782 omnino
671 4684 745 4808 nort
759 4724 823 4780 est.
840 4735 857 4802 ιι
874 4711 961 4779 Item
976 4722 1057 4808 post
1072 4707 1189 4806 aliqua
1206 4735 1251 4807 ².“
1267 4712 1372 4787 Facta
1385 4721 1440 4778 est
1450 4705 1645 4804 aliquando
1658 4703 1850 4778 celebratio
1866 4704 2088 4804 missarum

272 4832 286 4853 '
348 4901 359 4910 ,
464 4832 504 4925 Ιἰιι
523 4842 646 4928 monte
663 4827 799 4930 abbatis
820 4826 1041 4931 hutonii,et
1057 4828 1243 4902 inventum
1271 4842 1324 4899 est
1342 4826 1390 4898 ibi
1413 4825 1594 4900 cenidium
1622 4825 1716 4916 vini,
1742 4840 1778 4897 et
1807 4823 1938 4898 tollens
1975 4853 2090 4902 unus

501 5062 508 5087 ¹
522 5061 618 5118 Genea,
628 5075 683 5126 cap.
700 5075 742 5109 ιιι
752 5095 759 5120 ,
771 5074 794 5110 ι.
810 5059 841 5108 ³8
855 5068 880 5108 et
891 5059 932 5110 at.
942 5056 1106 5120 -¹Jactttt,
1116 5073 1171 5128 cap.
1187 5074 1240 5109 xut.
1274 5073 1299 5109 r.
1312 5058 1375 5108 3.-
1392 5057 1402 5084 ⁸
1414 5057 1491 5127 Epist.
1505 5074 1591 5123 xxxiv,
1608 5059 1670 5120 Opp.
1682 5066 1698 5106 t.
1711 5055 1753 5118 ll,
1770 5055 1816 5108 col.
1831 5056 1889 5106 aet.
1904 5081 1937 5092 -
1957 5055 1970 5083 ⁰
1986 5059 2093 5120 Lepte„

467 5145 515 5184 -³
528 5130 624 5202 Getica,
638 5143 817 5208 caprona.
834 5141 992 5212 ¹.-⁴ch.
1005 5143 1053 5207 tlt,
1071 5161 1126 5211 cap.
1140 5159 1241 5198 xvu.-·
1275 5159 1365 5210 capr.
1379 5173 1406 5182 -
1421 5143 1443 5172 ¹⁰
1461 5135 1573 5196 Nostrum
1592 5143 1642 5196 ttS.
1656 5142 1728 5194 hmb.
1742 5141 1802 5181 -“
1817 5143 1843 5194 Ιιι
1861 5141 1920 5194 too
1940 5143 2095 5209 Patren,

467 5233 583 5289 ‘lacem
594 5223 650 5294 c‘ap.
660 5223 719 5278 stu.
733 5255 760 5265 -
768 5225 780 5256 ⁸
789 5217 871 5290 leam,
883 5242 939 5294 cap.
949 5243 976 5278 ιι.
986 5253 1018 5266 -
1028 5225 1038 5255 ¹
1049 5229 1131 5288 Nero„
1141 5242 1196 5294 cap.
1209 5242 1242 5289 rr,
1275 5245 1302 5296 p.
1318 5225 1376 5278 tto.
