4496 6102
720 546 1306 685 rusnrrmcnsrmsnauo.
1572 671 1597 718 ⁶
1732 597 1806 670 aas

225 723 411 823 gaudiosit
431 727 726 826 comparandum.
748 731 856 819 Quod
875 731 1081 832 philosophi
1103 735 1247 826 mundi,
1271 733 1448 808 mundum
1472 723 1625 812 maxime
1645 729 1805 812 contem·

225 862 366 938 nentes,
383 846 474 920 adeo
488 866 722 943 censuerunt,
737 866 777 923 ut
788 877 902 950 quum
922 879 960 927 se
974 853 1095 928 multis
1106 857 1207 927 annis
1218 857 1346 928 vixisse
1362 873 1570 948 cernerent,
1587 883 1648 930 eos
1667 874 1806 932 tanturn

219 965 300 1052 ¹dies
313 965 527 1040 ascriberent
543 971 623 1043 vitae
639 995 730 1064 suae,
745 995 837 1070 quos
852 997 890 1045 se
901 973 977 1046 sine
990 973 1151 1046 molestia
1163 974 1443 1047 recordabantur
1454 979 1565 1074 egisse
1582 1004 1589 1048 :
1606 978 1663 1050 vix
1675 979 1711 1048 in
1725 1003 1807 1049 cen-

225 1104 301 1162 tum
311 1092 413 1186 annis
431 1091 652 1164 invenientes
669 1091 762 1163 duos
772 1092 867 1184 dies,
882 1118 973 1190 quos
986 1093 1054 1192 ipsi
1069 1095 1261 1166 morientes
1274 1095 1463 1194 sepulturae
1479 1121 1550 1168 suae
1562 1097 1664 1169 titulo
1682 1099 1806 1169 inscri-

224 1209 362 1304 berent,
374 1236 486 1310 quum
498 1210 638 1286 dierum
648 1213 726 1284 vitae
734 1216 1167 1312 numernmassignarent.
1179 1216 1289 1288 Jacob
1300 1216 1513 1315 patriarcha,
1523 1219 1642 1290 verior
1652 1218 1717 1288 Dei
1729 1216 1808 1314 phi·

223 1329 395 1430 losopbus
412 1355 521 1428 qnam
539 1331 685 1424 mundi,
711 1334 947 1432 interrogatus
966 1359 987 1407 a
1006 1334 1190 1408 Pharaone
1209 1351 1297 1433 quot
1315 1337 1394 1408 vitae
1417 1335 1493 1409 dies
1508 1338 1674 1427 haberet,
1694 1361 1807 1435 quum

224 1475 286 1524 rex
311 1477 393 1524 eum
417 1455 639 1552 conspiceret
662 1453 884 1552 longaevum,
908 1455 1137 1556 respondit¹:
1166 1459 1283 1530 «Dies
1301 1459 1593 1557 peregrinationis
1614 1461 1694 1531 ritae
1719 1483 1807 1532 meae

224 1587 369 1646 centum
384 1575 524 1671 triginta
542 1599 721 1648 annorum
740 1591 834 1650 sunt.
853 1607 873 1646 ιι
894 1582 934 1650 Ιιι
952 1603 1024 1676 qua
1038 1579 1185 1677 quidem
1205 1580 1484 1680 interrogatione
1496 1581 1553 1654 vel
1573 1583 1807 1681 responsione

224 1692 410 1790 diligenter
426 1694 531 1767 nobis
549 1695 762 1771 intuendum
780 1713 850 1786 est,
867 1700 967 1795 quod
984 1724 1097 1797 quum
1107 1699 1220 1772 homo
1234 1701 1385 1798 gentilis,
1400 1703 1500 1799 quasi
1516 1725 1607 1774 verae
1618 1704 1697 1774 vitae
1711 1704 1806 1800 igna-
1878 1749 1879 1752 =

224 1837 303 1904 rus,
318 1812 365 1885 de
378 1811 504 1887 diebus
522 1815 601 1886 vitae
619 1817 832 1914 requireret,
852 1841 1081 1917 nequaquam
1098 1819 1211 1892 homo
1223 1837 1366 1894 sanctus
1386 1823 1495 1894 vitam
1514 1823 1617 1894 istam
1638 1838 1807 1920 reputans

223 1931 332 2004 vitam
349 1957 467 2024 suam,
484 1925 806 2032 peregrinationem
821 1939 901 2010 vitae
914 1939 1033 2038 potius
1046 1964 1155 2037 quam
1170 1941 1283 2012 vitam
1294 1942 1433 2014 censuit
1449 1927 1698 2041 appellandam
1716 1967 1805 2014 esse.

225 2057 271 2124 Ut
288 2054 384 2125 enim
401 2055 589 2154 Apostolus
604 2058 690 2128 ait':
710 2085 729 2126 ιι
743 2061 839 2129 Dum
856 2081 978 2130 sumus
990 2060 1027 2131 in
1042 2085 1211 2158 corpore,
1226 2063 1496 2160 peregrinamur
1507 2087 1527 2134 a
1540 2067 1639 2153 Deo,
1656 2091 1674 2131 ιι
1694 2078 1729 2135 ct
1746 2083 1821 2161 per·

225 2170 367 2243 erilium
384 2198 618 2273 properamus
632 2175 678 2246 ad
692 2177 862 2274 patriam,
882 2193 917 2248 et
929 2179 1030 2275 quasi
1046 2203 1112 2277 per
1127 2195 1281 2252 mortem
1297 2180 1502 2253 festinamus
1519 2181 1566 2252 ad
1583 2183 1704 2252 vitem.
1724 2183 1810 2268 Qui·

224 2288 291 2361 bus
309 2291 407 2363 idem
426 2291 510 2364 alibi
522 2293 714 2391 Apostolus
730 2295 820 2366 ait⁸z
841 2323 862 2364 ιι
876 2297 913 2367 8ἱ
923 2299 1193 2372 consurrexistis
1206 2323 1289 2371 cunr
1301 2300 1461 2392 Christo,
1476 2325 1555 2397 quae
1571 2324 1713 2370 sursum
1724 2314 1809 2371 sunt

225 2411 385 2506 quaerite,
408 2411 470 2482 ubi
485 2412 648 2485 Christus
664 2427 716 2486 est
735 2414 781 2486 ad
801 2414 982 2488 dexteram
1001 2417 1068 2488 Dei
1081 2415 1229 2489 sedens:
1244 2441 1323 2515 quae
1341 2443 1482 2490 sursum
1495 2432 1579 2490 sunt
1589 2418 1717 2515 sapite,
1733 2438 1808 2490 non

225 2555 303 2627 quae
311 2557 419 2630 super
431 2547 574 2604 terram.
591 2537 721 2607 Mortui
744 2537 840 2606 enim
855 2537 954 2628 estis,
969 2551 1005 2610 et
1020 2539 1091 2610 vita
1104 2551 1220 2610 vestra
1232 2539 1439 2611 abscondita
1451 2555 1504 2611 est
1516 2563 1599 2610 cunr
1614 2538 1754 2632 Christo
1771 2539 1808 2610 in

223 2654 314 2722 Deo.
337 2679 355 2718 u
375 2651 608 2742 Abscondita,
628 2655 762 2750 inquit,
785 2668 838 2728 est
858 2659 929 2726 vita
950 2656 1129 2746 fidelium,
1150 2657 1241 2726 sicut
1258 2651 1444 2726 manifesta
1461 2660 1531 2730 vita
1549 2658 1806 2756 reproborum,

225 2769 287 2864 qui
303 2767 374 2840 hoc
396 2768 539 2842 erilium
557 2794 625 2867 pro
646 2771 760 2868 patria
778 2771 933 2862 ducunt,
954 2785 990 2843 et
1006 2774 1109 2868 quasi
1124 2751 1289 2843 concives‘
1299 2773 1558 2868 jumentorum,
1574 2789 1647 2845 tarn
1658 2799 1810 2873 corpore

225 2915 334 2987 quam
347 2903 467 2962 mente
485 2891 521 2960 in
533 2905 664 2962 terram
675 2893 801 2989 proni,
820 2915 1047 2990 nequaqnam
1066 2915 1145 2989 quae
1160 2915 1303 2966 sursum
1317 2907 1398 2964 sunt
1413 2909 1592 2989 quaerunt,
1612 2919 1679 2968 nec
1691 2897 1810 2966 conci·

226 3032 286 3080 ves
306 3033 382 3081 esse
407 3023 569 3107 satagunt
585 3008 807 3105 angelorum.
828 3014 933 3082 Terra
947 2991 1082 3110 quippe
1100 3012 1165 3084 ista
1184 3012 1297 3084 brutis
1311 3012 1523 3084 animalibus
1540 3037 1607 3112 pro
1625 3015 1754 3112 patria,
1776 3030 1811 3085 et

225 3130 461 3229 vitapraeens
473 3145 662 3202 eorumest
673 3132 836 3230 propria,
852 3131 1020 3230 adquam
1038 3132 1152 3205 solam
1167 3133 1242 3232 ipsa
1261 3149 1400 3206 constat
1412 3159 1487 3206 esse
1505 3151 1622 3207 creata
1639 3152 1713 3208 tam
1731 3159 1809 3209 cor·

224 3274 315 3348 pore
334 3273 444 3348 quam
467 3249 586 3320 anima
606 3247 667 3319 hic
683 3248 850 3322 desinare.
873 3255 1010 3322 Horum
1031 3251 1137 3349 igitur
1153 3268 1249 3326 recte
1271 3253 1438 3326 concives
1459 3253 1604 3326 dicendi
1619 3269 1719 3346 sunt,
1747 3258 1810 3353 qui

224 3369 386 3442 sensibus
405 3369 517 3467 magis
529 3393 638 3466 quam
654 3371 792 3442 ratione
810 3385 1001 3468 reguntur,
1017 3385 1054 3443 et
1068 3371 1262 3444 coelestium
1276 3373 1379 3445 obliti
1395 3373 1441 3446 ad
1459 3397 1537 3470 quae
1553 3387 1637 3446 sunt
1654 3375 1806 3466 conditi,

225 3489 310 3562 solis
327 3487 465 3562 inhiant
490 3489 655 3580 terrenis,
676 3489 833 3587 pecudes
849 3491 960 3587 magis
977 3515 1087 3588 quarn
1103 3491 1269 3564 homines
1286 3493 1452 3564 vocandi.
1475 3495 1547 3582 Qui
1566 3509 1665 3567 tanto
1683 3496 1810 3568 arden·

226 3612 295 3682 tius
311 3611 390 3682 vitae
407 3609 514 3705 hujus
529 3609 802 3682 amaritudinem
815 3626 1009 3708 appetunt,
1028 3627 1163 3709 quanto
1180 3615 1305 3686 futurae
1322 3613 1550 3687 dulcedinem
1562 3616 1812 3688 minusadver-

225 3745 318 3802 tunt.
344 3728 396 3801 sd
422 3755 531 3826 quarn
557 3728 616 3801 ille
643 3727 874 3802 vehementer
897 3730 1094 3830 suspirabat
1116 3733 1209 3804 inter
1230 3735 1342 3831 regias
1367 3733 1510 3832 epulas,
1540 3737 1603 3832 qui
1624 3735 1807 3809 dicebat*:

227 3880 247 3916 a
261 3854 380 3938 Quam
393 3871 522 3946 magna
536 3847 727 3920 multitudo
739 3847 938 3920 dulcedinis
956 3832 1043 3940 tuae,
1058 3852 1232 3941 Domine,
1246 3875 1355 3948 quam
1372 3853 1588 3926 abscondisti
1607 3855 1812 3927 timentibus

225 3967 282 4041 tel
300 3997 318 4036 ιι
340 3968 558 4041 Timentibus
577 3973 693 4042 Deum
709 3970 828 4068 potius
848 3994 962 4067 quam
978 3969 1156 4041 mundum
1169 4025 1179 4060 ,
1194 3986 1231 4043 et
1248 3973 1375 4043 animae
1392 3975 1502 4071 magis
1520 3999 1629 4072 quam
1651 3979 1810 4074 corporis

224 4087 413 4160 damnum.
433 4092 515 4159 llaec
529 4087 683 4161 dulcedo
698 4088 826 4160 dicitur
836 4087 1062 4181 abscondita,
1082 4104 1254 4188 tanquam
1266 4091 1317 4162 eis
1330 4091 1414 4164 solis
1432 4093 1470 4164 in
1484 4091 1642 4164 flaturum
1656 4097 1810 4192 reposita

224 4223 266 4284 et
282 4223 457 4280 reservata
470 4261 480 4299 ,
495 4231 571 4280 non
588 4233 656 4307 pro
669 4207 831 4306 reprobis
843 4209 1153 4282 communicanda.
1313 4189 1319 4200 ³

278 4331 354 4398 Hoc
369 4325 458 4398 illud
474 4342 529 4399 est
544 4351 677 4399 manua
691 4327 941 4400 absconditum
955 4327 1056 4426 quod
1068 4331 1106 4402 in
1117 4329 1335 4427 Apocalypsi
1348 4330 1497 4428 legimus
1515 4334 1702 4404 aDomino
1719 4333 1809 4406 fide·

222 4449 594 4548 libuspromissum⁸z
619 4451 835 4541 «Vincenti,
855 4478 872 4517 u
892 4451 1027 4548 inquit,
1048 4449 1177 4524 «dabo
1194 4474 1326 4524 manna
1343 4452 1611 4543 absconditum,
1632 4481 1649 4520 ιι
1669 4453 1808 4527 honest
1924 4521 1930 4532 .

223 4568 379 4642 coelestis
395 4569 498 4667 panis
516 4569 757 4641 relectionem.
778 4575 817 4640 ln
837 4570 938 4666 cujus
951 4584 1077 4669 typum
1093 4572 1278 4669 corporale
1296 4597 1429 4646 manna
1456 4572 1575 4645 refecit
1602 4575 1639 4644 in
1668 4573 1809 4646 deserto

221 4687 423 4788 populum,
444 4687 545 4784 cujus
562 4688 758 4761 satietatem
776 4689 806 4760 is
819 4713 966 4788 quoque
983 4705 1023 4762 ut
1041 4690 1194 4763 diximus
1216 4691 1439 4764 confidenter
1464 4693 1673 4791 expectabat
1695 4717 1811 4790 quum

222 4807 383 4880 diceret‘
403 4833 411 4878 ι
435 4838 453 4876 u
465 4807 628 4880 satiabor
645 4825 757 4906 quum
776 4810 979 4908 apparuerit
998 4810 1108 4908 gloria
1123 4825 1194 4883 tua.
1212 4839 1231 4880 ιι
1253 4811 1390 4898 Quibus
1410 4813 1532 4910 utiquc
1543 4812 1602 4885 hic
1617 4839 1656 4887 se
1670 4837 1810 4914 semper

264 5117 274 5141 ¹
294 5115 390 5174 Genea„
402 5129 459 5182 cap.
472 5131 552 5177 ιιιιι,
564 5129 588 5166 ι.
604 5114 689 5166 θ.·-·
703 5115 1102 5184 ΰοήιιιιι.11,ιιρ.ι,ι.6.-“
1115 5119 1217 5182 Colore,
1235 5131 1290 5185 cap.
1304 5135 1344 5182 ιιι,
1364 5136 1387 5169 ι.
1411 5119 1491 5170 t.-‘
1502 5120 1589 5172 Psalm.
1610 5137 1675 5182 ιιι,
1688 5137 1711 5171 ι.
1727 5123 1767 5175 20.
1781 5149 1810 5159 -

222 5203 235 5231 ⁸
251 5205 345 5265 apoc,
355 5217 412 5268 cap.
424 5217 493 5266 ιι,ι.
508 5205 545 5254 ll.
558 5202 706 5255 -⁸Psalm.
719 5219 774 5268 ιιι,
787 5217 812 5254 ι.
830 5205 868 5254 15.
