4496 6102
444 597 516 669 tat
865 675 892 726 ⁰
1040 596 1168 667 PETRI
1194 594 1430 668 tnAEttttnt

442 736 546 808 nobis
564 738 664 827 vitia,
687 759 752 806 nos
767 736 863 833 ipsos
877 759 1116 832 preparemus
1129 750 1298 833 tanquam
1311 735 1467 807 hostiam
1479 735 1656 806 viventem
1671 746 1707 804 et
1719 736 1795 802 Deo
1809 731 2019 830 placentem.

443 859 556 925 Nemo
572 856 667 925 enim
686 852 732 923 ad
748 854 823 948 ejus
839 853 1012 942 hostiam,
1032 877 1110 949 quae
1128 878 1225 925 nunc
1238 853 1457 950 generaliter,
1473 853 1605 951 pascha
1615 852 1836 939 imminente,
1853 852 2024 922 universis

442 973 655 1069 proponitur
672 959 889 1060 christianis,
913 972 1019 1070 digne
1042 971 1217 1057 accedere,
1230 973 1380 1070 poterit,
1400 973 1468 1043 nisi
1490 996 1528 1042 se
1545 970 1604 1042 ille
1621 972 1720 1068 prius
1738 968 1862 1057 talem,
1884 986 1922 1061 ut
1941 969 2024 1039 dlxi-

443 1114 538 1178 mus,
559 1089 713 1160 hostiam
735 1090 996 1188 praeparaverit.
1017 1089 1179 1186 Alioquin
1199 1090 1244 1162 de
1263 1113 1384 1160 mensa
1396 1091 1475 1162 vitae
1490 1104 1643 1164 mortem
1661 1112 1862 1176 sumemus,
1878 1105 1914 1159 et
1924 1091 2023 1184 quasi

443 1234 508 1307 pro
527 1209 609 1281 cibo
631 1235 810 1282 venenum
828 1210 1045 1282 hauriemus.
1066 1210 1169 1282 Unde
1190 1225 1226 1281 et
1248 1210 1436 1308 Apostolus
1454 1209 1645 1281 Corinthiis
1666 1211 1756 1280 ait¹:
1777 1209 2023 1305 «Quicunque

443 1327 710 1400 manducaverit
727 1353 877 1426 panem,
897 1328 953 1400 vel
969 1329 1098 1430 biberit
1114 1329 1259 1401 calicem
1280 1330 1425 1400 Domini
1445 1327 1607 1424 indigne,
1625 1351 1706 1398 reus
1723 1327 1788 1398 erit
1805 1327 1966 1424 corporis
1990 1343 2024 1398 et

442 1449 621 1544 sanguinis
636 1449 794 1519 Domini.
813 1449 944 1520 Probet
962 1463 1081 1520 autem
1098 1451 1255 1546 seipsum
1272 1449 1405 1537 homo,
1425 1450 1528 1518 etsie
1547 1448 1593 1518 de
1612 1471 1704 1544 pane
1724 1446 1784 1516 illo
1805 1446 1909 1536 edat,
1930 1463 1964 1518 et
1979 1445 2023 1518 de

413 1539 550 1638 'calice
573 1565 681 1637 bibat.
710 1567 781 1653 Qui
803 1568 900 1636 enim
919 1565 1111 1636 manducat
1136 1582 1170 1636 et
1193 1565 1282 1637 bibit
1306 1565 1472 1662 indigne,
1491 1565 1666 1660 judicium
1692 1565 1758 1635 sibi
1779 1565 1970 1636 manducat
1990 1579 2024 1636 et

443 1684 549 1775 bibit,
568 1710 641 1755 non
655 1685 853 1781 dijudicans
867 1709 997 1783 corpus
1011 1685 1169 1755 Domini.
1185 1713 1199 1750 n
1215 1683 1315 1756 ldem
1326 1684 1372 1756 ad
1389 1685 1599 1756 Hebraeos¹2
1620 1683 1846 1769 «Habemus,
1861 1711 1879 1750 u
1895 1685 2020 1781 inquit,
2046 1665 2055 1686 ⁸

446 1835 463 1872 n
481 1805 608 1894 altare,
629 1804 674 1875 de
692 1829 765 1901 quo
784 1805 891 1876 edere
908 1829 983 1875 non
1002 1805 1135 1876 habent
1147 1819 1376 1903 potestatem,
1389 1807 1450 1901 qui
1462 1803 1690 1876 tabernaculo
1702 1804 1917 1884 deserviunt.
1933 1807 2024 1890 Quo-

444 1951 525 1996 rum
542 1928 638 1996 enim
659 1926 863 1997 animalium
879 1925 1191 2022 infertursanguis
1208 1949 1275 2024 pro
1294 1941 1440 2023 peccato
1459 1927 1495 1996 in
1513 1939 1633 1996 sancta
1650 1949 1714 2023 per
1733 1923 1940 2023 pontificem
1962 1924 2024 1994 ho-

445 2069 525 2114 rum
543 2067 694 2141 corpora
710 2059 914 2115 cremantur
933 2059 1030 2115 extra
1048 2059 1172 2116 castra.
1196 2048 1343 2142 Propter
1362 2045 1462 2141 quod
1479 2061 1514 2117 et
1534 2051 1632 2117 lesus
1649 2059 1688 2115 ut
1708 2041 1941 2116 sanctificaret
1963 2067 2026 2140 per

445 2189 549 2235 suum
576 2166 783 2261 sanguinem
811 2165 1010 2264 populum,
1037 2180 1135 2236 extra
1155 2180 1295 2264 portam
1314 2189 1437 2264 passus
1459 2182 1522 2238 est.
1550 2171 1723 2238 Exeamus
1744 2167 1850 2262 igitur
1874 2165 1920 2235 ad
1944 2189 2025 2235 eurn

446 2299 542 2354 extra
560 2298 695 2373 castra,
721 2285 979 2382 improperium
999 2285 1075 2379 ejus
1099 2295 1295 2382 portantes.
1321 2289 1399 2355 Non
1428 2287 1524 2356 enim
1546 2284 1606 2356 hic
1624 2284 1798 2356 habemus
1823 2299 2026 2356 manentem

445 2403 645 2489 civitatem,
666 2401 729 2472 sed
747 2401 899 2472 suturam
921 2402 1178 2497 inquirimus.»
1201 2401 1316 2472 Altare
1339 2417 1502 2474 nostrum
1524 2402 1632 2474 altare
1656 2403 1784 2474 Christi
1805 2417 1874 2490 est,
1895 2403 1931 2470 in
1954 2425 2025 2497 quo

447 2517 657 2591 sacrificium
677 2520 752 2614 ejus
770 2519 1010 2609 celebramus,
1032 2521 1106 2590 imo
1123 2522 1242 2618 ipsum
1268 2522 1304 2590 in
1325 2535 1545 2593 sacramento
1565 2523 1701 2621 proprii
1721 2523 1882 2620 corporis
1897 2537 1932 2592 et
1951 2546 2027 2592 san·

447 2639 561 2732 guinis
574 2639 665 2736 patri
677 2637 868 2710 offerimus.
885 2643 937 2709 De
949 2663 1022 2734 quo
1036 2647 1158 2709 sancto
1171 2639 1271 2710 altari
1285 2640 1390 2711 edere
1410 2665 1484 2712 non
1496 2639 1630 2713 habent
1650 2643 1713 2737 qui
1731 2639 1958 2713 tabernaculo
1971 2639 2026 2710 de

447 2758 625 2842 serviunt,
646 2759 729 2852 quia
742 2757 788 2828 de
800 2756 871 2827 hoc
889 2771 987 2830 tanto
1006 2781 1047 2828 ac
1066 2757 1212 2854 spiritali
1230 2757 1401 2830 sacrificio
1415 2758 1514 2855 digni
1531 2783 1669 2830 sumere
1684 2783 1759 2830 non
1777 2773 1860 2830 sunt
1877 2759 1939 2856 qui
1952 2781 2025 2828 car·

447 2875 572 2946 naliter
592 2877 726 2947 vivunt.
745 2875 1025 2946 'sabernaculum
1046 2877 1179 2975 quippe
1199 2876 1286 2948 dicit
1304 2877 1409 2973 hujus
1429 2878 1586 2950 mortalis
1608 2877 1785 2976 corporis,
1809 2876 1908 2973 quod
1933 2901 2027 2948 nunc

346 3017 355 3032 ·
447 2991 619 3064 habemus
643 2992 900 3082 habitaculum,
921 2992 1020 3090 quod
1039 2992 1244 3066 dissolubile
1265 3009 1316 3066 est
1335 2983 1441 3092 atque
1461 2993 1662 3082 infirmum,
1684 2995 1774 3065 sicut
1787 2992 2024 3083 tabernacula,

447 3112 484 3184 id
498 3127 551 3184 est
564 3113 770 3185 umbracula
788 3128 972 3212 pastorum
995 3113 1051 3183 vel
1071 3115 1395 3211 peregrinantium,
1414 3140 1493 3212 quse
1515 3139 1590 3186 non
1615 3128 1698 3185 sunt
1718 3113 1827 3184 firmae
1845 3114 1975 3184 domus
1987 3139 2028 3185 ac

446 3233 603 3322 stabiles,
626 3234 690 3304 sed
709 3231 878 3321 mobiles,
895 3245 930 3303 et
946 3233 993 3302 ad
1008 3231 1190 3308 modicum
1206 3232 1444 3304 inhabitandae
1459 3235 1673 3304 mansiones.
1690 3231 1930 3303 Tahemaculo
1944 3257 2027 3329 ergo

450 3351 622 3438 deservit,
643 3353 705 3449 qui
721 3351 879 3422 mortalis
898 3351 1013 3421 carnis
1034 3352 1329 3449 concupiscentiis
1351 3351 1485 3423 obedit.
1512 3351 1718 3448 Regendum
1746 3367 1799 3422 est
1821 3376 1969 3449 corpus,
1994 3365 2029 3422 et

450 3493 534 3543 earo
566 3472 702 3569 spiritui
734 3469 977 3564 subjicienda,
1011 3470 1141 3540 servire
1171 3470 1289 3568 potius
1317 3467 1426 3566 quenl
1455 3470 1633 3543 dominari
1666 3472 1784 3568 digna.
1813 3471 1836 3537 'n
1866 3475 2028 3558 Quorum

451 3589 569 3676 enim,
593 3605 659 3660 etc.
679 3618 697 3654 »
720 3595 767 3658 Ac
789 3591 817 3658 si
842 3602 962 3684 aperte
989 3587 1085 3658 dicat
1108 3615 1115 3656 :
1140 3593 1234 3660 Bene
1265 3588 1337 3659 dixi
1359 3614 1421 3662 eos
1448 3615 1673 3688 nequaquam
1701 3589 1872 3662 sacrificio
1901 3590 2029 3661 Christi

334 3747 338 3754 ·
451 3707 599 3803 dignos,
615 3709 678 3803 qui
694 3706 922 3778 tabernaculo
943 3707 1163 3796 deserviunt,
1180 3706 1249 3797 hoc
1268 3723 1335 3794 est,
1357 3709 1556 3781 carnalibus
1578 3708 1762 3804 indulgent
1777 3710 2030 3807 concupiscen-

451 3826 519 3895 tiis.
539 3830 616 3894 Hoc
630 3826 726 3895 enim
740 3825 824 3895 etin
841 3795 1012 3896 saorihcb
1026 3826 1153 3914 veteri,
1174 3825 1273 3920 quod
1286 3824 1398 3922 ligura
1411 3829 1524 3897 nostri
1536 3826 1619 3915 fuit,
1636 3827 1810 3898 Dominus
1821 3829 2030 3924 presignare

452 3943 624 4032 decrevit,
645 3968 757 4040 quum
774 3943 979 4014 animalium
998 3944 1207 4040 corporibus
1229 3959 1327 4015 extra
1349 3959 1461 4016 castra
1484 3947 1520 4015 in
1544 3943 1692 4016 heremo
1717 3945 1897 4035 crematis,
1920 3969 2032 4041 purus

453 4086 578 4134 eorum
596 4063 737 4157 sanguis
750 4062 938 4148 offerretur
949 4085 970 4132 a
983 4061 1152 4160 pontifice
1166 4064 1203 4133 in
1218 4076 1337 4134 sancta
1349 4079 1566 4134 sanctorum.
1582 4064 1729 4160 Sanguis
1741 4063 1891 4164 quippe,
1906 4063 1943 4133 in
1958 4087 2032 4158 quo

455 4183 606 4252 maxime
623 4182 693 4251 vita
714 4183 828 4251 carnis
845 4181 1027 4270 consistit,
1041 4181 1141 4275 juxta
1159 4180 1247 4251 illud
1268 4182 1381 4277 Moysi
1389 4184 1415 4267 ⁸,
1433 4211 1452 4248 n
1465 4186 1548 4278 quia
1571 4184 1688 4253 anima
1714 4184 1831 4253 omnis
1857 4183 1972 4254 carnis
1994 4183 2032 4252 in

454 4303 624 4397 sanguine
643 4316 711 4390 est,
729 4329 747 4368 u
767 4301 861 4371 bona
879 4299 1039 4371 fidelium
1064 4302 1135 4372 vita
1157 4300 1213 4372 vel
1229 4302 1347 4372 anima
1368 4316 1431 4372 est.
1454 4301 1562 4388 Quod
1579 4302 1725 4398 quidem
1743 4327 1809 4399 per
1825 4302 2034 4401 ponfificem

455 4419 649 4510 Christum,
668 4422 730 4518 qui
748 4441 814 4519 pro
833 4421 938 4492 nobis
958 4419 1177 4519 interpellat,
1200 4422 1301 4517 quasi
1320 4418 1531 4493 sacrificium
1550 4421 1697 4494 ollertur
1713 4423 1748 4491 in
1763 4437 1882 4494 sancta
1896 4437 2038 4494 sancto·

456 4566 557 4633 rum,
576 4542 676 4639 quod
692 4556 744 4612 est
761 4540 958 4613 secundum
982 4539 1267 4631 tabernaculum,
1286 4540 1374 4612 dum
1393 4541 1576 4639 dignando
1593 4541 1755 4631 efficitur,
1781 4557 1820 4612 ut
1843 4541 1888 4613 ad
1911 4567 2038 4641 super-

456 4683 540 4732 nam
557 4660 780 4732 mansionem
799 4674 1009 4748 assumatur,
1032 4658 1095 4729 ubi
1115 4683 1203 4757 pura
1222 4673 1257 4730 et
1275 4659 1429 4757 perlecta
1452 4675 1505 4732 est
1523 4661 1707 4750 sanctitas,
1733 4684 1798 4758 per
1817 4673 1937 4731 sancta
1958 4683 2040 4731 san·

457 4792 596 4848 ctorum
610 4777 814 4875 significata.
829 4777 899 4848 Sed
911 4792 950 4848 ut
962 4776 1032 4848 hoc
1045 4776 1125 4864 fiat,
1142 4801 1286 4848 necesse
1299 4790 1353 4847 est
1363 4778 1460 4874 prius
1473 4777 1509 4849 in
1524 4777 1591 4849 hac
1605 4779 1675 4849 vita
1687 4777 1817 4849 horum
1830 4778 2042 4849 animalium

458 4917 610 4992 corpora
632 4897 780 4967 cremari
799 4911 894 4966 extra
913 4909 1025 4965 castra
1041 4922 1049 4964 :
1065 4895 1135 4966 hoc
1155 4908 1208 4966 est
1224 4917 1368 4966 carnem
1386 4895 1493 4991 affligi
1509 4913 1616 4992 atque
1636 4897 1806 4967 macerari
1829 4894 1905 4966 zelo
1926 4896 2043 4966 divini

494 5159 501 5184 ¹
522 5159 628 5211 Corinth.
642 5163 668 5222 I,
681 5178 735 5228 cap.
751 5180 791 5223 u,
805 5181 828 5213 v.
841 5164 880 5212 at.
894 5189 923 5200 -
934 5161 944 5188 ¹
956 5164 1041 5222 Heln,
1055 5177 1110 5230 cap.
1124 5179 1181 5224 aru,
1194 5177 1218 5213 r.
1234 5161 1331 5213 to.-⁸
1342 5163 1490 5227 temmap.
1501 5177 1567 5224 xru,
1580 5177 1602 5240 r,
1618 5166 1657 5213 tt.
