4510 6108
435 567 510 640 464
1042 565 1170 636 PETRI
1196 565 1430 639 ABAELARDl

435 707 602 780 rectionis
620 705 806 778 suscitatos
820 704 1050 802 Evangelium
1063 721 1200 796 narrat,
1219 731 1332 803 quum
1345 705 1489 778 dicitur¹
1506 733 1514 774 :
1532 708 1605 775 «Et
1619 717 1727 802 petra
1745 705 1860 778 scissae
1876 719 1976 794 sunt,
1991 721 2026 778 et

436 841 671 900 monumenta
689 840 810 924 aperta
834 839 935 915 sunt,
954 841 990 897 et
1009 827 1120 898 multa
1140 851 1292 926 corpora
1316 842 1521 900 sanctorum
1541 825 1603 923 qui
1624 823 1845 898 dormierant
1866 849 2025 896 surrexe·

435 963 537 1038 runt,
555 960 591 1018 et
608 960 776 1017 exeuntes
790 948 836 1020 de
850 960 1086 1018 monumento
1100 962 1182 1046 post
1195 948 1494 1042 resurrectionem
1510 945 1604 1042 ejuS,
1625 960 1802 1018 venerunt
1817 945 1855 1017 in
1869 959 2025 1017 sanctam

435 1067 631 1156 civitatem,
653 1081 688 1137 et
712 1081 954 1164 apparuerunt
972 1065 1111 1158 multis;
1129 1095 1146 1134 u
1170 1091 1398 1164 nequaquam
1424 1092 1468 1138 ex
1486 1065 1542 1136 bis
1564 1065 1681 1138 verbis
1704 1063 1922 1162 intelligendi
1946 1080 2027 1137 sunt

435 1188 512 1286 ipso
529 1186 588 1259 die
603 1185 790 1257 dominicae
807 1185 1043 1258 crucifixionis
1060 1187 1305 1278 resurrexisse,
1321 1187 1385 1259 sed
1398 1203 1484 1259 tunc
1500 1201 1642 1260 tantum
1657 1187 1694 1257 in
1708 1185 1832 1258 fissura
1845 1200 2026 1285 petrarum

436 1292 562 1380 eorum
580 1307 742 1407 sepulcra
764 1323 885 1406 aperta
903 1308 1028 1399 fuisse,
1044 1323 1079 1380 et
1093 1309 1343 1408 postmodum,
1368 1309 1447 1407 ipso
1467 1308 1525 1380 die
1546 1308 1829 1398 resurrectionis,
1852 1322 1935 1408 post
1951 1307 2026 1402 ejus

345 1513 351 1526 ἱ
436 1428 733 1500 resurrectionem
755 1428 941 1500 suscitatos
957 1453 1049 1520 esse,
1069 1444 1104 1502 et
1120 1430 1236 1501 statim
1254 1431 1289 1502 in
1309 1430 1488 1502 civitatem
1505 1430 1661 1518 venisse,
1684 1443 1719 1500 et
1737 1427 1901 1502 fidelibus
1918 1454 2026 1528 appa·

360 1540 371 1556 ’
438 1552 560 1620 ruisse.
581 1547 688 1635 Quod
711 1548 829 1645 itaque
855 1547 997 1640 dicitur,
1021 1565 1222 1622 «exeuntes
1240 1549 1285 1622 de
1311 1549 1575 1640 monumentis,
1593 1577 1610 1618 u
1632 1563 1714 1647 post
1732 1550 2024 1622 resurrectionem

437 1670 513 1763 ejus
535 1667 718 1738 manifeste
743 1666 893 1757 indicat,
919 1693 993 1740 non
1018 1682 1117 1758 ante,
1142 1695 1203 1740 eos
1226 1671 1468 1742 resurrexisse.
1490 1668 1598 1757 Quod
1620 1669 1726 1765 igitur
1754 1669 1968 1764 evangelista
1991 1684 2026 1740 et

437 1788 658 1886 apertionem
698 1786 962 1884 sepulcrorum,
1003 1803 1038 1860 et
1073 1791 1370 1862 resurrectionem
1412 1814 1558 1879 eorum,
1591 1787 1745 1861 breviter
1781 1805 1816 1860 et
1850 1789 2025 1862 succincte

438 1923 713 1995 commemorat,
731 1909 831 2005 quasi
849 1909 953 1980 simul
972 1908 1062 1981 facta
1081 1910 1168 2001 sint,
1186 1935 1249 2008 per
1265 1911 1555 2009 anticipationem
1574 1910 1624 1982 rei
1642 1909 1768 1984 futurae
1785 1910 2025 1982 narrationem

439 2051 540 2099 suam
552 2028 734 2098 breviavit.
753 2027 956 2100 Notandum
969 2054 1114 2126 quoque
1128 2029 1174 2101 ad
1186 2029 1334 2127 gloriam
1350 2031 1538 2104 dominicae
1549 2029 1754 2129 sepulturae,
1771 2030 1818 2101 de
1835 2054 1905 2127 qua
1922 2030 2026 2101 lsaias

439 2149 632 2247 praecinit¹z
658 2153 734 2219 «Et
760 2150 826 2220 erit
848 2150 1051 2247 sepulcrum
1072 2151 1147 2247 ejus
1173 2151 1380 2248 gloriosum,
1406 2182 1423 2220 u
1447 2178 1521 2224 non
1543 2154 1732 2225 minimum
1759 2152 1934 2251 profuisse
1955 2165 2024 2222 tam

438 2269 570 2341 borum
584 2268 744 2340 fidelium
756 2293 864 2365 quam
878 2286 1085 2342 caeterorum
1103 2287 1308 2345 sanctorum
1324 2271 1535 2371 sepulturas,
1549 2271 1612 2368 qui
1632 2269 1860 2367 ierosolymis
1873 2269 2022 2359 fuerant,

439 2390 486 2460 ita
501 2413 597 2460 nunc
611 2388 767 2459 occultas
780 2414 872 2478 esse,
891 2406 933 2461 ut
947 2388 1007 2461 ubi
1026 2393 1155 2462 fuerint
1167 2393 1362 2488 ignoretur,
1378 2391 1564 2489 nullasque
1576 2391 1625 2462 ibi
1642 2389 1808 2486 reliquias
1822 2403 2024 2461 sanctorum

438 2509 572 2580 ibidem
592 2508 848 2579 tumulatorum
870 2532 1062 2606 apparere:
1088 2508 1151 2580 sed
1168 2534 1295 2583 omnes
1314 2510 1399 2581 inde
1416 2510 1472 2581 vel
1494 2525 1690 2606 asportatas
1712 2533 1807 2598 esse,
1828 2509 1885 2580 vel
1912 2513 2023 2582 Deum

441 2655 499 2701 eas
515 2628 731 2716 occuluisse,
746 2641 786 2698 ut
799 2641 874 2698 tota
890 2626 1081 2697 celebratio
1095 2626 1245 2702 honoris
1265 2628 1449 2700 dominico
1464 2645 1564 2700 vacet
1580 2628 1756 2728 sepulcro.

487 2749 667 2837 Quoniam
690 2770 776 2817 vero
799 2743 997 2816 infidelium
1028 2746 1129 2817 multi
1160 2749 1197 2818 iu
1230 2762 1368 2819 tantum
1395 2748 1440 2820 de
1466 2751 1723 2820 resurrectione
1745 2749 1936 2819 hominum
1964 2749 2024 2820 du·

439 2869 570 2960 bitant,
592 2883 633 2939 ut
654 2851 856 2939 nullatenus
878 2891 1031 2966 corpora
1054 2883 1172 2940 nostra
1198 2869 1234 2939 in
1257 2869 1441 2967 pulverem
1464 2870 1628 2959 reducta,
1656 2885 1690 2941 et
1713 2869 1883 2942 dissoluta
1899 2869 2023 2941 iterum

438 2989 596 3062 suscitari
616 2989 790 3060 aestiment
813 3011 933 3086 posse,
951 2987 1108 3059 decrevit
1128 2987 1246 3060 divina
1263 2989 1375 3087 pietas
1396 3015 1471 3062 non
1494 2989 1611 3062 solum
1629 2991 1759 3081 verbiS,
1778 2991 2024 3062 verumetiam

441 3135 560 3182 rerum
581 3108 750 3206 exemplis
766 3108 860 3178 banc
877 3107 982 3179 nobis
999 3105 1183 3198 exhibere,
1200 3133 1246 3179 ne
1266 3109 1366 3207 quod
1388 3111 1424 3180 in
1446 3111 1601 3183 minimis
1625 3112 1751 3208 saepius
1774 3125 1942 3209 operatur
1963 3133 2025 3180 na·

441 3247 535 3319 tura,
556 3253 819 3324 nonnunquam
838 3229 875 3297 in
901 3229 1063 3300 maximis
1083 3229 1197 3301 facere
1219 3229 1347 3301 divinae
1369 3231 1537 3328 potentiae
1563 3231 1744 3304 dubitetur
1769 3233 1891 3328 gratia.
1913 3235 2025 3302 Nemo

440 3351 573 3448 quippe
595 3349 728 3445 estqui
751 3347 924 3448 phoenicis
947 3363 1109 3420 naturam
1132 3352 1360 3447 cognoverit,
1387 3367 1423 3423 et
1444 3376 1552 3450 quam
1576 3353 1607 3423 ei
1633 3351 1779 3448 gloriam
1804 3351 1931 3451 saepius
1951 3375 2025 3420 mo-

442 3469 544 3539 rienti
558 3481 595 3539 et
611 3467 782 3538 suscitatae
799 3467 920 3539 divina
933 3471 1044 3565 gratia
1055 3470 1262 3561 contulerit,
1274 3472 1393 3568 quide
1406 3487 1527 3544 nostra
1538 3471 1756 3570 quandoque
1770 3471 2026 3543 resurrectione

443 3587 558 3657 futura
572 3584 731 3656 diffidere
744 3584 883 3657 debeat.
904 3587 1012 3683 Cujus
1031 3589 1177 3685 quidem
1195 3592 1268 3661 avis
1284 3610 1447 3664 naturam
1466 3607 1500 3665 et
1516 3593 1779 3665 resurrectionis
1798 3589 1927 3665 modos
1942 3591 1970 3661 si
1981 3591 2026 3660 ad

442 3707 626 3784 Christum,
639 3707 785 3802 mystice
806 3707 1010 3799 referamus,
1029 3712 1284 3783 convenienter
1303 3714 1437 3810 singula
1456 3715 1488 3785 ei
1501 3715 1694 3787 convenire
1710 3713 1921 3788 videbimus.
1946 3717 2026 3784 Haec

442 3825 574 3923 quippe
598 3826 672 3897 avis
694 3828 776 3924 quia
797 3828 901 3900 unica
921 3853 998 3901 esse
1018 3831 1237 3928 perbihetur,
1258 3857 1324 3904 uec
1342 3833 1541 3923 masculini,
1563 3859 1630 3907 nec
1654 3834 1813 3906 feminini
1829 3859 1933 3907 sexus
1951 3859 2026 3905 esse

443 3945 687 4040 cognoscitur3
713 3961 749 4016 ct
770 3948 854 4042 quia
880 3947 997 4046 pullos
1018 3973 1093 4020 non
1112 3966 1268 4045 generat,
1289 3977 1518 4050 nequaquam
1535 3951 1705 4025 nidificat.
1726 3957 1814 4040 Quae
1830 3977 1943 4051 quum
1960 3951 2025 4024 sibi

443 4081 596 4138 mortem
614 4081 696 4165 post
718 4091 833 4140 annos
854 4067 1027 4166 plurimos
1054 4071 1241 4142 imminere
1258 4075 1491 4170 praesenserit,
1516 4089 1651 4145 struem
1676 4071 1871 4171 quamdam
1896 4088 1933 4144 et
1959 4073 2026 4144 do·

443 4187 649 4259 munculam
666 4188 819 4286 sepulcri
837 4214 879 4260 er
896 4191 1104 4262 ramusculis
1121 4194 1324 4266 aromaticis
1340 4195 1397 4265 vel
1411 4196 1498 4294 ipsis
1515 4196 1735 4268 aromatibus
1752 4195 1820 4268 sibi
1837 4209 2023 4296 praeparat,

441 4325 614 4407 tanquam
631 4308 794 4380 foetorem
811 4309 994 4382 cadaveris
1011 4311 1066 4382 sui
1081 4336 1146 4408 per
1162 4311 1392 4410 fragrantiam
1408 4317 1605 4415 exprimere
1621 4331 1769 4413 satagat.
1790 4321 1830 4387 ln
1848 4315 1943 4388 banc
1961 4316 2027 4386 ita·

443 4453 512 4524 que
527 4443 729 4499 aromatum
740 4442 956 4502 structuram
966 4455 1003 4500 se
1017 4430 1206 4503 conserens
1215 4434 1375 4532 expirare
1390 4434 1532 4525 dicitur,
1545 4451 1581 4506 et
1591 4435 1666 4508 sole
1677 4435 1831 4533 desuper
1840 4449 2024 4522 estuante,

443 4563 477 4617 et
494 4561 654 4620 aromata
670 4549 745 4645 ipsa
763 4548 1003 4638 calefaciente,
1023 4550 1229 4626 combustus
1246 4555 1283 4626 in
1301 4555 1457 4627 cinerem
1476 4555 1637 4630 solvitur.
1658 4556 1762 4630 Unde
1783 4572 1867 4656 post
1890 4556 2027 4653 aliquot

443 4666 535 4756 dies,
556 4669 593 4739 in
612 4669 762 4741 modum
779 4671 854 4768 apis
871 4673 1074 4761 suscitatus,
1095 4673 1266 4772 paulatim
1291 4676 1363 4748 alas
1388 4693 1425 4748 et
1448 4677 1587 4776 plumas
1609 4679 1762 4750 induens
1779 4680 1815 4749 in
1833 4679 2027 4776 pristinum

444 4786 534 4860 redit
560 4803 702 4860 statum.
728 4792 814 4877 Quae
831 4791 968 4888 singula
995 4792 1082 4864 nulli
1108 4808 1184 4865 tam
1207 4820 1364 4891 congrue
1391 4810 1429 4867 nt
1454 4795 1597 4870 Christo
1622 4797 1789 4870 videntur
1814 4799 2023 4870 convenire.

479 5081 601 5219 '⁵Matth„
617 5100 670 5152 cap.
685 5103 768 5154 xxnr,
783 5106 806 5140 v.
820 5094 861 5152 tt,
871 5093 911 5142 52.
925 5090 975 5128 -·'
990 5091 1058 5144 lsaiae
1075 5109 1129 5159 cap.
1149 5111 1174 5146 ιι
1184 5133 1193 5161 ,
1204 5112 1227 5148 r.
1244 5099 1282 5148 to.
1295 5125 1323 5136 -
1334 5097 1344 5124 ³
1356 5098 1449 5156 Galat„
1467 5111 1522 5161 cap.
1544 5113 1584 5156 ιιι,
1599 5113 1622 5146 r.
1639 5097 1681 5146 28.
1699 5123 1725 5136 ..
1737 5094 1857 5158 ‘llattb.,
1871 5109 1929 5161 cap.
1943 5109 2028 5154 xxrrt.

443 5187 465 5224 r.
497 5172 521 5218 l.
