4520 6104
567 622 656 694 CUM
681 621 810 694 PETRI
837 622 1072 695 ABAELARDl
1098 623 1421 695 SOLUTlONlBUS.
1716 620 1788 691 243

201 779 327 862 quarta
353 762 482 860 vigilia.
506 763 611 835 Unde
636 778 773 836 certum
791 779 844 835 est
861 787 926 862 per
946 788 1055 835 unam
1073 778 1212 836 rantum
1229 764 1404 861 integram
1422 735 1566 834 noctem
1587 760 1790 860 preceden-

203 899 274 956 tem
305 882 513 974 sabbatum,
543 897 579 954 et
602 909 667 982 per
691 885 865 981 integram
889 883 999 982 ipsius
1033 882 1169 956 sabbati
1195 882 1292 954 diem
1312 883 1449 954 eumin
1474 880 1638 979 sepulcro
1657 879 1785 969 fuisse,

200 1029 310 1101 quem
335 1018 461 1102 quarta
480 1003 597 1100 vigilia
624 1005 739 1076 noctis
760 1005 997 1100 Hieronymus
1014 1008 1059 1073 Iu
1075 1002 1295 1100 Epistolam¹
1322 1001 1372 1072 ad
1389 1001 1537 1074 Galatas
1560 1001 1644 1072 dicit
1667 1025 1790 1072 resur-

201 1125 343 1200 rexisse.

818 1265 953 1336 Salutio
978 1263 1173 1336 Abaelnrdr'.

250 1435 357 1524 Quod
374 1434 423 1506 ait
436 1434 632 1524 Dominus,
655 1461 672 1500 κ
692 1431 805 1504 tribus
817 1432 944 1504 diebus
961 1447 999 1504 et
1014 1431 1127 1505 tribus
1141 1433 1319 1525 noctibus,
1338 1465 1355 1504 u
1372 1462 1447 1508 non
1460 1451 1514 1508 est
1526 1432 1788 1532 accipiendum,

200 1554 301 1653 quod
319 1579 384 1653 per
402 1569 472 1626 tres
487 1552 563 1624 dics
574 1554 731 1650 integros
748 1569 783 1624 et
801 1568 926 1624 noctes
939 1551 989 1624 ibi
1003 1552 1131 1624 luerit:
1154 1553 1216 1625 sed
1235 1554 1335 1654 quod
1353 1557 1391 1628 in
1405 1573 1567 1654 tempore
1585 1556 1792 1626 continente

201 1691 272 1746 tres
301 1674 378 1746 dies
403 1698 488 1745 cum
512 1672 678 1744 noctibus
703 1673 775 1744 suis
799 1672 958 1770 sepultus
981 1673 1166 1769 quieverit.
1191 1673 1295 1747 Unde
1313 1690 1350 1748 et
1374 1675 1466 1749 bene
1489 1702 1603 1773 quum
1628 1675 1787 1747 dicitnr:

203 1825 220 1862 a
235 1793 361 1866 Tribus
374 1791 501 1865 diebus
513 1808 549 1864 et
562 1792 675 1864 tribus
688 1792 872 1884 noctibus,
891 1823 908 1860 u
929 1793 1138 1888 adjunctum
1156 1810 1226 1885 est,
1243 1825 1260 1864 a
1276 1770 1367 1869 sicut
1380 1802 1508 1886 Jonas,
1528 1825 1546 1864 u
1565 1821 1676 1894 quem
1689 1798 1791 1869 tertio

200 1914 259 1987 die
271 1915 378 2014 piscis
391 1913 551 1985 evomuit
563 1913 600 1983 iu
617 1911 752 1984 aridam
764 1940 774 2004 ;
791 1937 833 1984 ac
849 1937 914 2011 per
932 1913 1015 2004 hoc,
1033 1938 1097 2010 per
1116 1939 1224 1985 unam
1238 1930 1377 2015 tantum
1392 1931 1536 1988 noctem
1549 1916 1743 2012 integram,
1758 1931 1793 1986 et

201 2060 315 2106 unum
333 2048 471 2106 tantum
491 2033 668 2128 integrum
691 2031 787 2104 diem
808 2033 844 2102 in
865 2047 988 2104 ventre
1005 2033 1073 2104 ceti
1088 2033 1202 2104 fuerit.
1219 2039 1373 2132 Tempus
1390 2036 1510 2131 itaque
1524 2036 1712 2106 continens
1724 2050 1793 2108 tres

200 2155 277 2228 dies
304 2179 386 2226 cum
410 2152 575 2224 noctibus
599 2153 692 2244 suis,
716 2153 837 2252 accipe
857 2177 878 2224 a
898 2153 1075 2251 principio
1095 2154 1211 2225 noetis
1228 2179 1456 2252 parascevem
1477 2156 1656 2253 sequentis
1681 2180 1793 2253 usque

201 2275 246 2346 ad
271 2274 381 2347 linem
405 2273 595 2344 dominioee
613 2273 685 2344 diei
706 2300 714 2343 :
739 2287 774 2344 ct
791 2274 951 2346 invenies
966 2275 1003 2348 iu
1022 2273 1084 2346 illo
1103 2276 1274 2374 temporis
1293 2277 1424 2373 spatio,
1443 2277 1606 2372 quarnvis
1628 2301 1703 2348 non
1730 2301 1794 2374 per

201 2410 319 2468 totum
344 2410 502 2492 tempus,
521 2393 719 2464 Dominum
742 2392 855 2464 tribus
878 2391 1004 2465 diebus
1028 2409 1064 2464 et
1090 2393 1201 2466 tribus
1220 2395 1386 2467 noctibus
1395 2394 1548 2492 jacuisse
1560 2396 1597 2465 iu
1611 2394 1790 2492 sepulcro.

201 2522 281 2588 Non
298 2517 396 2589 enim
414 2513 514 2613 quod
536 2515 574 2585 in
597 2529 759 2614 tempore
782 2513 904 2612 aliquo
918 2513 958 2585 fit
975 2540 1040 2614 per
1057 2528 1174 2586 totum
1193 2514 1281 2587 illud
1300 2531 1441 2615 tempus
1467 2515 1545 2588 lieri
1567 2541 1710 2588 necesse
1725 2533 1789 2588 est.

201 2639 373 2708 Fortassis
398 2651 434 2708 et
460 2634 560 2734 quod
579 2634 732 2707 dicitur:
766 2663 784 2704 a
799 2639 839 2704 lu
864 2634 974 2706 corde
1001 2650 1120 2727 terrae,
1140 2664 1158 2704 u
1190 2660 1266 2707 non
1283 2650 1356 2708 tam
1378 2636 1425 2707 de
1443 2636 1624 2735 sepultura
1648 2637 1794 2708 Domini

201 2757 315 2856 accipi
340 2755 499 2846 videtur,
527 2779 636 2854 quam
662 2753 707 2827 de
733 2753 903 2826 cordibus
927 2755 1118 2826 hominum
1136 2780 1181 2828 eo
1197 2770 1360 2854 tempore
1375 2757 1411 2827 in
1435 2771 1573 2830 tantum
1590 2755 1636 2828 de
1653 2756 1793 2829 Christo

202 2879 491 2977 desperantium,
514 2893 552 2949 ut
569 2875 734 2974 discipuli
751 2901 896 2975 quoque
913 2901 983 2950 nec
997 2902 1072 2949 non
1087 2891 1122 2949 et
1135 2892 1249 2950 mater
1266 2879 1375 2976 ipsius
1395 2879 1433 2950 in
1450 2878 1524 2950 fide
1545 2877 1697 2975 graviter
1711 2880 1793 2950 titu-

202 2999 379 3072 baverint.
411 2998 512 3071 Unde
533 2999 749 3096 Augustinus
778 3001 1019 3089 Quaestionum
1048 2999 1086 3069 in
1116 3001 1238 3070 ueteris
1261 3014 1298 3070 et
1320 3023 1419 3069 nouoe
1445 3001 1545 3098 legis
1567 2996 1722 3096 capitulo
1746 3002 1757 3035 ¹
1782 3027 1789 3069 :

205 3151 222 3188 a
249 3123 365 3192 Edam
392 3121 520 3212 Maria,
552 3145 617 3219 per
645 3143 755 3218 quam
782 3119 990 3216 mysterium
1010 3134 1148 3216 gestum
1173 3135 1227 3191 est
1245 3119 1500 3191 incarnationis
1518 3119 1734 3209 Salvatoris,
1757 3120 1794 3190 in

202 3255 319 3312 morte
337 3241 484 3312 Domini
505 3239 696 3330 dubitavit3
717 3239 766 3311 ita
787 3253 825 3310 ut
838 3240 875 3310 in
889 3239 1147 3310 resurrectione
1162 3239 1309 3310 Domini
1320 3236 1532 3311 firmaretur.
1549 3241 1685 3310 Omnes
1697 3238 1793 3310 enirn

201 3363 239 3432 in
259 3375 375 3432 morte
395 3359 667 3450 dubitaverunt,
690 3373 726 3430 et
747 3357 831 3456 quia
846 3359 964 3430 omnis
982 3355 1193 3455 ambiguitas
1210 3357 1503 3430 aresurrectione
1519 3357 1666 3429 Domini
1679 3381 1794 3429 reces-

201 3494 384 3569 suraerat‚
394 3479 609 3578 pertransire
625 3477 714 3550 dixit
731 3477 901 3575 gladium.
923 3506 940 3546 u
958 3478 1030 3549 Cor
1041 3478 1160 3576 itaque
1179 3492 1280 3548 terrac
1291 3477 1468 3575 quasicor
1479 3490 1660 3548 terrenum
1675 3475 1794 3550 adhuc

200 3615 238 3672 et
255 3599 397 3672 carnale
417 3598 581 3670 nondum
602 3597 759 3697 spiritale
782 3598 914 3668 laetum
930 3623 974 3668 ex
992 3596 1157 3670 firmitate
1176 3597 1278 3687 fidei,
1303 3598 1360 3668 vel
1376 3597 1506 3669 ardore
1523 3597 1689 3688 caritatis,
1709 3597 1795 3670 dicit

199 3745 268 3792 cor
285 3720 485 3793 humanum
500 3718 684 3816 :quandiu
704 3719 870 3791 homines
887 3719 924 3790 in
937 3717 999 3788 illo
1016 3719 1187 3817 temporis
1199 3718 1348 3790 articulo
1362 3717 1542 3790 Christum
1556 3743 1700 3791 carnem
1715 3742 1791 3791 ma-

198 3841 275 3938 gis,
296 3838 367 3912 hoc
379 3855 431 3912 est
448 3839 656 3930 homiuem,
679 3862 790 3936 quam
806 3841 924 3909 Deum
942 3838 1177 3927 aestimarent,
1202 3852 1238 3909 et
1258 3851 1442 3910 terrenum
1459 3839 1578 3936 potius
1594 3863 1704 3934 quam
1720 3864 1795 3911 coe·

196 3961 341 4034 lestem.
365 3960 472 4049 Quod
493 3984 577 4058 ergo
597 3959 726 4032 ludaeis
745 3960 885 4056 signum
903 3958 1070 4056 potentiae
1086 3956 1349 4055 requirentibus
1364 3973 1532 4055 tanquam
1548 3982 1614 4056 per
1624 3958 1696 4030 hoc
1708 3985 1793 4032 eum

195 4095 501 4178 recognoscerent
519 4084 656 4170 Deum,
676 4077 864 4176 respondit
880 4103 917 4150 se
935 4079 1054 4176 potius
1073 4077 1123 4148 eis
1140 4076 1309 4148 daturum
1332 4077 1474 4174 signum
1487 4081 1606 4167 lona,
1628 4078 1697 4150 tale
1716 4094 1790 4169 est,

194 4201 306 4300 quod
321 4203 440 4302 potius
456 4200 699 4274 infirmitatem
717 4201 755 4271 in
769 4225 814 4272 eo
826 4224 1043 4296 cognoscere
1056 4199 1154 4296 digni
1167 4199 1260 4271 sint:
1277 4199 1369 4272 sicut
1380 4203 1489 4272 Jonas
1501 4199 1540 4270 in
1554 4223 1651 4272 mare
1665 4201 1793 4272 missus

193 4324 287 4422 plus
305 4323 482 4419 injustitia
495 4346 605 4420 quam
618 4321 798 4419 religionis
810 4321 1002 4392 estimatus
1016 4335 1069 4392 est
1085 4319 1268 4410 habuisse,
1289 4334 1326 4392 et
1342 4319 1414 4390 hoc
1427 4320 1462 4392 ei
1473 4343 1518 4391 ex
1530 4320 1675 4417 propria
1688 4317 1794 4416 culpa

188 4443 414 4540 contigisse,
436 4456 477 4514 ut
496 4441 659 4514 damnari
677 4441 783 4514 etiam
802 4454 1009 4512 mereretur.

781 4649 964 4698 aeonum
988 4647 1154 4697 HELOlSSAE
1179 4649 1215 4696 V.

254 4803 445 4874 Maximam
459 4800 719 4874 dubitationem
732 4801 779 4874 de
790 4763 1073 4900 apparitionibus
1084 4801 1230 4872 Domini
1242 4801 1477 4898 resurgentis,
1497 4825 1576 4898 quac
1587 4799 1796 4874 mulieribus

179 4924 424 5012 factasunt,
443 4920 548 4994 nobis
561 4920 783 5018 evangelistae
800 4920 1033 5018 reliquerunt.
1056 4923 1219 4992 Marcus⁸
1235 4921 1368 5018 quippe
1387 4934 1422 4992 et
1443 4921 1621 4992 loannes‘
1641 4944 1726 4992 eum
1742 4919 1795 4991 in·

223 5157 236 5184 ⁴
256 5157 375 5220 Epistola
388 5153 501 5206 cod-¹
515 5157 577 5220 opp.
586 5165 606 5207 t.
616 5156 666 5220 111,
679 5167 745 5225 part.
754 5171 868 5222 rr,app.,
880 5154 929 5206 eol.
942 5156 984 5205 u.
1017 5155 1078 5207 Novi
1091 5152 1794 5221 Tutemmdbugmtinoabjudieant.-⁸liare,caparr,

173 5240 322 5295 Monadi
341 5239 434 5292 ordinis
454 5239 537 5292 Sancti
552 5240 678 5292 Benedicti
693 5243 839 5304 Quantam
860 5239 950 5290 Vetera
963 5250 986 5289 er
1018 5253 1042 5289 r.
1061 5243 1069 5286 1
1088 5248 1114 5289 et
1127 5253 1164 5306 sq.
1181 5263 1211 5274 -
1224 5235 1327 5298 ‘leam
1342 5251 1398 5302 cap.
1413 5251 1462 5302 xx,
1473 5254 1496 5289 r.
1510 5242 1519 5288 1
1535 5246 1607 5302 etsq.
