4486 6100
325 733 406 788 Miris
418 733 548 806 signiaco
562 733 657 810 dignis

344 821 535 879 Predicurunt
546 834 675 899 utraque.

322 969 408 1036 Nam,
425 972 567 1046 Auguste,
581 983 610 1028 te
622 973 741 1032 florente

341 1058 433 1116 sotem
449 1061 537 1117 cinxit
550 1079 653 1118 corona
666 1087 674 1131 ;

324 1148 471 1206 Mandavit
484 1152 561 1226 qnod
573 1152 714 1208 mandavit

343 1237 446 1296 Oleum
460 1239 496 1295 de
510 1240 634 1297 taberna.

325 1386 465 1443 Veniente
476 1386 667 1462 Redemptore

345 1477 437 1532 Servis
448 1475 533 1533 datur
544 1476 671 1546 libertas,

324 1561 581 1640 ServitutisJ'ngum
601 1568 690 1637 tollis,

339 1656 374 1711 Et
385 1673 470 1731 quem
489 1659 579 1714 nescis
593 1661 751 1734 precignac.

320 1805 469 1863 Interdicis
482 1825 532 1863 nec
545 1809 685 1882 permittis

342 1897 384 1951 Te
396 1897 549 1952 Dominum
563 1899 653 1954 vocari
665 1940 673 1966 ,

322 1983 362 2041 Ut
379 1997 497 2042 venturo
509 1988 596 2061 possit
608 1988 723 2044 Christo

340 2075 431 2132 Decus
445 2076 500 2132 hoc
512 2077 655 2133 reservari.
741 2087 745 2096 '

323 2225 386 2280 dani
400 2234 495 2298 portas
507 2234 585 2280 tenet
596 2223 705 2280 clausas
817 2251 818 2254 ¹

340 2315 396 2369 Pax
409 2333 425 2369 a
436 2314 552 2370 Christo
567 2315 720 2389 premissa,

321 2403 390 2474 Qne
401 2403 545 2477 prophete
555 2402 698 2478 quondam
710 2421 776 2459 voce

339 2493 446 2548 Mundo
457 2494 513 2550 fuit
523 2494 668 2568 promissa.

318 2642 375 2698 Pax
387 2642 417 2697 in
431 2642 529 2712 terris,
544 2643 574 2698 in
586 2641 700 2699 excelsis

334 2731 378 2788 Sit
390 2731 495 2807 gloria,
509 2733 546 2787 sit
557 2751 666 2788 summa

321 2821 393 2896 Regi
407 2839 518 2877 summo
530 2822 621 2891 Patri,
637 2823 751 2889 Verbo,

339 2912 457 2986 Spiritui
471 2912 639 2988 persecuta.

545 3149 685 3228 mlv.

323 3321 497 3396 Angelorum
510 3329 625 3393 stupent
636 3327 720 3374 cantu

337 3411 484 3468 Admouiti
495 3418 619 3486 pastores
630 3432 638 3476 ;

319 3503 416 3576 Magos
430 3519 500 3558 nova
512 3499 592 3556 ducit
606 3497 698 3566 steila,

337 3593 416 3649 Metu
427 3591 543 3666 languet
554 3588 690 3646 Herodes.

317 3741 373 3798 Dat
386 3738 515 3797 mandata
528 3723 618 3812 inagis
631 3737 732 3807 stulta,
753 3729 755 3734 ’

338 3831 467 3907 loquens
479 3830 561 3887 eisin
574 3827 658 3895 dolo;

320 3921 375 3981 Sed
387 3921 485 3978 illusus
496 3919 552 3976 fuit
562 3917 644 3976 dolus

345 4011 539 4070 Fraudulento
551 4009 690 4066 fraudato.

288 4207 294 4218 .
321 4161 366 4219 Illi
379 4171 499 4236 coeptam
511 4161 708 4226 tenentum,

336 4252 495 4327 Reperiunt
507 4268 590 4327 quem
605 4261 747 4326 querunt,

320 4343 355 4399 Et
364 4343 465 4398 oblatis
477 4341 569 4398 tribus
580 4340 662 4396 donis

339 4435 394 4490 Per
410 4433 469 4488 hacc
481 4433 575 4507 ipsum
588 4429 762 4488 describunt.

319 4580 360 4637 Ad
371 4581 515 4639 Herodem
529 4597 565 4635 ne
577 4579 704 4636 redirent

335 4671 532 4728 Admouentur
544 4668 574 4726 in
585 4667 705 4735 somnis,

323 4761 357 4818 Et
368 4760 465 4818 divino
480 4759 651 4816 documento

338 4851 410 4908 Sunt
424 4850 496 4925 quid
508 4859 593 4924 agant
603 4847 705 4904 edocti.
809 4903 812 4912 ,

320 4999 415 5056 Parin
426 4999 524 5068 terris,
539 5009 594 5054 etc.

250 5211 261 5239 ¹
285 5209 338 5262 Sic
349 5210 433 5263 (ἰαὶ.-
441 5211 522 5262 Luem
534 5220 674 5277 corruptos,
689 5219 717 5261 ut
729 5207 831 5262 videtur·
842 5233 875 5248 ·-
885 5203 897 5234 ²
908 5205 949 5264 stc
961 5207 1024 5260 cod.
1034 5232 1051 5246 ·
1064 5204 1131 5258 Tot?

783 3003 871 3057 Auru.

1368 855 1491 916 XXXV.

1141 1011 1351 1071 consecrandas
1363 1018 1451 1073 intrat
1464 1036 1562 1095 aquas,

1156 1100 1316 1175 Baptizatur
1329 1125 1344 1161 a
1361 1124 1454 1175 servo,

1140 1192 1198 1261 Qui
1213 1205 1324 1267 peccata
1336 1193 1410 1252 tollit
1421 1209 1533 1268 nostra,

1163 1281 1221 1352 Qui
1233 1301 1290 1340 nou
1300 1295 1367 1360 eget
1379 1285 1528 1360 baptismo.

1141 1427 1286 1502 Baptizato
1298 1431 1348 1504 qui
1360 1430 1500 1505 baptismo

1162 1517 1238 1574 Vere
1251 1535 1302 1574 suo
1315 1519 1452 1594 baptizat,

1140 1606 1244 1663 Statim
1256 1608 1319 1664 coeii
1334 1620 1400 1665 sunt
1410 1615 1500 1686 aperti

1159 1698 1239 1769 Quos
1251 1709 1394 1773 peccatum
1408 1701 1563 1760 claudebat.

1142 1845 1292 1902 Revelatus
1309 1857 1353 1904 est
1365 1846 1513 1905 descensus

1158 1933 1284 2008 Spiritus
1296 1937 1326 1991 in
1338 1937 1483 2008 columba;

1139 2025 1315 2098 Baptizandis
1328 2028 1504 2085 renascendis

1154 2112 1256 2171 Gratia
1268 2114 1469 2174 demonstrata.

1140 2261 1189 2317 Est
1202 2261 1298 2318 audita
1313 2281 1365 2319 vox
1378 2274 1509 2338 paterna,
1613 2305 1616 2314 ·

1110 2395 1113 2400 .
1157 2349 1262 2407 Filium
1276 2361 1443 2425 protestata,

1142 2441 1177 2496 Et
1191 2452 1304 2498 renatus
1315 2443 1382 2499 facit
1395 2460 1474 2499 veros

1158 2530 1244 2589 Filios
1256 2533 1302 2588 illa
1315 2532 1398 2602 data;

1136 2680 1208 2751 Quis
1221 2680 1331 2751 blanda,
1347 2693 1489 2738 mausueta

1157 2769 1247 2826 Deum
1263 2781 1400 2827 monstrat
1416 2771 1569 2846 placatum,

1139 2859 1197 2916 Nec
1212 2859 1311 2917 divine
1323 2878 1493 2937 quemquam
1505 2881 1582 2939 sequa

1153 2949 1259 3006 Gratiae
1270 2960 1347 3008 tenet
1361 2961 1459 3026 typum
1468 2954 1489 3005 ¹.

1086 3185 1092 3198 .
1136 3106 1193 3162 Pax
1204 3107 1234 3162 in
1248 3107 1348 3177 terris,
1361 3116 1416 3163 etc.

1361 3301 1502 3362 XXXVI.

1138 3447 1197 3518 Qui
1210 3446 1350 3520 baptismo
1362 3447 1444 3504 nobis
1456 3466 1508 3506 sno

1154 3539 1249 3611 Aquas
1260 3536 1455 3612 sanctificavit,

1140 3625 1198 3681 Mas
1210 3625 1240 3680 in
1254 3643 1365 3681 merum
1379 3628 1463 3684 vertit
1481 3629 1578 3684 vinum

1156 3715 1191 3771 Et
1205 3716 1331 3772 convivas
1348 3713 1447 3772 reficit.

1137 3869 1208 3926 Inde
1219 3869 1293 3926 clara
1304 3871 1365 3928 dies
1377 3873 1430 3928 ista

1058 4009 1064 4019 .
1122 4001 1126 4008 ·
1154 3960 1245 4016 Trino
1260 3960 1333 4016 sacto
1346 3961 1523 4036 resplendet3

1043 4042 1051 4058 '
1135 4052 1210 4123 Quia
1222 4069 1273 4126 per
1284 4055 1380 4110 taum·
1394 4052 1502 4110 mundo
1514 4054 1593 4130 signa

1152 4141 1252 4198 Mundi
1265 4141 1338 4199 salus
1351 4153 1477 4217 apparet.

1137 4291 1196 4347 Nec
1209 4301 1272 4365 post
1287 4301 1365 4348 tanta
1376 4291 1418 4348 vei
1431 4293 1535 4366 majora

1154 4381 1241 4457 Signa
1252 4382 1342 4438 credit
1354 4382 1481 4452 Judeus,

1136 4471 1228 4543 Quem
1240 4471 1277 4528 ad
1289 4489 1375 4530 unam
1388 4472 1482 4528 statim
1495 4470 1601 4528 stellam

1152 4561 1310 4638 Requiaivit
1325 4561 1481 4620 Chsldeus.

1136 4721 1280 4780 Elementa
1292 4739 1375 4778 suum
1391 4732 1493 4778 cuncta

1153 4811 1368 4886 Recognoscunt
1381 4822 1533 4868 auctorem.

1138 4901 1180 4958 Te
1194 4921 1245 4959 nec
1257 4902 1351 4977 signa,
1366 4921 1417 4959 nec
1429 4901 1473 4957 lex
1490 4902 1549 4976 ipsa

1151 4993 1277 5061 Movent,
1296 4992 1393 5062 miser,
1408 4989 1444 5048 ad
1457 4989 1563 5046 iidem?
