4510 6108
582 663 626 736 lN
651 663 957 738 CONVERSlONE
982 665 1134 739 stunt}
1159 667 1288 740 PAULl
1314 668 1475 740 suello.
1750 662 1814 735 5ll

236 818 350 890 eatur,
363 802 437 900 qui,
456 801 544 872 dum
560 816 686 873 contra
702 806 817 874 Deum
827 825 865 873 se
876 805 976 900 quasi
987 804 1033 876 de
1049 806 1212 878 custodia
1228 806 1314 903 legis
1330 811 1492 879 nesciens
1508 804 1643 892 exuriit,
1655 826 1768 873 cornu
1782 803 1819 875 in

235 947 322 996 nare
338 923 499 1021 gestavit.
518 921 623 994 Unde
638 938 674 994 et
689 921 760 995 hoc
776 925 893 1022 ipsum
905 925 1001 996 naris
1013 950 1126 998 cornu
1142 952 1207 1026 per
1222 928 1460 1000 humilitatem
1476 924 1709 1025 postmodum
1725 922 1822 994 incli-

234 1067 326 1116 nans
341 1042 446 1114 dicit¹
465 1070 473 1114 ε
495 1044 596 1130 «Qui
617 1043 715 1142 prius
736 1043 787 1114 fui
801 1042 1054 1141 blasphemus,
1077 1061 1113 1117 et
1133 1064 1361 1142 persecutor,
1381 1064 1416 1120 et
1432 1045 1733 1132 contumeliosuS,
1755 1045 1819 1116 sed

236 1193 254 1234 u
267 1164 549 1240 misericordiam
564 1177 777 1236 consecutus
794 1187 891 1252 sum,
915 1165 999 1260 quia
1020 1166 1190 1258 ignorans
1211 1166 1290 1238 feci.
1309 1196 1326 1235 n
1351 1173 1390 1239 ln
1408 1193 1494 1239 nare
1510 1192 1624 1238 cornu
1640 1162 1816 1262 gestabat,

232 1286 294 1382 qui
310 1284 525 1384 placiturum
545 1307 584 1355 se
603 1285 680 1354 Deo
697 1281 743 1354 de
758 1265 966 1355 crudelitate
982 1281 1204 1374 confidebat,
1223 1284 1314 1356 sicut
1339 1288 1413 1383 ipse
1434 1285 1668 1384 postmodum
1688 1299 1818 1356 semet·

231 1404 349 1502 ipsum
371 1401 589 1500 redarguens
605 1400 711 1473 dicit¹
730 1427 738 1472 :
760 1403 835 1472 «Et
850 1399 1084 1501 proficiebam
1099 1402 1137 1472 in
1150 1399 1331 1498 judaismo
1348 1428 1455 1502 supra
1471 1404 1603 1474 multos
1619 1417 1818 1474 coaetaneos

234 1550 253 1590 a
269 1547 370 1596 meos
385 1524 422 1594 in
439 1545 568 1620 genere
584 1543 680 1611 meo,
699 1521 942 1594 abundantius
961 1522 1146 1596 aemulator
1162 1522 1315 1596 existens
1330 1539 1560 1622 paternarum
1576 1546 1737 1593 mearum
1753 1538 1821 1594 tra·

234 1669 253 1710 u
272 1642 465 1715 ditionum.
480 1669 498 1710 n
527 1643 640 1738 Hujus
660 1656 781 1714 autem
802 1641 1042 1714 rhinocerotis
1064 1643 1312 1714 fortitudinem
1333 1646 1451 1716 omnis
1467 1659 1617 1715 venator
1637 1643 1815 1730 extimuit,

229 1763 315 1859 quia
340 1762 436 1835 Sauli
459 1762 629 1834 saevitiam
654 1762 898 1859 unusquisque
923 1761 1136 1860 praedicator
1157 1764 1310 1862 expavit.
1339 1764 1518 1860 Scriptum
1539 1786 1695 1858 namque
1715 1764 1813 1832 est⁸:

232 1881 395 1954 «Saulus
416 1897 535 1955 autem
561 1881 680 1952 adhuc
702 1883 841 1980 spirans
864 1884 1045 1954 minarum
1066 1899 1101 1955 et
1122 1883 1227 1956 caedis
1254 1886 1291 1956 in
1317 1882 1512 1982 discipulos
1531 1883 1691 1969 Domini,
1710 1897 1778 1954 etc.
1797 1913 1814 1949 n

227 2007 348 2091 Quum
364 2003 469 2076 flatus
483 2027 570 2076 nare
587 1979 793 2075 reddendus
804 2003 969 2094 trahitur,
984 2005 1132 2102 spiratio
1149 2020 1311 2096 vocatur,
1330 2019 1366 2075 et
1381 2004 1469 2075 illud
1485 2027 1576 2103 saepe
1588 2028 1653 2102 per
1665 2001 1817 2073 odorem

226 2149 313 2196 nare
339 2123 663 2222 deprehendimus,
691 2123 791 2220 quod
816 2124 929 2197 oculis
956 2149 1031 2197 non
1058 2125 1233 2198 videmus.
1267 2125 1489 2197 Rhinoceros
1517 2148 1602 2219 ergo
1633 2124 1699 2193 iste
1730 2143 1817 2193 nare

226 2242 386 2339 gestabat
400 2267 516 2315 cornu
535 2267 608 2341 quo
625 2257 847 2340 percuteret;
874 2244 959 2341 quia
980 2246 1160 2317 minarum
1174 2260 1211 2316 et
1226 2245 1331 2317 caedis
1347 2246 1499 2342 spirans,
1518 2258 1709 2341 postquam
1726 2267 1816 2339 prae·
1880 2273 1885 2284 ·

224 2377 343 2435 sentes
373 2361 616 2452 interfecerat,
644 2362 810 2448 absentes
839 2362 1033 2461 quaerebat.
1065 2364 1136 2435 Sed
1166 2387 1249 2437 ecce
1274 2365 1392 2436 omnis
1422 2379 1505 2436 ante
1537 2363 1638 2434 illum
1665 2376 1816 2434 venator

184 2575 188 2586 .
223 2481 470 2572 absconditur,
489 2481 749 2570 omnishomo,
770 2481 808 2554 id
824 2497 878 2554 est
893 2483 1067 2555 rationale
1085 2485 1240 2582 sapiens,
1259 2484 1432 2581 opinione
1448 2482 1574 2554 mortis
1590 2483 1664 2577 ejus
1680 2479 1814 2574 effuga·

223 2615 295 2672 tur.
322 2606 368 2672 Ut
391 2625 477 2698 ergo
502 2599 600 2673 hune
624 2600 892 2674 rhinocerotem
910 2601 1049 2700 capiat,
1073 2604 1192 2690 sinum
1217 2627 1323 2676 suum
1347 2603 1471 2700 virgo,
1498 2601 1537 2674 id
1561 2616 1615 2672 est
1639 2615 1815 2672 secretum

222 2745 345 2810 suum,
372 2723 450 2821 ipsa
476 2745 541 2820 per
562 2745 601 2794 se
625 2721 787 2794 involuta
803 2747 909 2795 carne
925 2725 992 2795 Dei
1007 2724 1182 2822 sapientia
1202 2723 1384 2822 expandit.
1413 2725 1594 2821 Scriptum
1612 2723 1746 2819 quippe
1762 2737 1815 2794 est

215 2841 323 2938 *quod
349 2866 462 2940 quum
487 2846 703 2914 Damascum
731 2858 913 2940 pergeret,
940 2843 1061 2917 subito
1086 2845 1321 2916 circumfulsit
1345 2868 1429 2916 eum
1448 2843 1508 2916 die
1536 2842 1655 2915 media
1682 2842 1740 2913 lux
1767 2842 1814 2912 de

222 2961 328 3050 coelo,
347 2977 383 3034 et
396 2986 467 3034 vor
484 2959 577 3033 facta
591 2977 657 3050 est,
676 2961 840 3034 dicens‘:
863 2962 1012 3053 «Saule,
1031 2964 1148 3054 Saule,
1167 2963 1255 3061 quid
1271 2987 1329 3034 me
1345 2963 1589 3060 persequeris?
1602 2990 1620 3028 n
1640 2961 1710 3046 Qui
1726 2983 1812 3058 pro·

220 3094 352 3153 stratus
373 3081 523 3153 interra
544 3079 731 3179 respondit
751 3109 758 3152 ι
781 3111 799 3150 «
816 3084 904 3169 Quis
921 3108 971 3171 es,
992 3084 1168 3156 Domine?
1188 3112 1205 3150 n
1225 3083 1289 3154 Cui
1308 3082 1403 3153 illico
1420 3081 1551 3168 dicitur
1571 3108 1579 3150 ε
1602 3109 1619 3148 u
1640 3085 1714 3176 Ego
1732 3091 1818 3150 sum‘

223 3227 242 3266 u
261 3203 360 3272 Jesus
379 3205 579 3273 Nazarenus
592 3215 749 3298 quemtu
760 3203 995 3300 persequeris.
1009 3229 1027 3269 u
1044 3203 1153 3299 Virgo
1165 3203 1336 3274 nimirum
1349 3199 1570 3272 rhinoceroti
1578 3201 1697 3272 sinum
1707 3221 1812 3270 suum

220 3319 378 3415 aperuit,
404 3341 515 3414 quum
535 3318 643 3390 Saulo
665 3319 874 3419 incorrupta
889 3321 955 3391 Dei
972 3319 1147 3418 sapientia
1167 3321 1423 3392 incarnationis
1444 3343 1515 3390 suae
1536 3319 1744 3414 mysterium
1765 3318 1812 3389 de

219 3438 311 3511 coelo
328 3440 511 3537 loquendo
528 3439 707 3538 patefecit.
727 3445 771 3512 Et
788 3439 1036 3512 fortitudinem
1053 3465 1156 3512 suam
1172 3441 1423 3512 rhinocerotus
1440 3438 1609 3540 perdidit,
1629 3439 1712 3535 qnia
1728 3462 1812 3536 pro·

219 3573 350 3630 stratus
360 3558 479 3649 humi,
495 3584 604 3631 omne
621 3557 721 3658 quod
738 3560 934 3659 superbum
952 3560 1113 3631 tumebat
1130 3561 1259 3632 amisit.
1280 3561 1352 3646 Qui
1368 3559 1456 3630 dum
1473 3557 1615 3636 sublato
1637 3557 1811 3627 coelorum

218 3674 371 3766 lumine,
392 3701 501 3749 manu
521 3673 568 3750 ad
593 3679 768 3750 Ananiam
790 3677 945 3763 ducitur,
969 3692 1068 3776 patet
1084 3677 1160 3775 jam
1179 3677 1388 3750 rhinocerus
1406 3680 1471 3748 iste
1494 3677 1624 3775 quibus
1641 3676 1705 3746 Dei
1725 3674 1811 3746 loris

217 3795 436 3892 astringitur,
451 3795 711 3893 quiavidelicet
721 3779 799 3867 uno
817 3798 854 3867 in
873 3812 1035 3894 tempore
1051 3799 1214 3867 caecitatis
1228 3795 1492 3894 praedicationis
1505 3795 1718 3892 baptismate
1730 3794 1813 3890 liga·

217 3927 288 3983 tur.
310 3914 380 4000 Qui
397 3914 504 3985 etiam
521 3912 567 3985 ad
584 3914 649 3984 Dei
666 3937 823 4011 praesepe
839 3912 965 4007 ligatus
983 3927 1142 3984 moratus
1159 3928 1235 4000 est,
1255 3915 1340 4010 quia
1361 3917 1543 3985 ruminare
1566 3912 1676 3986 verba
1692 3917 1810 3986 Evan-

217 4031 298 4127 gelii
318 4031 536 4129 dedignatus
547 4056 622 4104 non
639 4047 704 4104 est.
729 4031 784 4102 Ait
801 4031 924 4101 enim·
947 4057 957 4099 t
979 4059 997 4098 u
1014 4031 1164 4102 ascendi
1184 4031 1445 4128 lerosolymam
1466 4057 1549 4102 curn
1575 4031 1737 4102 Bernaba
1760 4055 1811 4102 as·

215 4163 362 4248 sumpto
390 4163 426 4221 et
449 4150 540 4223 Tite.
569 4150 722 4222 meandi
743 4163 864 4222 autem
888 4147 1088 4220 secundum
1108 4148 1386 4239 revelationem,
1414 4165 1450 4222 et
1475 4150 1610 4222 contuli
1634 4171 1718 4219 cum
1742 4148 1808 4219 illis

214 4267 461 4366 Evangelium.
489 4298 507 4338 n
531 4275 575 4341 Et
595 4272 658 4368 qui
678 4271 776 4368 prius
794 4268 937 4365 jejunus
967 4269 1181 4340 'audierat‘z
1213 4272 1391 4340 «Durum
1418 4268 1555 4340 esttibi
1584 4282 1711 4338 contra
1745 4268 1808 4337 'sti-

217 4416 235 4456 «
255 4388 395 4462 mulum
421 4390 623 4462 calcitrare?
642 4419 660 4458 n
687 4391 777 4461 mira
801 4388 1035 4487 postmodum
1060 4390 1191 4462 virtute
1224 4388 1445 4489 praesidentis
1467 4412 1610 4488 pressus
1638 4412 1681 4460 ex
1705 4385 1807 4458 verbi

214 4506 350 4607 pabulo
362 4509 457 4582 vires
472 4508 644 4600 obtinuit,
664 4523 701 4581 et
716 4509 851 4581 calcem
867 4509 1043 4606 superbiae
1059 4510 1188 4582 amisit.
1211 4509 1311 4581 Loris
1327 4533 1473 4606 quoque
1490 4509 1556 4580 Dei
1569 4532 1645 4579 non
1664 4520 1806 4578 tantum

213 4649 235 4698 a
251 4627 391 4713 feritate
406 4630 647 4727 restringitur,
666 4629 731 4702 sed
746 4628 846 4726 quod
863 4630 975 4726 magis
992 4630 1037 4702 sit
1053 4629 1234 4720 mirabile,
1251 4629 1298 4702 ad
1315 4628 1491 4702 arandum
1507 4628 1635 4725 ligatur
1651 4653 1659 4700 ε
1676 4641 1804 4698 utnon

211 4746 333 4819 solum
347 4746 515 4822 hornines
531 4748 751 4821 crudelitatis
767 4771 883 4821 cornu
901 4771 976 4821 non
993 4751 1160 4848 impetat,
1181 4750 1243 4822 sed
1260 4775 1387 4823 eorum
1403 4751 1512 4821 etiam
1529 4747 1715 4820 refectioni
1731 4769 1804 4818 ser-

210 4867 332 4956 viens,
351 4883 509 4941 aratrum
530 4868 791 4968 predicationis
812 4867 945 4940 trabat.
969 4873 1048 4966 lpse
1068 4870 1203 4969 quippe
1227 4869 1274 4940 de
1295 4866 1619 4966 evangelizantibus
1639 4866 1741 4965 quasi
1756 4862 1803 4938 de

245 5163 254 5190 ⁴
278 5165 338 5217 Ru.
355 5167 381 5227 l,
401 5181 490 5234 capr,
504 5181 528 5220 a.
545 5165 645 5218 ¹³.-¹
660 5167 753 5226 Getae„
768 5181 824 5234 cap.
837 5184 862 5227 r.
879 5181 904 5219 r.
920 5166 1021 5218 tta-¹
1034 5169 1089 5219 Aee
1108 5169 1202 5232 apaan,
1221 5181 1278 5235 cap.
1299 5181 1375 5230 rm.
1392 5166 1473 5218 t.-‘⁴
1486 5164 1559 5229 thie,
1571 5180 1594 5217 r.
1609 5162 1696 5217 ια·
1708 5162 1807 5224 eatae,

203 5265 266 5317 cap.
284 5265 315 5312 n,
328 5266 354 5303 r.
371 5258 436 5304 1.-
447 5251 522 5304 'Ace
538 5255 633 5320 Aput„
644 5268 699 5321 cap.
710 5267 783 5317 rx,r.
796 5253 822 5304 5.
