4522 6104
511 589 744 666 lNVEG‘l'lVA
768 591 813 667 ΙΝ
838 591 1059 681 Quuuuatt
1083 592 1285 666 lGNARUM
1309 590 1603 668 DlALECTlGES.
1779 596 1850 672 697

268 728 413 802 valebit.
442 731 546 805 Unde
573 748 608 804 et
634 756 656 806 a
682 733 916 834 scriptoribus
943 733 1135 807 dialecticae
1156 758 1223 807 nec
1253 734 1360 832 hujus
1384 739 1469 809 artis
1496 751 1665 810 tractatus
1691 751 1744 808 est
1760 763 1850 837 prae·

269 851 472 940 termissus,
491 877 604 950 quum
623 855 699 953 ipse
719 855 1034 953 peripateticorum
1050 856 1218 954 princeps
1235 855 1439 928 Aristoteles
1462 855 1557 928 hauc
1574 881 1720 954 quoque
1744 856 1854 929 tradi·

270 968 374 1060 derit,
393 972 566 1044 Elenelros
581 974 741 1048 scribens
763 976 979 1072 sophisticos.
1000 980 1047 1047 Ut
1064 976 1166 1047 enim
1183 975 1324 1049 homini
1341 976 1438 1073 justo
1457 975 1542 1048 mali
1558 1001 1704 1074 quoque
1724 979 1854 1050 notitia

269 1094 469 1165 necessaria
496 1109 565 1181 est,
600 1118 677 1167 non
699 1099 740 1167 ist
760 1095 896 1170 malum
918 1095 1041 1185 faciat,
1068 1097 1132 1168 sed
1156 1111 1196 1167 ut
1216 1095 1352 1168 malum
1378 1099 1563 1194 cognitum
1581 1122 1707 1170 cavere
1724 1112 1849 1195 queat3

269 1211 318 1284 ita
347 1225 383 1283 et
409 1212 596 1286 dialectieo
622 1214 884 1313 sophismatum
912 1238 989 1287 non
1015 1229 1141 1312 potest·
1159 1213 1282 1286 deesse
1307 1216 1451 1314 peritia,
1480 1231 1521 1287 ut
1549 1217 1599 1286 sic
1631 1215 1753 1289 abeis
1782 1214 1851 1286 sibi

270 1353 395 1402 cavere
423 1346 548 1429 queat3
583 1357 656 1406 nec
690 1333 863 1407 discretus
896 1335 933 1406 in
969 1332 1167 1406 rationibus
1202 1350 1496 1430 argumentorum
1531 1337 1620 1424 erit,
1656 1337 1725 1406 nisi
1758 1335 1854 1408 salsis

268 1449 402 1546 pariter
435 1465 471 1522 et
505 1453 598 1523 veris
630 1454 803 1549 cognitis,
837 1452 914 1524 haec
951 1451 998 1524 ab
1035 1452 1102 1525 illis
1137 1453 1362 1543 discernere,
1398 1470 1434 1526 et
1467 1468 1617 1548 utraque
1655 1451 1852 1548 dijudicare

269 1564 456 1664 diligenter
471 1569 616 1643 valebit.
636 1571 740 1644 Unde
758 1585 811 1660 et,
829 1570 937 1644 beato
958 1586 1147 1670 attestante
1168 1573 1407 1670 Hieronymo,
1425 1574 1502 1671 ipse
1517 1596 1663 1669 quoque
1680 1570 1851 1643 Salomon

268 1685 316 1756 ad
332 1686 436 1759 salsas
452 1689 585 1787 pariter
606 1705 642 1761 et
657 1712 759 1763 veras
775 1670 1102 1787 argumentationes
1118 1692 1388 1788 cognoscendas
1410 1691 1607 1790 plurimum
1624 1690 1850 1763 adhortatur.

270 1805 327 1874 Sic
353 1807 451 1878 enim
476 1807 647 1882 adversus
669 1809 865 1883 calumnias
891 1811 1010 1907 Magni
1036 1812 1189 1883 oratoris
1221 1811 1320 1882 urbis
1346 1814 1466 1883 Romae
1492 1809 1670 1900 scribens,
1698 1809 1789 1882 sicut
1817 1825 1854 1882 et

270 1949 337 1995 nos
363 1949 461 1998 nunc
494 1927 664 2002 adversus
688 1929 910 2019 consimiles,
941 1931 991 2002 ait
1007 1931 1100 2002 inter
1123 1945 1249 2004 caetera
1274 1932 1320 2003 de
1342 1955 1486 2003 summo
1509 1929 1570 2002 illo
1601 1931 1761 2027 sapiente
1788 1933 1853 2002 Sa·

270 2044 433 2120 lomone¹
447 2077 455 2119 :
470 2054 542 2120 «In
559 2051 708 2124 exordio
721 2051 998 2124 Proverbiorum
1016 2039 1236 2142 comm'onet,
1256 2067 1295 2124 ut
1312 2051 1549 2149 intelligamus
1562 2075 1747 2123 sermones
1764 2076 1851 2148 pru·

271 2167 419 2260 dentiae,
448 2174 692 2270 versutiasque
717 2171 933 2262 verborum,
965 2171 1172 2272 parabolas,
1207 2187 1243 2244 et
1271 2172 1466 2244 obscurum
1498 2196 1720 2262 sermonem,
1757 2170 1854 2242 dicta

271 2293 473 2390 sapientum
495 2308 531 2365 et
558 2295 757 2391 aenigmata,
789 2319 868 2392 quae
895 2295 1041 2392 proprie
1057 2293 1327 2365 dialecticorum
1351 2309 1386 2366 et
1401 2292 1703 2391 philosophorum
1725 2304 1851 2362 sunt.»

272 2412 368 2497 Quid
384 2414 480 2488 enim
497 2415 897 2520 sapientiaesermones,
927 2415 1171 2512 versutiasque
1187 2414 1400 2506 verborum,
1438 2414 1506 2484 nisi
1532 2436 1699 2483 verarum
1724 2425 1760 2482 et
1782 2408 1854 2480 sal-

267 2529 401 2603 laciunr
428 2537 778 2630 argumentationum
813 2535 1056 2608 diversitatem
1083 2532 1272 2630 intelligit?
1302 2537 1409 2622 Quae,
1438 2545 1478 2604 ut
1507 2530 1682 2618 diximus,
1712 2530 1761 2600 ita
1786 2526 1854 2599 sibi
1972 2545 1975 2554 ⁴

271 2667 355 2723 sunt
381 2654 573 2750 adjunctae,
602 2671 643 2727 ut
675 2656 848 2727 discretus
880 2656 917 2726 in
947 2654 1004 2725 his
1028 2679 1104 2726 esse
1134 2678 1210 2724 non
1239 2653 1369 2751 possit,
1402 2652 1464 2748 qui
1497 2650 1574 2721 illas
1604 2647 1851 2745 ignoraverit:

264 2797 384 2868 quum
401 2773 448 2845 ad
465 2775 708 2871 coguitionem
731 2773 973 2874 quarumlibet
993 2799 1115 2846 rerum
1138 2773 1337 2844 necessaria
1361 2772 1405 2842 sit
1427 2770 1555 2842 notitia
1576 2769 1852 2841 contrariarum.

272 2893 385 2962 Nemo
416 2893 514 2964 enim
541 2896 690 2966 virtutes
717 2894 905 2991 diligenter
933 2894 1091 2982 noverit,
1125 2893 1188 2990 qui
1218 2891 1304 2962 vitia
1334 2891 1501 2986 ignoret:
1522 2887 1717 2986 praesertim
1743 2909 1855 2982 quum

272 3011 448 3086 nonnulla
472 3013 558 3087 vitia
583 3017 632 3088 ita
651 3015 844 3088 virtutibus
862 3014 1014 3087 finitima
1036 3015 1124 3103 siut,
1143 3027 1184 3084 ut
1200 3037 1242 3084 ex
1258 3009 1491 3083 similitudine
1511 3033 1575 3082 sua
1596 3006 1699 3080 facile
1720 3004 1855 3076 multos

272 3131 474 3231 decipiant,
510 3136 601 3206 sicut
634 3151 670 3207 et
702 3135 795 3208 lalsae
820 3136 1147 3233 argumentationes
1164 3159 1206 3205 ex
1223 3131 1455 3205 similitudine
1471 3154 1639 3202 verarum
1662 3127 1855 3226 plerosque

273 3251 309 3321 iu
341 3276 502 3324 errorem
534 3255 761 3352 pertrahunt.
798 3255 902 3326 Unde
942 3279 1017 3325 non
1058 3253 1175 3324 solum
1211 3253 1248 3323 in
1286 3250 1472 3323 dialectica
1503 3246 1690 3320 diversitas
1731 3244 1857 3316 incidit

272 3375 552 3464 sententiarum,
587 3377 823 3448 verumetiam
848 3377 886 3446 in
921 3375 994 3447 lide
1020 3375 1214 3446 christiana
1244 3371 1484 3470 multiplicitas
1523 3392 1704 3457 errorum,
1742 3391 1856 3464 quum

272 3491 415 3564 verbosi
445 3493 601 3566 baeretici
637 3498 874 3567 assertionum
904 3519 1049 3568 suarum
1083 3492 1219 3591 laqueis
1257 3491 1387 3562 multos
1420 3487 1598 3585 simplices
1630 3487 1667 3557 in
1699 3485 1857 3556 diversas

271 3612 482 3710 pertrahant
510 3628 623 3687 sectas
642 3643 650 3685 :
669 3617 732 3712 qui
762 3639 991 3713 nequaquam
1026 3616 1063 3684 in
1096 3607 1466 3709 argumentationibus
1501 3607 1698 3694 exercitati,
1734 3603 1857 3675 simili·

272 3731 435 3804 tudinem
464 3759 531 3832 pro
564 3737 735 3824 veritate,
766 3751 802 3807 et
834 3733 1009 3806 fallaciam
1037 3758 1105 3831 pro
1128 3733 1268 3803 ratione
1298 3729 1507 3826 suscipiunt.
1536 3725 1714 3796 Adversus
1746 3746 1856 3821 quam

273 3865 410 3949 pestem
443 3877 510 3924 nos
541 3855 579 3925 in
614 3852 924 3952 disputationibus
941 3875 1105 3924 exercere
1135 3850 1204 3948 ipsi
1239 3871 1385 3945 quoque
1420 3849 1595 3916 Doctores
1632 3842 1858 3916 ecclesiastici

273 3988 529 4059 commonent,
564 3988 603 4044 ut
633 3973 732 4071 quod
765 3997 840 4044 non
872 3971 1100 4066 intelligimus
1132 3969 1168 4038 in
1203 3965 1404 4064 scripturis,
1441 3988 1516 4034 nou
1558 3961 1676 4034 solum
1717 3959 1857 4032 orando

274 4106 437 4188 petamus
468 4117 488 4164 a
522 4094 703 4183 Domino,
740 4117 867 4164 verum
900 4091 1053 4163 invicem
1087 4110 1287 4186 quaeramus
1319 4080 1551 4181 disputando.
1579 4080 1683 4151 Unde
1706 4095 1741 4151 et
1766 4077 1855 4149 illud

274 4226 327 4283 est
343 4214 527 4308 Augustini
544 4215 581 4285 in
599 4228 751 4287 tractatu
767 4213 810 4286 de
827 4209 1088 4298 Misericordia,
1111 4233 1224 4309 quum
1246 4205 1305 4278 illa
1321 4203 1468 4277 Domini
1485 4214 1680 4300 exponeret
1696 4199 1828 4272 verba¹
1846 4229 1853 4270 :

276 4337 420 4408 «Petite
443 4352 478 4408 et
499 4335 644 4409 dabitur
666 4336 789 4427 vobis,
806 4336 953 4432 quaerite
976 4348 1012 4405 et
1038 4330 1250 4417 invenietis;
1277 4325 1417 4425 pulsate
1437 4337 1473 4395 et
1496 4321 1675 4421 aperietur
1698 4318 1819 4407 vobis,
1835 4345 1853 4386 u

274 4459 405 4555 petite,
429 4485 447 4525 n
465 4457 594 4556 inquit,
616 4487 633 4526 α
652 4458 806 4547 orando,
825 4457 971 4555 quaerite
988 4451 1224 4552 disputand0,
1253 4447 1391 4547 pulsate
1414 4442 1597 4540 rogando,
1621 4440 1660 4513 id
1682 4454 1735 4512 est
1752 4441 1858 4510 inter·

274 4579 451 4676 rogando.
470 4607 487 4646 u
516 4576 595 4650 Non
623 4579 719 4650 enim
741 4578 1008 4666 hoereticorum,
1026 4573 1084 4646 vel
1104 4569 1349 4672 quorumlibet
1380 4565 1580 4639 infidelium
1613 4561 1858 4634 infestationes

275 4695 435 4769 refellere
460 4696 674 4788 sufficimus,
706 4699 775 4770 nisi
805 4697 1064 4795 disputationes
1089 4717 1216 4766 eorum
1238 4687 1433 4762 dissolvere
1457 4685 1653 4785 possimus,
1677 4695 1856 4752 eteorum

275 4817 496 4916 sophismata
523 4822 616 4893 veris
648 4817 808 4894 refellere
835 4819 1057 4907 rationibus,
1088 4831 1129 4888 ut
1155 4813 1260 4888 cedat
1290 4809 1422 4884 salsitas
1448 4805 1607 4893 veritati,
1628 4818 1663 4874 et
1679 4801 1857 4901 sophistas

276 4939 476 5037 reprimant
507 4939 682 5014 dialectici
706 4939 853 5040 :parati
885 4963 1039 5038 semper,
1074 4951 1114 5008 ut
1145 4935 1272 5007 beatus
1302 4923 1479 5003 admonet'
1508 4930 1655 5012 Petrus,
1686 4921 1733 4994 ad
1756 4922 1858 4994 satis·

314 5209 322 5236 '
343 5211 416 5275 ⁰1²9„
427 5223 445 5264 l·
458 5213 500 5272 Ν.
512 5231 538 5281 p.
551 5216 579 5265 2.
590 5216 634 5266 ool
646 5215 743 5267 bil.-
752 5211 861 5276 'llatthq
873 5227 929 5280 cap.
942 5228 989 5274 ιιι,
1000 5227 1025 5262 v.
1038 5212 1061 5260 l.
1072 5235 1089 5247 -
1100 5209 1171 5268 Lare..
1184 5223 1239 5274 cap.
1256 5220 1295 5266 ιι,
1308 5220 1332 5255 ι.
1344 5203 1369 5254 9.
1704 5284 1743 5345 88

285 5331 290 5340 ·
403 5315 412 5360 l
