4522 6102
472 617 484 684 t
495 615 540 686 58
897 613 1025 685 PETRI
1052 613 1286 688 remetitur
1313 617 1369 690 ET
1395 617 1620 692 HstotssAE

469 751 586 826 verbis
604 747 672 821 illis
691 750 916 841 necessariis,
935 750 1102 824 redeatur
1124 750 1171 824 ad
1194 753 1337 852 priora,
1363 755 1421 828 vel
1436 755 1537 855 quod
1555 769 1802 856 opportunum
1818 771 1871 832 est
1886 755 1959 829 fiat.
1981 762 2049 831 Nec

468 870 586 971 tepide
606 871 801 968 corrigatur
818 870 1012 946 verborum
1031 887 1093 946 aut
1111 871 1492 972 signorum'exoessus,
1512 875 1577 950 sed
1590 875 1784 948 verborum
1799 877 1995 976 praecipue,
2013 879 2048 948 in

467 992 596 1089 quibus
624 993 737 1090 majus
765 993 929 1066 imminet
955 994 1168 1091 periculum.
1198 995 1264 1068 Cui
1286 995 1447 1095 profecto
1471 997 1584 1070 multo
1608 1021 1811 1095 magnoque
1837 996 1999 1096 periculo
2017 1014 2050 1070 et

466 1116 591 1188 beatus
606 1113 799 1212 Gregorius
824 1139 1029 1188 succurrere
1054 1115 1284 1189 vehementer
1309 1118 1477 1217 cupiens,
1502 1123 1580 1190 Vlll
1599 1119 1791 1190 Moralium
1809 1118 1871 1190 lib.
1888 1121 1897 1156 ¹
1917 1120 1967 1192 sic
1983 1143 2049 1190 nos

468 1238 629 1308 instruit:
653 1267 670 1306 u
685 1239 781 1308 Dum
798 1237 933 1326 otiosa,
954 1265 971 1304 n
990 1237 1126 1336 inquit,
1148 1267 1166 1305 e
1182 1236 1290 1310 verba
1305 1263 1430 1312 cavere
1448 1239 1681 1337 negligimus,
1701 1239 1747 1312 ad
1763 1240 1870 1311 noxia
1888 1242 2050 1337 perveni-

467 1384 557 1432 mus.
578 1359 667 1428 Hinc
686 1357 906 1430 seminantur
924 1357 1075 1449 stimuli,
1096 1359 1261 1430 oriuntur
1283 1359 1388 1450 rixae,
1407 1359 1652 1432 accenduntur
1674 1359 1767 1432 iaces
1780 1357 1967 1452 odiorum,
1982 1385 2050 1460 pax

466 1494 540 1550 tota
558 1479 773 1576 extinguitur
796 1478 973 1550 cordium.
1001 1477 1105 1550 Unde
1125 1477 1219 1550 bene
1237 1504 1302 1578 per
1320 1480 1552 1554 Salomonem
1571 1478 1721 1551 dicitur¹
1745 1506 1753 1549 :
1778 1481 1882 1566 «Qui
1906 1478 2050 1551 dimittit

468 1631 485 1668 e
506 1624 655 1698 aquam,
671 1617 778 1698 caput
790 1615 843 1672 est
851 1599 1063 1696 jurgiorum.
1083 1628 1101 1666 n
1118 1605 1256 1696 Aquam
1268 1601 1402 1700 quippe
1417 1601 1615 1688 dimittere,
1632 1613 1685 1672 est
1695 1599 1853 1697 linguam
1867 1600 1905 1671 in
1914 1601 2050 1672 fluxum

466 1720 599 1818 eloquii
624 1720 791 1794 relaxare.
812 1725 895 1810 Quo
909 1735 1036 1792 contra
1054 1734 1090 1792 et
1113 1721 1149 1790 in
1170 1719 1304 1792 bonam
1326 1735 1465 1820 partem
1484 1723 1605 1794 asserit
1622 1720 1790 1794 dicem':
1810 1750 1829 1790 tt
1845 1725 1943 1820 Aqua
1969 1745 2051 1819 pro·

467 1840 578 1914 funda
602 1868 646 1916 ex
670 1868 733 1915 ore
759 1843 838 1914 viri.
856 1869 873 1910 >r
902 1841 972 1929 Qui
991 1864 1077 1938 ergo
1096 1839 1241 1913 dimittit
1260 1865 1416 1940 aquam,
1438 1857 1547 1942 caput
1572 1856 1626 1914 est
1638 1841 1840 1939 jurgiorum
1861 1869 1868 1912 :
1888 1842 1972 1939 quia
1990 1843 2051 1938 qui

464 1962 622 2060 linguam
647 1987 721 2036 non
740 1963 913 2054 refrenat,
934 1959 1166 2034 concordiam
1180 1960 1340 2060 dissipat.
1363 1961 1467 2034 Unde
1481 1962 1653 2060 scriptum
1667 1963 1739 2032 est⁸
1756 1987 1763 2029 :
1783 1987 1801 2029 u
1816 1961 1887 2049 Qui
1900 1960 2052 2058 imponit

465 2083 573 2156 stulto
590 2084 786 2173 silentium,
808 2085 878 2156 iras
895 2083 1043 2180 mitigat.
1061 2111 1079 2148 u
1094 2084 1145 2152 Ex
1163 2105 1236 2178 quo
1250 2105 1316 2152 nos
1329 2081 1512 2154 manifeste
1529 2081 1721 2171 admonet,
1738 2079 1775 2151 in
1789 2079 1861 2152 hoc
1875 2081 2053 2179 praecipue

465 2209 550 2280 vitio
566 2207 778 2305 corrigendo
801 2208 1093 2280 districtissimam
1110 2205 1281 2279 adhibere
1298 2231 1486 2279 censuram
1504 2236 1512 2278 ι
1534 2232 1581 2279 ne
1598 2207 1675 2303 ejus
1700 2205 1856 2278 vindicta
1877 2207 2054 2280 ullatenus

464 2329 667 2420 differatur,
701 2344 737 2401 et
754 2354 819 2427 per
838 2329 909 2402 boc
927 2329 1081 2402 maxime
1101 2327 1225 2424 religio
1253 2328 1483 2427 periclitetur.
1514 2329 1605 2400 Hinc
1630 2330 1765 2428 quippe
1789 2327 2051 2418 detractiones,

464 2451 563 2539 lites,
594 2451 767 2536 convitia,
796 2465 831 2522 et
855 2473 1120 2546 nonnunquam
1136 2449 1419 2546 conspirationes
1438 2465 1472 2520 et
1496 2450 1762 2544 conjurationes
1790 2451 2050 2545 germinantes,

466 2585 580 2644 totum
611 2570 788 2668 religionis
814 2569 1003 2642 aedificium
1024 2593 1099 2638 non
1120 2581 1194 2638 tam
1213 2566 1426 2641 labefactant
1442 2593 1552 2665 quam
1571 2584 1747 2642 evertunt.
1777 2569 1886 2656 Quod
1905 2570 2055 2667 quidem

465 2691 590 2761 vitium
608 2713 723 2787 quum
741 2701 965 2785 amputatum
983 2686 1107 2774 fuerit,
1129 2709 1204 2756 non
1228 2686 1379 2756 omnino
1399 2687 1547 2756 fortasse
1562 2711 1680 2783 pravae
1691 2689 1925 2784 cogitationes
1939 2693 2056 2764 extin-

381 2807 384 2813 ’
463 2827 615 2909 guntur3
635 2810 698 2882 sed
723 2807 769 2880 ab
792 2807 916 2880 alienis
935 2805 1125 2878 cessabunt
1152 2805 1376 2902 corruptelis.
1408 2810 1484 2875 Hoc
1508 2829 1622 2877 unum
1641 2807 1766 2878 vitium
1786 2807 1925 2906 fugere,
1952 2815 2056 2907 quasi

463 2931 623 3028 religioni
658 2927 820 3002 sufficere
854 2925 1125 3014 arbitraretur⁸,
1156 2924 1266 2995 abbas
1291 2925 1464 2997 Macarius
1488 2923 1729 3017 admonebat,
1762 2929 1853 3000 sieut
1880 2930 2056 3029 scriptum

463 3056 535 3126 est⁸
550 3053 605 3125 his
623 3049 739 3123 verbis
756 3078 763 3119 :
787 3077 806 3118 tt
819 3045 937 3120 Abbas
955 3045 1129 3118 Macarius
1147 3045 1262 3141 major
1279 3047 1316 3115 in
1333 3045 1450 3142 Scyti,
1471 3044 1612 3118 dicebat
1629 3045 1795 3120 iratribus
1814 3077 1822 3119 ε
1842 3053 1958 3122 «Post
1971 3054 2059 3124 mis·

466 3206 482 3242 tt
506 3199 573 3263 sas,
591 3171 755 3244 ecclesias
766 3167 887 3266 fugite,
899 3167 1061 3238 featres.»
1075 3167 1119 3234 Et
1130 3164 1219 3237 dixit
1231 3165 1264 3235 ei
1278 3189 1370 3236 unus
1382 3163 1530 3236 fratrum
1547 3193 1554 3236 ι
1570 3194 1587 3234 «
1604 3169 1719 3258 Pater,
1735 3167 1796 3240 ubi
1807 3167 1983 3244 habemus
1995 3171 2058 3244 fu-

467 3325 484 3359 «
507 3315 588 3389 gere
600 3285 983 3390 ampliusasolitudine
1001 3284 1091 3398 ista?
1109 3313 1126 3352 a
1147 3289 1188 3356 Et
1204 3284 1363 3383 ponebat
1375 3284 1527 3382 digitum
1546 3288 1701 3359 suumin
1716 3312 1780 3360 ore
1795 3314 1882 3379 suo,
1904 3291 2055 3366 dicens:

467 3445 484 3481 ι(
506 3412 605 3484 lstud
625 3408 795 3508 estquod
814 3406 1022 3504 firgiendum
1041 3405 1137 3478 dico.
1156 3434 1173 3472 a
1191 3409 1234 3476 Et
1252 3407 1301 3477 sic
1318 3405 1473 3479 intrabat
1492 3407 1528 3478 in
1540 3407 1672 3495 ,cellam
1694 3433 1818 3500 suam,
1835 3427 1871 3483 et
1883 3410 2062 3488 claudens

465 3537 618 3623 ostium,
642 3531 787 3604 sedebat
807 3529 916 3602 solus.
939 3557 956 3594 n
984 3531 1065 3598 Haec
1083 3551 1169 3599 vero
1187 3526 1316 3600 silentii
1337 3525 1469 3617 virtus,
1498 3551 1602 3624 quae,
1632 3543 1672 3601 ut
1694 3531 1742 3601 ait
1764 3531 1942 3623 JacobuS,
1971 3559 2060 3633 per·

373 3733 376 3740 ,
464 3657 594 3728 fectum
607 3653 792 3725 hominem
806 3649 935 3739 reddit,
952 3663 988 3720 et
1001 3648 1047 3720 de
1057 3670 1129 3744 qua
1146 3648 1251 3719 lsaias
1264 3647 1444 3746 praedixit⁷
1465 3675 1473 3718 ε
1493 3677 1510 3717 u
1525 3649 1649 3722 Cultus
1658 3649 1799 3746 justitiae
1822 3652 2018 3746 silentium,
2039 3687 2060 3724 n

467 3793 565 3849 tanto
584 3801 605 3848 a
623 3774 752 3846 sanctis
772 3771 929 3871 patribus
951 3769 1087 3842 fervore
1111 3783 1165 3842 est
1190 3783 1349 3868 arrepta,
1382 3767 1501 3866 quod,
1531 3770 1622 3842 sicut
1644 3772 1816 3870 scriptum
1843 3770 1918 3866 est',
1944 3775 2065 3850 abbas

469 3896 602 3992 Agatho
626 3920 691 3995 per
715 3893 907 3966 triennium
922 3889 1078 3989 lapidem
1097 3889 1134 3960 in
1158 3913 1221 3962 ore
1243 3889 1315 3986 [suo
1342 3887 1526 3980 mittebat,
1561 3889 1678 3963 donec
1699 3894 1976 3968 taciturnitatem
2004 3897 2068 3969 di-

463 4033 586 4090 sceret.
955 4107 958 4114 .

515 4139 684 4226 Quamvis
698 4137 798 4208 locus
816 4159 890 4206 non
908 4133 1040 4223 salvet,
1056 4131 1185 4204 multas
1203 4145 1323 4202 tamen
1340 4129 1473 4230 praebet
1486 4133 1773 4230 opportunitates
1786 4133 1832 4206 ad
1845 4135 2066 4232 relig'onem

466 4258 598 4331 facilius
616 4256 900 4345 observandam,
925 4269 960 4326 et
977 4254 1086 4325 tutius
1104 4251 1358 4341 muniendam
1382 4267 1419 4324 et
1436 4253 1548 4325 multa
1570 4251 1750 4351 religionis
1771 4255 1900 4328 auxilia
1918 4257 1976 4328 vel
1991 4259 2072 4330 im·

464 4380 670 4479 pedimenta
690 4403 733 4449 ort
750 4402 795 4450 eo
811 4377 1022 4448 consistunt.
1046 4372 1149 4444 Unde
1171 4387 1206 4444 et
1228 4371 1290 4445 filii
1310 4372 1593 4471 prophetarum,
1613 4398 1726 4471 quos,
1740 4375 1790 4446 'ut
1809 4377 1858 4448 ait
1881 4377 2072 4476 Hierony·-

465 4505 595 4590 mus⁸,
627 4497 824 4570 monachos
851 4496 1001 4594 legimus
1029 4495 1067 4566 in
1097 4495 1214 4567 Veteri
1232 4499 1482 4586 Testamento,
1517 4493 1564 4566 ad
1588 4494 1789 4568 solitudinis
1813 4513 1992 4570 secretum
2021 4527 2071 4574 se

463 4621 731 4711 transtulerunt,
746 4632 874 4719 praeter
886 4617 1020 4688 fluenta
1030 4613 1197 4686 iordanis
1209 4613 1346 4686 casulas
1359 4639 1440 4686 suas
1454 4616 1720 4688 constituentes.
1736 4620 1893 4690 loannes
1906 4643 2073 4716 quoque

463 4760 498 4816 et
515 4740 680 4840 discipuli
696 4740 792 4837 ejus,
822 4762 917 4836 quos
931 4737 1039 4808 etiem
1064 4735 1238 4834 propositi
1259 4735 1370 4806 nostri
1394 4735 1575 4833 principes
1596 4733 1793 4825 habemus,
1823 4751 1859 4808 et
1880 4736 2074 4838 deinceps

464 4862 611 4952 Paulus,
635 4861 828 4948 Antonius,
849 4856 1042 4946 Macarius,
1064 4857 1179 4954 etqui
1199 4857 1375 4955 praecipue
1398 4856 1436 4927 in
1464 4870 1588 4928 nostro
1616 4855 1817 4928 floruerunt
1839 4860 2070 4956 proposito,

419 5071 427 5128 '.
494 5103 801 5168 'lib.Vlll,cap.xrn.
820 5095 1235 5162 opp.r.t‚eot.ata.-¹Prov.,
1270 5109 1309 5147 tur
1322 5095 1450 5147 B.-⁸ln
1468 5097 1525 5147 Vitta
1538 5095 1715 5155 Petrum,lib.
1736 5095 1765 5156 V,
1778 5099 1808 5147 de
1823 5097 1929 5156 Certim,
1945 5111 1972 5160 p.
1992 5097 2075 5152 570.

459 5205 513 5256 cap.
530 5204 594 5250 ran,
607 5207 631 5240 v.
647 5190 685 5237 tt.
696 5185 748 5223 -⁸
762 5185 836 5234 Prov.
845 5222 852 5242 ,
861 5197 915 5248 cap.
929 5197 1002 5244 xrrn,
1017 5197 1041 5232 v.
1052 5184 1076 5232 l.
1086 5208 1113 5220 -
1130 5181 1236 5240 ⁸Prou,
1270 5205 1298 5217 -
1309 5179 1318 5208 ¹
1331 5178 1398 5242 lsai,
1408 5195 1538 5248 cap-ant,
1551 5196 1575 5232 r.
1587 5179 1679 5231 aa.-⁸
1690 5179 1769 5246 Epist.
1779 5195 1849 5241 xtra,
1861 5185 1896 5231 ad
1904 5181 2054 5234 Paulinum
2068 5225 2077 5245 ‚

458 5292 512 5342 cap.
530 5290 602 5334 xxti,
616 5289 639 5323 v.
653 5273 693 5321 to.
702 5295 735 5308 -
745 5270 755 5297 ⁸
764 5271 901 5319 Arbitrotut
918 5267 968 5316 ttS.
984 5264 1053 5317 Amb.
1066 5293 1083 5303 -
1092 5267 1236 5316 Arbitraba-
1273 5267 1335 5328 Opp.
1348 5276 1365 5315 t.
1378 5265 1548 5325 1v‚eot.tot.
