4486 6100
433 657 504 728 350
1036 653 1165 726 PETRI
1192 653 1426 727 laminam

433 796 642 860 numerandus
657 803 720 872 ast,
740 803 805 858 tum
825 813 881 878 pro
895 795 1042 877 singulari
1055 797 1274 868 sententiarum
1288 794 1433 878 audacia,
1447 803 1511 860 tum
1531 815 1587 880 pro
1604 797 1644 862 iis
1657 816 1725 882 quae
1742 797 1782 863 de
1799 801 2021 866 monachorum

432 900 480 962 sui
501 901 647 982 temporis
658 897 796 964 moribus
812 896 963 980 perhibet.
978 900 1042 962 Nos
1052 907 1154 962 numm
1169 897 1329 962 deficiente
1343 897 1466 978 codiee,
1484 897 1538 960 vix
1551 917 1705 983 perpauea
1717 899 1857 984 quaedam
1870 901 2021 986 impresso

431 1000 511 1065 libro
525 1001 771 1081 immutavimus,
791 1019 860 1084 quaa
879 999 935 1064 tibi
945 1000 1008 1083 jam
1027 998 1194 1064 indicanda
1206 1010 1287 1064 sunt.
1312 998 1602 1092 Scilicet-decimum
1617 1009 1759 1085 quartum
1773 1003 1806 1064 in
1818 1001 2022 1067 morasus

432 1101 587 1166 editions¹
600 1120 772 1166 sermonem
785 1103 824 1166 de
838 1104 934 1166 Grrroe
946 1101 1110 1166 undecimo
1120 1103 1158 1165 de
1170 1099 1269 1165 Beira
1280 1106 1373 1183 pestis
1387 1106 1422 1164 r'n
1434 1103 1485 1166 die
1495 1104 1665 1176 Passionis,
1678 1103 1729 1166 aui
1740 1103 1789 1166 val
1798 1104 2021 1182 continuando,

430 1203 478 1266 vel
505 1203 694 1287 perficiendo
715 1203 820 1268 forsan
840 1202 995 1281 haerebat,
1014 1204 1264 1287 postposuimus;
1287 1211 1449 1287 postquam
1469 1203 1552 1268 enim
1572 1211 1708 1268 extrema
1725 1205 1860 1270 narravit
1876 1225 2022 1289 quaeeun-

431 1325 490 1387 qne
507 1308 541 1370 in
560 1316 659 1370 morte
677 1307 800 1370 Domini
817 1314 1003 1386 evenerunt,
1016 1304 1194 1369 Abaelsrdus
1213 1305 1259 1369 sie
1278 1304 1450 1388 perorando
1470 1305 1597 1390 incipit:
1612 1335 1626 1362 α
1636 1309 1717 1370 ane
1734 1307 1844 1372 seriem
1860 1305 2023 1374 dominiooe

431 1410 599 1491 passionis,
620 1419 712 1493 prout
728 1409 886 1474 memoriae
907 1409 1058 1488 assumit,
1080 1417 1138 1474 ete.
1154 1437 1168 1464 a
1189 1407 1267 1473 Tum
1288 1427 1463 1473 sermonem
1485 1410 1677 1492 trigesimum
1691 1409 1881 1475 seeundum'
1891 1411 1923 1475 in
1938 1421 2024 1476 sexta

431 1514 508 1577 feria
522 1521 594 1596 post
606 1521 747 1578 octavam
759 1512 969 1591 nscessionis,
984 1512 1168 1576 retraximus
1181 1512 1220 1576 ad
1238 1512 1351 1576 adeam
1366 1531 1473 1576 eorum
1488 1513 1541 1597 qui
1554 1513 1594 1578 de
1607 1513 1714 1578 Mam
1728 1514 1891 1580 testivitate
1903 1515 2021 1580 haben-

432 1627 491 1681 tur.
508 1621 603 1683 Suum
617 1619 743 1699 insuper
759 1616 950 1680 restituimus
963 1615 996 1679 in
1009 1616 1112 1679 locum
1126 1634 1300 1680 sermonem
1320 1616 1414 1680 istum
1432 1615 1472 1679 de
1493 1617 1712 1680 innoeentibus
1733 1617 1767 1680 in
1788 1617 1902 1681 Codice
1925 1618 2023 1683 Einsi-

432 1722 571 1786 delnensi
593 1740 702 1786 reeens
723 1728 894 1803 repertum,
918 1729 950 1784 et
971 1719 1061 1784 aliam
1081 1720 1121 1784 de
1140 1719 1172 1785 S.
1189 1720 1343 1804 Stephano
1361 1721 1531 1786 orationem
1553 1739 1622 1805 quoe
1646 1719 1723 1785 laiso
1742 1721 1781 1785 ab
1794 1721 1958 1788 amboesio
1973 1725 2023 1788 in·

432 1825 547 1907 scripta
559 1832 624 1888 erat
638 1825 779 1905 Epistola
790 1824 833 1886 ad
851 1825 988 1904 Vispines
996 1823 1218 1904 paraclitenses
1235 1825 1273 1886 de
1288 1824 1379 1886 laada
1394 1825 1427 1889 S.
1440 1823 1588 1906 Stephani
1598 1829 1835 1906 protomartyris
1848 1825 1869 1888 ⁸.
1887 1825 2024 1907 Denique

431 1937 466 1990 ut
486 1927 716 1992 concionatoria
734 1924 883 1990 dbaelardi
905 1943 1095 2009 quecunque
1115 1925 1154 1989 ad
1173 1944 1233 1988 nos
1249 1934 1470 2008 pervenerunt,
1491 1926 1579 2009 quasi
1600 1926 1632 1989 in
1653 1925 1768 1990 fascem
1790 1925 1919 1990 collecta
1938 1926 2024 2008 laga·

431 2040 547 2107 rentur,
567 2040 630 2094 tras
647 2027 843 2093 sermonibus
861 2028 1071 2111 expositiones
1090 2027 1297 2112 subjiciendas
1309 2027 1551 2108 mandarimus,
1567 2047 1644 2110 quas
1657 2037 1763 2093 noster
1776 2031 2024 2113 pronuntiavisse

431 2132 562 2213 videtur,
578 2149 670 2195 unam
685 2130 803 2194 scilieet
819 2133 851 2196 in
866 2133 1042 2195 Orationem
1053 2133 1266 2204 Dominioam,
1282 2129 1407 2194 alteram
1421 2135 1456 2194 ia
1467 2131 1644 2212 Symbolum
1658 2132 1887 2212 Apostolorum,
1903 2133 2023 2196 tertiam

432 2240 466 2296 r'n
482 2235 658 2315 Symbolum
667 2237 770 2296 sonata·
780 2232 971 2296 aemonae.
988 2232 1041 2294 Has
1054 2230 1179 2314 quidam
1194 2239 1314 2295 exstant
1335 2232 1368 2294 in
1386 2231 1494 2295 codiee
1513 2233 1671 2296 Victorino
1682 2237 1760 2308 sam
1775 2232 1857 2296 illius
1876 2251 1951 2297 vero
1966 2252 2022 2296 oo·

432 2335 533 2398 dicem
559 2333 677 2398 nullum
706 2334 859 2398 novimus.
884 2332 1054 2397 Verisimile
1077 2341 1124 2397 ost
1146 2351 1198 2396 eas
1222 2334 1410 2416 compositas
1432 2332 1547 2409 fuisse,
1576 2332 1650 2398 dum
1681 2343 1787 2399 noster
1814 2333 1895 2417 apud
1920 2335 2023 2399 Sancti

433 2439 558 2503 Gildasii
571 2438 724 2502 abbatiam
738 2445 884 2504 maneret.

849 3123 1121 3215 EPISTOLA
1154 3124 1230 3268 AD
1265 3123 1602 3215 flauolssnn.

478 3396 613 3470 Libello
634 3395 795 3495 quodam
810 3393 1031 3492 hymnorum
1049 3395 1106 3468 vel
1123 3397 1388 3494 sequentiarum
1406 3421 1427 3470 a
1445 3420 1504 3468 me
1526 3420 1643 3496 nuper
1661 3395 1826 3497 precibus
1845 3397 1915 3468 tuis
1932 3417 2020 3468 con·

430 3531 628 3606 summata,
647 3513 853 3587 venerenda
878 3515 916 3585 in
942 3512 1084 3586 Christo
1109 3529 1144 3587 et
1169 3515 1323 3588 amanda
1348 3540 1452 3588 soror
1475 3515 1656 3606 Heloissa,
1678 3514 1852 3588 nonnulla
1875 3513 2021 3612 ins'uper

430 3635 602 3734 opuscula
615 3655 842 3736 sermonum,
859 3632 959 3728 juxta
978 3631 1188 3736 petitionem
1204 3647 1322 3723 tuam,
1342 3647 1416 3705 tam
1434 3633 1499 3706 tibi
1516 3657 1626 3730 quam
1644 3632 1860 3732 spiritalibus
1881 3631 2021 3705 filiabus

428 3755 499 3826 tuis
514 3755 551 3826 in
570 3753 728 3826 oratorio
752 3767 877 3825 nostro
896 3752 1136 3850 congregatis,
1157 3751 1310 3825 scribere
1329 3767 1457 3853 praeter
1473 3752 1772 3826 consuetudinem
1795 3768 1956 3825 nostram
1968 3767 2022 3824 ut·

428 3898 571 3972 cunque
590 3873 777 3946 maturavi.
807 3873 890 3946 Plus
909 3873 1044 3972 quippe
1063 3871 1208 3947 lectioni
1224 3895 1334 3971 quam
1357 3873 1516 3946 sennoni
1534 3871 1695 3968 deditus,
1715 3875 1946 3975 expositionis
1965 3875 2020 3945 in·

428 3995 513 4066 sisto
533 3991 735 4092 planitiem,
757 4016 834 4064 non
855 3991 1067 4090 eloquentiae
1088 3993 1414 4092 compositionem:
1434 4018 1579 4067 sensum
1596 3993 1737 4088 litterae,
1756 4019 1831 4067 non
1850 4009 2020 4066 ornatum

427 4113 623 4186 rhetoricae.
659 4117 707 4186 ric
729 4113 877 4188 sortasse
899 4137 991 4214 pura
1010 4113 1129 4188 minus
1153 4138 1263 4212 quam
1287 4129 1412 4187 ornata
1429 4113 1564 4188 locutio
1582 4131 1717 4214 quanto
1736 4116 1877 4217 planior
1895 4115 2018 4204 iirerit,

428 4251 528 4308 tanto
560 4235 776 4335 simplicium
805 4233 1043 4333 intelligentiae
1072 4235 1301 4309 commodior
1332 4237 1418 4328 erit3
1451 4251 1488 4311 at
1516 4261 1584 4336 pro
1614 4236 1782 4336 qualitate
1800 4223 2021 4308 ‘nudarum

428 4359 504 4456 ipsa
519 4355 643 4430 inculti
657 4355 832 4429 sermonis
849 4355 1024 4428 rusticitas
1039 4355 1203 4454 quaedam
1216 4359 1283 4429 erit
1295 4371 1442 4430 ornatus
1459 4355 1657 4449 urbanitas,
1676 4371 1714 4429 et
1731 4353 1917 4464 quoddam
1930 4375 2021 4426 oon·

428 4476 629 4550 dimentum
653 4475 790 4576 saporis
809 4475 1038 4575 parvularum
1056 4475 1286 4575 intelligentia
1304 4475 1424 4550 facilis.
1450 4481 1491 4549 In
1512 4477 1570 4551 his
1590 4491 1710 4551 autem
1734 4473 1932 4548 scribendis
1954 4496 2021 4546 sen

428 4594 661 4696 disponendis
681 4594 848 4668 ordinem
870 4594 1095 4668 festivitatum
1113 4611 1256 4688 tenens,
1277 4596 1323 4670 ab
1345 4597 1423 4697 ipso
1441 4611 1571 4670 nostrae
1588 4595 1846 4696 redemptionis
1869 4593 2022 4668 exordio

428 4741 508 4789 sum
527 4742 684 4790 exorsus.
699 4717 786 4790 Vale
800 4717 837 4789 in
851 4709 1023 4811 Domino,
1037 4717 1114 4814 ejus
1132 4718 1275 4813 ancilla,
1292 4719 1381 4791 mihi
1398 4719 1582 4819 quondam
1601 4720 1638 4792 in
1658 4717 1780 4792 seculo
1798 4741 1899 4808 cara,
1921 4741 2023 4789 nunc

428 4837 465 4907 in
484 4833 623 4910 Christo
636 4837 838 4911 eadssima:
859 4838 898 4910 in
914 4861 1021 4912 carne
1037 4853 1125 4912 tunc
1141 4865 1251 4932 uxor,
1276 4865 1373 4913 nunc
1393 4840 1431 4914 in
1451 4839 1575 4940 spiritu
1593 4864 1715 4933 soror,
1743 4853 1850 4937 atque
1876 4839 1913 4909 in
1935 4862 2024 4936 pro-

430 4953 580 5028 fessione
592 4957 683 5028 sacri
694 4958 871 5056 propositi
883 4983 1044 5032 consors.
1671 4968 1674 4974 '

463 5194 471 5220 ⁴
489 5191 545 5246 vro.
568 5193 687 5249 ausura
701 5197 790 5262 opas,
809 5196 918 5260 sanari,
938 5199 1016 5263 raro,
1030 5215 1058 5266 p.
1072 5201 1196 5252 sao-sss.
1209 5227 1237 5238 -
1251 5198 1261 5226 ¹
1276 5199 1351 5262 roso,
1369 5193 1926 5266 p.aes-art.-·1bid.‚p.2tt-mr.-⁸
1942 5189 2024 5256 rura..

429 5296 454 5347 p.
468 5281 590 5332 sas-sss.
