4600 6098
537 574 664 645 PETlll
690 575 924 646 tsAEttttut
950 576 1005 645 ET
1030 573 1254 644 HELOlSSAE
1279 569 1516 642 EPlS'lOLAE.
1788 567 1834 636 73

252 716 308 787 vel
322 715 446 788 audire
461 738 567 812 posse
585 714 755 784 aestimem
771 742 781 783 ι
797 727 896 784 tanto
915 713 1058 784 dolores
1076 737 1176 783 meos
1189 711 1340 809 amplius
1353 721 1591 796 renovarunt,
1605 719 1740 803 quanto
1754 704 1832 776 dili·

252 836 390 931 gentius
412 833 568 931 singula¹
590 847 839 931 expresserunt
859 847 894 903 et
915 857 959 904 eo
983 833 1094 929 magis
1111 846 1303 920 auxerunt,
1325 855 1398 927 quo
1424 830 1515 899 inte
1537 825 1655 898 adhuc
1677 823 1833 924 pericula

252 979 409 1028 crescere
425 953 591 1044 retulisti3
616 969 654 1024 ut
672 977 799 1024 omnes
816 954 947 1051 pariter
967 952 1012 1023 de
1030 953 1102 1022 vita
1124 967 1185 1022 tua
1205 950 1392 1048 desperare
1405 973 1596 1045 cogamur,
1619 960 1655 1018 et
1672 941 1834 1042 quotidie

253 1073 396 1146 ultimos
412 1073 492 1145 illos
509 1073 555 1144 de
568 1096 657 1144 nece
674 1087 736 1143 tua
749 1095 913 1144 rumores
926 1070 1138 1169 trepidantia
1155 1084 1276 1140 nostra
1295 1067 1403 1140 corda
1418 1082 1453 1138 et
1465 1065 1672 1164 palpitantia
1688 1078 1833 1162 pectora

253 1207 450 1291 expectent.
470 1197 536 1262 Per
553 1193 671 1290 ipsum
684 1193 819 1288 itaque,
834 1192 943 1288 quite
958 1189 1024 1261 sibi
1039 1190 1157 1262 adhuc
1174 1211 1322 1286 quoquo
1339 1186 1450 1257 modo
1469 1187 1636 1282 protegit,
1652 1184 1832 1256 Christum

216 1331 225 1344 ·
252 1311 497 1401 obsecratum,
518 1325 692 1408 quatenus
713 1309 894 1382 ancillulas
908 1311 1017 1410 ipsius
1028 1325 1063 1380 et
1083 1325 1162 1382 tuas
1180 1307 1332 1379 crebris²
1347 1305 1471 1377 litteris
1491 1305 1536 1376 dc
1552 1305 1630 1394 his,
1650 1302 1832 1400 inquibus

251 1430 369 1503 adhuc
391 1433 564 1519 fluctuas,
596 1431 805 1527 naufragiis⁸
828 1429 1023 1502 certificare
1046 1431 1219 1528 digneris,
1249 1443 1288 1500 ut
1316 1451 1382 1498 nos
1410 1425 1533 1497 saltem
1557 1449 1636 1522 quae
1660 1423 1723 1495 tibi
1749 1423 1832 1494 solae

137 1585 142 1611 ι
252 1554 509 1641 remansimus,
530 1551 664 1626 doloris
680 1551 737 1622 vel
761 1550 881 1647 gaudii
898 1552 1107 1649 participes*
1125 1549 1268 1622 habeas.
1293 1547 1416 1618 Solent
1437 1547 1567 1617 etenim
1591 1543 1727 1616 dolenti
1744 1569 1832 1614 non·

251 1670 386 1744 nullam
403 1671 528 1744 alierre
540 1671 823 1744 consolationem
841 1673 903 1768 qui
921 1671 1136 1761 condolent,
1157 1687 1192 1743 et
1203 1668 1389 1768 quodlibet
1400 1691 1492 1739 onus
1512 1666 1671 1765 pluribus
1684 1666 1830 1763 imposi-

216 1779 228 1802 '
252 1805 326 1862 tum
341 1793 452 1864 levius
470 1794 685 1882 sustinetur,
702 1793 776 1863 sive
789 1791 957 1863 defertur.
982 1791 1131 1878 Quodsi
1148 1789 1333 1890 paululum
1347 1789 1422 1860 haec
1434 1802 1623 1887 tempestas
1634 1787 1827 1885 quieverit,

251 1927 351 1982 tanto
370 1913 520 2011 amplius
534 1912 753 1984 maturandae
770 1926 853 1982 sunt
870 1912 1007 2002 litterae,
1025 1927 1159 2008 quanto
1180 1926 1263 1984 sunt
1277 1909 1508 2006 jucundiores
1526 1909 1661 1982 futurae.
1683 1913 1736 1980 De
1754 1909 1831 2004 qui-

251 2029 460 2128 buscunque
483 2049 603 2104 autem
632 2031 737 2102 nobis
762 2030 917 2120 scribas,
948 2056 1023 2102 non
1046 2055 1196 2130 parvum
1217 2030 1321 2101 uobis
1340 2029 1537 2101 remedium
1561 2029 1738 2118 conferes3
1760 2027 1831 2096 hoc

251 2150 373 2221 saltem
393 2175 465 2222 uno
483 2151 583 2248 quod
600 2165 635 2222 te
659 2152 771 2222 nostri
791 2173 988 2222 memorem
1010 2175 1085 2223 esse
1102 2149 1327 2222 monstrabis.
1348 2154 1464 2236 Quam
1475 2148 1641 2243 jucundae
1660 2173 1744 2220 vero
1763 2148 1833 2218 sint

250 2269 447 2342 absentium
460 2270 581 2342 litterae
592 2275 602 2308 ⁵
615 2271 826 2358 amicorum,
842 2271 916 2367 ipse
928 2295 996 2342 nos
1005 2270 1169 2368 exemplo
1181 2271 1328 2368 proprio
1342 2272 1476 2340 Seneca
1485 2268 1607 2357 docet,
1620 2269 1666 2338 ad
1676 2269 1831 2340 amicum

250 2387 422 2459 Lucilium
445 2389 605 2486 quodam
625 2389 706 2461 loco
732 2390 781 2460 sie
804 2390 981 2461 scribens⁶
1005 2415 1011 2457 :
1037 2390 1181 2478 «Quod
1206 2391 1408 2486 frequenter
1431 2388 1519 2460 mihi
1538 2387 1679 2478 scribis,
1706 2389 1832 2484 gratias

249 2532 327 2604 ago.
345 2513 433 2580 Nam
448 2535 521 2606 quo
541 2535 616 2581 uno
629 2509 740 2580 modo
760 2523 863 2606 potes
876 2523 911 2580 te
926 2509 1012 2580 mihi
1026 2509 1196 2582 ostendis.
1219 2497 1407 2606 Nunquam
1427 2508 1614 2606 epistolam
1629 2523 1725 2580 tuam
1740 2510 1831 2580 aeci-

250 2627 328 2724 pi0,
345 2629 432 2724 quin
453 2631 618 2726 protinus
640 2653 711 2700 uua
729 2629 850 2700 simus.
868 2629 904 2698 Si
924 2629 1095 2726 imagines
1113 2627 1217 2700 nobis
1235 2629 1432 2700 amicorum
1451 2627 1649 2698 absentium
1665 2627 1831 2721 jucundae

249 2763 350 2836 sunt,
371 2773 450 2844 quae
468 2749 679 2820 memoriam
698 2761 891 2836 renovant,
906 2763 942 2818 et
959 2747 1175 2819 desiderium
1191 2747 1356 2818 absentiae
1375 2747 1461 2818 falso
1476 2762 1583 2844 atque
1596 2748 1692 2818 inani
1706 2746 1831 2818 solatio

250 2866 389 2956 levant,
406 2885 539 2966 quanto
550 2868 782 2964 jucundiores
793 2883 876 2939 sunt
886 2867 1020 2956 litteras,
1035 2893 1114 2963 quae
1124 2869 1229 2938 amici
1240 2867 1394 2938 absentis
1407 2891 1506 2938 veras
1518 2881 1622 2938 notas
1633 2866 1828 2938 afferenti»

250 2991 328 3058 Deo
346 3002 465 3058 autem
479 2989 627 3084 gratias,
641 2988 741 3085 quod
755 2987 825 3058 hoc
839 2987 962 3060 saltem
976 2985 1086 3060 modo
1098 2969 1321 3085 praesentiam
1335 3001 1434 3058 tuam
1448 2984 1553 3056 nobis
1572 2984 1720 3058 reddere
1734 2986 1831 3058 nulla

249 3105 383 3176 invidia
404 3106 622 3204 prohiberis,
655 3107 752 3178 nulla
779 3107 985 3180 difficultate
1014 3107 1240 3206 praepediris,
1268 3106 1389 3195 nulla,
1419 3103 1593 3193 obsecr0,
1621 3104 1833 3201 negligentia
1944 3143 1952 3163 ·

249 3223 448 3296 retarderis.
465 3227 640 3325 Scripsisti
654 3227 700 3297 ad
716 3228 871 3298 amicum
885 3202 1030 3326 prolixae
1046 3225 1328 3298 consolationem
1345 3223 1525 3322 epistolae,
1546 3238 1582 3294 et
1595 3247 1661 3320 pro
1679 3223 1835 3294 adversi-

249 3343 556 3442 tatibus⁷quidem
574 3349 665 3436 suis,
685 3347 746 3420 sed
767 3347 812 3419 de
832 3348 912 3418 tuis.
931 3351 1027 3433 Quas
1046 3347 1210 3418 videlicet
1229 3360 1305 3418 tuas
1324 3344 1509 3442 diligenter
1527 3368 1830 3432 commemorans,
1846 3415 1855 3431 ,

249 3487 361 3559 quum
378 3465 454 3560 ejus
472 3467 695 3538 intenderes⁸
708 3467 964 3556 consolationi,
987 3481 1116 3538 nostre
1134 3466 1328 3564 plurimum
1345 3463 1532 3536 addidisti⁸
1544 3461 1778 3552 desolationi,
1801 3479 1836 3536 et

249 3583 334 3654 durn
348 3585 423 3680 ejus
435 3587 571 3658 mederi
581 3587 787 3660 vulneribus
796 3613 957 3688 cuperes,
972 3612 1066 3659 nova
1078 3585 1352 3684 quaedamnobis
1364 3585 1509 3657 vulnera
1518 3584 1652 3659 doloris
1663 3585 1830 3674 inflixisti,

248 3718 282 3772 et
299 3704 418 3800 priora
440 3707 578 3777 auxisti.
605 3709 718 3796 Sana,
742 3706 916 3796 obsecro,
939 3708 1014 3804 ipse
1031 3731 1109 3804 quae
1128 3705 1257 3794 fecisti,
1280 3709 1340 3803 qui
1355 3729 1434 3802 quae
1448 3705 1506 3776 alii
1530 3704 1688 3776 lecerunt
1709 3728 1833 3776 curare

247 3824 384 3920 satagis.
407 3827 545 3897 Morem
563 3826 709 3924 quidem
729 3829 844 3899 amico
859 3842 894 3898 et
911 3823 1009 3898 socio
1028 3826 1181 3922 gessisti,
1199 3841 1233 3897 et
1256 3841 1328 3896 tam
1349 3826 1510 3896 amicitiae
1530 3849 1640 3920 quam
1658 3825 1833 3896 societatis

249 3940 408 4014 debitum
426 3945 645 4042 persolvisti3
662 3948 725 4019 sed
738 3948 872 4043 majore
890 3961 925 4018 te
943 3946 1065 4018 debito
1083 3945 1187 4017 nobis
1202 3946 1408 4034 astrinxisti,
1422 3971 1510 4042 quas
1529 3970 1604 4016 non
1619 3960 1691 4016 tam
1703 3945 1833 4022 unicas

247 4085 356 4156 quam
369 4063 609 4152 amicissimas,
623 4090 698 4136 non
711 4080 784 4137 tam
799 4067 911 4137 socias
922 4090 1030 4162 quam
1045 4064 1133 4136 filias
1145 4065 1313 4135 convenit
1325 4065 1524 4151 nominari,
1541 4063 1597 4135 vel
1608 4065 1637 4136 si
1648 4063 1748 4161 quod
1757 4063 1833 4136 dul·

247 4180 528 4254 ciusetsanctius
539 4184 754 4256 vocabulum
763 4189 781 4224 ¹⁸
789 4201 906 4284 potest
918 4185 1270 4281 excogitariQuanto
1283 4196 1400 4254 autem
1409 4182 1531 4254 debito
1544 4197 1578 4254 te
1590 4207 1672 4280 erga
1681 4181 1833 4254 easobli·

245 4301 393 4395 gaveris,
410 4328 483 4374 non
495 4306 722 4400 argumentis,
740 4330 814 4376 non
827 4306 1037 4377 testimoniis
1057 4303 1210 4400 indiget,
1229 4319 1268 4374 ut
1281 4305 1381 4401 quasi
1393 4302 1543 4378 dubium
1556 4301 1828 4400 comprobetur:

247 4434 280 4490 et
293 4421 322 4490 si
336 4446 462 4494 omnes
473 4437 631 4512 taceant,
646 4449 703 4495 res
715 4425 789 4523 ipsa
803 4425 943 4497 clamat.
962 4425 1073 4521 Hujus
1085 4425 1218 4522 quippe
1227 4422 1296 4494 loci
1312 4438 1350 4494 tu
1363 4437 1443 4521 post
1459 4427 1576 4494 Deum
1590 4420 1686 4495 solus
1704 4445 1742 4493 es
1756 4422 1832 4492 sun·

247 4537 362 4629 dator,
372 4540 469 4612 solus
478 4541 585 4638 hujus
595 4544 739 4614 oratorii
752 4559 991 4634 constructor,
1003 4544 1099 4616 solus
1107 4543 1214 4640 hujus
1223 4542 1506 4641 congregationis
1519 4538 1722 4612 aedificator.
1737 4539 1831 4612 Nihil

246 4655 304 4730 hic
317 4685 425 4758 super
439 4660 596 4733 alienum
610 4661 791 4736 aedificasti
803 4662 1089 4736 fundamentum.
1107 4668 1235 4736 Totum
1250 4662 1349 4760 quod
1362 4662 1421 4734 hic
1433 4677 1497 4751 cst,
1514 4676 1573 4732 tua
1588 4663 1605 4697 ¹¹
1619 4661 1751 4732 creatio
1763 4676 1827 4732 est.

247 4777 409 4851 Solitudo
431 4779 506 4852 haec
525 4782 605 4854 seris
628 4797 785 4872 tantum,
806 4785 879 4855 sive
896 4783 1095 4855 latronibus
1112 4807 1261 4873 vacans,
1281 4781 1416 4854 nullam
1433 4781 1623 4852 hominum
1641 4779 1830 4851 habitatio·

281 5015 288 5042 ⁸
306 5014 424 5070 loteritnr
434 5023 561 5070 sumtu
574 5025 700 5071 retemta
714 5019 786 5072 tuts.
796 5018 850 5058 -·⁸
866 5021 1023 5080 Frequentio-
1056 5023 1130 5072 wne
1140 5017 1212 5070 11118.
1226 5044 1255 5056 -
1268 5017 1278 5046 ⁸
1291 5019 1406 5070 studeres
1418 5017 1469 5068 llS.
1481 5016 1553 5068 Δηὼ.
1565 5045 1596 5056 -
1607 5016 1617 5043 ⁸
1627 5017 1745 5080 adjecisti
1758 5015 1829 5074 11118.
1885 5003 1890 5010 ’

249 5101 311 5148 tibus
328 5099 618 5169 lllS.-⁸lioasrnqut
637 5104 656 5155 C
676 5113 700 5154 et
718 5103 769 5154 tts.
788 5102 858 5154 Amb.
870 5101 928 5141 -⁸
949 5103 1025 5154 Forat
1058 5127 1088 5142 ···
1101 5101 1125 5130 ⁸⁸
1138 5103 1229 5154 Nomen
1242 5100 1356 5160 1118·-
1368 5101 1389 5128 ⁸⁸
1409 5102 1483 5153 Tam
1495 5099 1566 5156 1118.

248 5179 316 5232 ttls.
328 5207 360 5220 -
372 5181 382 5209 ⁸
396 5185 514 5250 Epictetus
530 5185 600 5238 11118.
615 5213 645 5225 -
656 5183 666 5213 ⁸
676 5185 756 5252 Epist.
769 5201 809 5236 xi..
822 5211 853 5226 ·-
863 5185 873 5213 ⁸
884 5187 963 5238 liebus
976 5191 1024 5238 ad·

368 5287 378 5330 r
1675 5275 1712 5332 1⁰
