4496 6102
706 609 751 682 lN
775 607 909 681 RAMlS
932 605 1175 679 Pltttntntt
1198 607 1359 679 SERMO.
1749 607 1820 677 tta

250 771 334 822 nem
349 767 475 818 verum
485 747 699 844 pumicum
713 749 884 845 gemitum
902 748 1079 836 immittat,
1095 771 1168 844 quo
1186 751 1360 846 penitens
1374 745 1567 818 vivificatus
1585 763 1605 816 a
1622 761 1737 816 morte
1751 747 1824 815 ani·

250 891 317 942 mae
331 879 501 962 restugat.
516 869 595 963 lpse
611 867 789 938 nosomni
802 865 1130 964 depositopudore,
1146 865 1463 939 adconfessionem
1475 879 1661 962 promptos
1674 863 1820 952 efficiat,

251 987 311 1082 qui
329 985 401 1058 noc
419 1009 531 1056 unum
550 985 757 1058 erubescere
776 986 964 1074 debemus,
987 986 1137 1082 nequid
1154 1000 1260 1084 turpe
1279 989 1314 1058 in
1330 985 1442 1058 aulis
1459 985 1533 1078 ejus
1547 985 1820 1054 committamus.

251 1111 329 1202 lpse
342 1127 405 1200 per
422 1102 585 1176 Ecclesiae
601 1104 781 1178 ministros
802 1106 849 1176 ita
867 1129 934 1176 nos
947 1103 1130 1176 absolvere
1148 1105 1324 1201 dignetur,
1347 1117 1385 1174 ut
1401 1101 1506 1173 nullis
1523 1100 1691 1199 deinceps
1702 1121 1832 1197 peccas
1864 1117 1867 1122 ·

251 1239 368 1294 torum
380 1223 530 1294 vinculis
545 1224 740 1320 constringi
754 1245 968 1296 mereamur.
988 1229 1066 1321 lpse
1084 1249 1151 1296 nos
1166 1224 1213 1296 de
1226 1223 1378 1322 peccatis
1394 1222 1441 1292 ita
1457 1221 1517 1291 hic
1534 1219 1730 1291 satisfacere
1742 1243 1826 1288 con·

251 1339 373 1428 cedat,
389 1339 530 1436 utquid
546 1342 583 1412 in
602 1341 721 1412 futuro
739 1341 963 1440 puniendum
983 1342 1045 1431 sit,
1067 1341 1177 1446 judex
1189 1342 1265 1439 ipse
1278 1337 1457 1412 districtits
1473 1339 1729 1426 noninveniat,
1746 1360 1826 1433 spes

253 1471 393 1546 nostra,
410 1456 503 1528 salus
521 1473 662 1550 nostra,
675 1459 777 1554 cujus
794 1459 915 1532 honor
928 1475 964 1531 et
985 1460 1173 1556 imperium
1194 1473 1266 1530 tam
1280 1456 1396 1528 linem
1416 1457 1558 1551 ignorat
1576 1479 1683 1551 quam
1700 1455 1828 1551 princi·

254 1576 364 1672 pium.
392 1579 519 1646 Amen.
576 1652 580 1660 ,
1180 1575 1190 1593 ’

838 2205 895 2290 ΙΝ
929 2203 1117 2292 EADEM
1149 2201 1260 2290 otn·
1347 2193 1349 2198 ⁸

952 2463 1063 2510 senno
1088 2444 1135 2510 ix.

309 2642 327 2681 (ι
347 2597 534 2717 Firculum
548 2614 629 2690 fecte
644 2612 711 2684 sibi
729 2637 790 2684 rex
804 2612 973 2686 Salomon
988 2612 1033 2684 de
1049 2613 1151 2710 lignis
1168 2613 1304 2691 Libani.
1321 2612 1514 2685 Columnas
1531 2612 1606 2708 ejus
1618 2611 1698 2683 fecit
1709 2635 1832 2708 argeu-

259 2739 349 2821 teas‚
380 2731 644 2804 reclinatorium
670 2755 834 2822 aureum,
864 2755 1051 2804 ascensum
1073 2757 1305 2830 purpureum.
1334 2730 1448 2804 Media
1473 2732 1616 2802 caritate
1641 2732 1835 2801 constravit

257 2865 403 2949 propter
422 2848 511 2922 filias
530 2849 749 2923 Jerusalem.
765 2877 784 2916 u
803 2849 989 2922 Ferculum
1007 2849 1173 2922 hocloco
1192 2874 1211 2922 e
1228 2849 1392 2936 serendo,
1413 2848 1451 2919 id
1464 2863 1517 2920 est
1530 2847 1724 2945 portando,
1741 2847 1835 2918 vehi-

257 2967 378 3040 culum
396 2967 536 3058 dicitur,
553 2970 653 3066 quasi
669 2968 795 3040 lectica
807 2969 1006 3065 potentium
1025 2967 1082 3040 vel
1095 2967 1338 3058 infirmorum,
1356 2991 1431 3063 qua·
1446 2965 1598 3036 molliter
1614 2953 1829 3052 deferantur.
1916 3045 1918 3048 .

259 3087 366 3180 Ligna
390 3085 531 3174 Libani,
550 3085 625 3157 duo
643 3085 737 3184 ligna
759 3099 841 3158 suut
859 3086 985 3158 crucis.
1017 3085 1168 3158 Libanus
1188 3088 1321 3183 quippe
1348 3085 1549 3158 candidatio
1569 3085 1828 3180 interpretatur.

257 3204 366 3299 Ligna
386 3203 504 3300 itaque
522 3205 654 3291 crucis,
675 3202 768 3299 ligna
794 3217 876 3274 sunt
895 3202 1154 3278 candidationis
1174 3219 1210 3275 et
1231 3203 1494 3278 emundationis
1518 3215 1647 3274 nostrae
1666 3229 1674 3271 ε
1695 3201 1779 3296 quia
1796 3202 1832 3270 in
1904 3259 1909 3270 .

257 3318 324 3392 illis
349 3344 451 3392 verus
478 3322 681 3394 immolatus
709 3335 762 3392 est
793 3328 931 3418 Agnus,
964 3321 1064 3418 cujus
1094 3323 1307 3419 sanguinea
1334 3323 1485 3420 peccatis
1510 3320 1672 3391 mundati
1695 3344 1830 3391 sumus.

260 3441 361 3514 Unde
380 3457 414 3514 et
431 3443 666 3540 Apocalypsis
681 3445 728 3513 ita
747 3443 926 3516 meminit’
947 3468 956 3512 z
980 3472 998 3510 ιι
1016 3445 1060 3514 Ηί
1073 3458 1155 3516 sunt
1168 3443 1231 3539 qui
1247 3443 1409 3516 laverunt
1424 3443 1533 3514 stolas
1552 3463 1632 3513 suas
1644 3456 1681 3511 et
1693 3440 1835 3512 dealba-

260 3578 386 3634 verunt
401 3587 460 3634 eas
478 3565 515 3633 in
537 3563 707 3660 sanguine
732 3565 831 3659 rigni.
846 3591 864 3631 u
885 3567 967 3636 Haec
984 3562 1079 3660 ligna
1096 3562 1240 3651 Libani,
1257 3589 1299 3638 ex
1322 3563 1451 3662 quibus
1465 3563 1645 3634 dominica
1662 3585 1747 3632 crux
1771 3562 1836 3635 fuit

258 3683 458 3778 composita
476 3679 638 3772 cedrina3
659 3697 695 3754 et
712 3682 760 3752 ob
773 3683 844 3754 hoc
865 3681 1093 3778 imputribilia
1112 3706 1187 3754 esse
1204 3683 1381 3756 dicuntur.
1409 3681 1512 3754 Unde
1535 3685 1770 3776 Hieronymus
1797 3685 1836 3752 iu

260 3802 405 3870 Cant'mo
431 3803 686 3872 Canticorum:
709 3831 725 3868 u
745 3801 931 3874 Ferculum
954 3803 1069 3874 crucis
1092 3801 1288 3902 secundum
1311 3802 1496 3874 historiam
1521 3803 1566 3872 de
1589 3802 1693 3897 lignis
1712 3802 1836 3874 libani

259 3915 414 3988 cedrinis
428 3916 557 3990 sactum
576 3933 639 3991 est.
660 3945 677 3985 ιι
695 3919 789 4008 Quid
802 3933 922 3990 autem
940 3943 1003 4016 per
1015 3918 1090 3989 haec
1105 3919 1336 4016 imputribilia
1352 3920 1462 4017 ligna,
1478 3922 1545 3994 uisi
1558 3920 1745 3992 dominicae
1757 3947 1837 4018 pas-

259 4037 370 4108 sionis
383 4061 511 4135 perpes
527 4041 699 4110 memoria
719 4040 756 4109 in
775 4037 944 4112 cordibus
963 4036 1120 4110 fidelium
1139 4053 1191 4110 est
1207 4039 1393 4135 expressa?
1411 4044 1527 4125 Quam
1542 4041 1717 4136 praecipue
1732 4041 1836 4112 nobis

259 4139 436 4228 Dominus
453 4156 711 4228 commendans
721 4157 810 4232 ait⁸:
831 4185 848 4224 ιι
864 4159 940 4228 lloc
953 4155 1055 4228 facite
1068 4156 1103 4226 in
1118 4179 1234 4228 meam
1250 4156 1673 4230 commemorationem.»
1691 4159 1733 4225 Et
1744 4160 1836 4253 Apo-

258 4271 405 4348 stolus:
431 4278 767 4374 «Quotiescunque,
784 4305 801 4342 u
817 4276 949 4373 inquit,
972 4274 1262 4350 «manducabitis
1278 4299 1410 4374 panem
1429 4276 1544 4363 butte,
1565 4289 1601 4348 et
1624 4273 1770 4352 calicem
1788 4275 1837 4346 bi·

255 4389 367 4482 betis,
389 4408 542 4466 mortem
559 4395 705 4470 Domini
725 4391 981 4469 annuntiabitis
1006 4392 1124 4468 donee
1149 4395 1278 4468 veniat.
1298 4422 1316 4461 u
1341 4387 1422 4470 ttaee
1442 4394 1587 4468 Domini
1613 4393 1729 4492 passio
1747 4392 1836 4464 dum

257 4532 325 4604 per
341 4510 589 4608 predicatores
606 4513 848 4602 anntmtiatur,
867 4511 1140 4610 quasiquodam
1154 4510 1290 4587 ferculo
1306 4525 1412 4609 atque
1423 4510 1588 4586 vehiculo
1605 4511 1720 4582 crucis
1734 4533 1837 4581 verus
1892 4572 1924 4606 ,.
2009 4575 2012 4582 ,

261 4627 433 4701 Salomon
444 4656 511 4727 per
527 4629 704 4706 muudum
723 4629 890 4704 defertur.

310 4750 404 4821 Crux
418 4750 538 4846 itaque
551 4749 694 4824 duobus
706 4750 810 4848 liguis
825 4752 1043 4849 composita‚·
1058 4749 1261 4824 vehiculum
1280 4768 1332 4826 est
1343 4751 1555 4824 Salomonis.
1572 4751 1642 4838 Qui
1655 4748 1742 4822 dum
1754 4774 1838 4822 cru-

258 4865 388 4940 cifixus
403 4871 625 4967 predicatur,
644 4873 680 4942 'm
696 4872 771 4968 ipsa
783 4895 888 4944 cruce
899 4886 1068 4968 tanquam
1085 4870 1266 4962 vehiculo,
1288 4888 1326 4943 ut
1343 4871 1562 4962 dictumest,
1584 4868 1742 4968 quodam
1759 4869 1838 4942 ubi·

296 5077 304 5106 ¹
324 5079 405 5138 sant„
417 5095 472 5147 cap.
487 5097 529 5144 ιιι,
541 5098 563 5131 ι.
578 5083 594 5130 9
607 5094 632 5133 et
643 5099 680 5148 sq.
693 5109 721 5122 σ-
735 5081 843 5147 ’Διιιιιυ
854 5097 972 5148 σιμ-ιιι,
984 5099 1008 5133 ι.
1021 5086 1060 5133 tt.
1069 5082 1123 5122 -⁸
1136 5083 1206 5142 Luc..
1218 5098 1274 5150 cap.
1291 5099 1359 5144 nn,
1381 5101 1404 5134 r.
1427 5086 1465 5134 ta.
1483 5109 1510 5120 ·-
1529 5082 1539 5109 ⁸
1557 5081 1663 5133 θοήιιιὴ.
1676 5083 1701 5140 l,
1720 5096 1776 5148 cap.
1788 5057 1836 5142 ⁴xr,

257 5180 287 5214 r.
298 5165 330 5211 ²4
341 5174 366 5214 et
375 5181 411 5230 sq.
