4510 6108
450 561 523 636 534
1048 557 1176 632 PETRt
1203 559 1437 636 luminant

447 701 556 773 tionis
576 713 703 796 typum
726 695 763 765 in
784 693 841 766 his
862 719 940 792 quae
961 711 1059 792 gesta
1081 712 1166 770 sunt
1185 700 1398 798 aperiamus.
1418 701 1514 790 Quid
1535 702 1633 776 enim
1652 703 1831 779 dedicatio
1849 707 2027 799 Ecclesiae,

448 821 516 892 nisi
532 817 593 889 illa
608 830 662 889 est
678 814 792 886 fidelis
809 815 935 886 animae
951 818 1113 915 sponsio,
1128 843 1207 916 quae
1218 843 1240 892 a
1250 819 1379 892 saeculo
1395 823 1567 896 recedens
1581 847 1618 895 se
1633 826 1775 921 penitus
1786 831 1864 898 Deo
1876 827 2026 918 dedicat,

448 957 484 1014 et
499 939 600 1037 quasi
621 937 805 1036 propriam
821 959 992 1033 sponsam
1009 937 1151 1010 Christo
1172 964 1210 1012 sc
1230 941 1392 1039 copulat,
1411 957 1451 1013 ut
1467 944 1500 1014 ci
1516 943 1685 1044 deinceps
1702 959 1778 1018 tota
1792 963 1913 1037 vacet,
1933 951 2028 1022 etsie

446 1063 479 1133 ei
494 1075 581 1133 voto
598 1082 670 1130 suae
686 1057 916 1155 professionis
934 1057 1095 1155 obligans
1108 1073 1282 1157 tanquam
1293 1063 1481 1160 proprium
1498 1064 1673 1163 templum
1684 1070 1761 1138 Deo
1774 1092 1813 1138 se
1828 1072 2029 1142 consecrat?

447 1185 545 1253 Siout
561 1180 657 1252 enirn
677 1180 713 1249 in
730 1203 803 1250 una
818 1177 903 1250 villa
919 1179 1038 1250 multae
1050 1178 1242 1251 hominum
1257 1182 1405 1273 domus,
1418 1197 1454 1254 et
1469 1209 1543 1256 una
1558 1187 1624 1258 Dei
1640 1185 1783 1276 dicitur,
1802 1211 1911 1284 qnam
1927 1188 2033 1261 eccle·

447 1302 537 1372 siam
553 1320 737 1385 vocamus,
749 1296 799 1367 ita
814 1311 849 1366 et
865 1298 902 1367 in
919 1295 1057 1395 populo
1073 1299 1137 1369 Dei
1154 1299 1247 1370 inter
1262 1298 1342 1372 illos
1355 1302 1418 1398 qui
1434 1302 1614 1398 conjugati
1629 1318 1726 1394 sunt,
1737 1304 1904 1402 quaelihet
1915 1307 2031 1378 anima

436 1419 689 1494 'conveniente
706 1431 793 1490 voto
810 1421 887 1488 Deo
904 1433 1113 1490 consecrata
1129 1420 1318 1518 proprium
1334 1422 1410 1517 ejus
1425 1420 1669 1495 habitaculum
1690 1423 1783 1496 lacta
1798 1438 1864 1496 est.
1883 1425 2031 1512 Qualem

447 1537 594 1636 quidem
624 1537 782 1607 animam
808 1535 998 1633 Apostolus
1024 1536 1248 1627 describens,
1267 1553 1303 1610 ct
1328 1539 1403 1634 ejus
1419 1541 1691 1638 praerogativam
1716 1543 1891 1614 acaeteris
1907 1543 2029 1614 distin·

447 1680 580 1754 guens,
605 1655 678 1726 ait¹
698 1681 707 1725 ι
729 1653 837 1740 «Qui
858 1653 934 1724 sine
955 1678 1067 1726 uxore
1087 1669 1158 1746 est,
1183 1654 1354 1728 sollicitus
1379 1672 1432 1730 est
1457 1683 1537 1755 quae
1551 1659 1698 1731 Domini
1718 1674 1823 1750 sunt,
1846 1661 2031 1758 quomodo

447 1775 586 1872 placeat
600 1777 692 1844 Deo.
712 1773 783 1859 Qui
800 1787 920 1844 autem
936 1797 1021 1844 cnm
1036 1798 1149 1846 uxore
1164 1790 1231 1863 est,
1245 1774 1415 1848 sollicitus
1431 1791 1485 1848 est
1496 1801 1575 1874 quae
1590 1792 1675 1849 sunt
1689 1778 1835 1869 mimdi,
1846 1778 2029 1876 quomodo

447 1895 586 1992 placeat
601 1893 719 1981 uxori,
739 1907 775 1963 et
790 1892 923 1966 divisus
937 1908 1003 1966 est.
1015 1898 1061 1966 Et
1070 1894 1197 1967 mulier
1214 1896 1367 1995 innupta
1378 1911 1415 1968 et
1426 1897 1527 1993 virgo
1536 1899 1669 1994 cogitet
1682 1923 1761 1996 quae
1777 1900 1923 1971 Domini
1935 1914 2028 1988 sunt,

445 2030 486 2086 ut
502 2015 548 2086 sit
562 2027 685 2085 sancta
701 2027 737 2083 et
752 2036 905 2110 corpore
922 2028 958 2086 et
972 2015 1112 2112 spiritu.
1135 2043 1153 2084 n
1169 2015 1280 2089 Jacob
1295 2017 1416 2114 itaque
1432 2019 1740 2116 persecutionem,
1759 2033 1800 2090 ut
1816 2018 1954 2090 dictum
1965 2034 2029 2109 est,

446 2132 675 2232 primogeniti
693 2131 810 2203 fratris
828 2131 982 2228 fugiens,
1000 2133 1123 2207 relicta
1143 2133 1257 2207 domo
1273 2151 1463 2232 parentum
1488 2137 1751 2234 peregrinatus,
1778 2136 1893 2209 fidelis
1915 2137 2031 2209 anima

447 2266 500 2324 est
515 2250 561 2324 de
577 2250 698 2323 seculo
714 2250 761 2322 ad
778 2253 976 2323 Dominum
992 2277 1184 2344 conversa,
1199 2279 1280 2352 quae
1295 2255 1493 2328 carnalium
1510 2256 1743 2328 affectionum
1753 2258 1868 2355 ruptis
1883 2258 2030 2330 vinculis

446 2395 549 2442 more
565 2368 731 2459 Abrehae,
750 2369 796 2442 de
813 2385 908 2442 terra
923 2395 988 2444 sua
1002 2386 1039 2443 et
1055 2372 1101 2444 de
1116 2375 1331 2469 cognatione
1347 2375 1588 2474 progreditur,
1606 2376 1700 2449 etde
1715 2375 1827 2449 domo
1844 2391 2030 2474 parentum

447 2487 611 2587 procedit
626 2486 673 2560 ad
689 2487 901 2579 claustrum,
919 2488 1008 2562 illud
1024 2492 1216 2565 Psalmistae
1231 2518 1307 2565 non
1324 2493 1441 2566 solnm
1456 2494 1623 2585 audiens,
1644 2519 1770 2568 verum
1787 2495 1978 2568 exaudiens
1992 2499 2003 2534 ¹
2020 2523 2028 2565 :

450 2637 468 2676 ιι
488 2609 596 2700 Audi,
620 2609 710 2700 filia,
732 2626 768 2683 et
788 2610 888 2701 vide,
911 2627 948 2683 et
966 2612 1117 2703 inclina,
1137 2628 1207 2684 etc.
1224 2642 1242 2681 ιι
1261 2617 1333 2688 Nec
1350 2639 1424 2687 non
1446 2631 1482 2688 ct
1501 2615 1590 2688 illud
1615 2617 1761 2688 Domini
1777 2616 2030 2689 documentum

447 2731 684 2829 amplectens⁸
701 2760 709 2804 :
732 2761 749 2800 ιι
765 2733 836 2821 Qui
851 2757 927 2805 non
940 2733 1017 2807 odit
1033 2749 1173 2833 patrem
1188 2759 1294 2806 suum
1309 2749 1345 2807 et
1361 2751 1532 2827 matrem,
1548 2761 1622 2808 non
1638 2752 1692 2808 est
1703 2761 1762 2809 me
1774 2735 1919 2833 dignus.
1934 2763 1953 2804 n
1964 2737 2031 2808 Pri·

445 2851 649 2944 mogenitus
665 2849 745 2922 talis
765 2852 893 2923 animae
909 2850 1018 2924 frater
1038 2876 1123 2925 caro
1144 2868 1198 2926 cst
1219 2854 1256 2924 in
1282 2877 1393 2925 unam
1413 2878 1606 2952 personam
1622 2855 1752 2927 animae
1771 2853 1981 2951 conjuncta,
1999 2870 2031 2926 et

445 2970 543 3067 prins
559 2971 597 3042 in
618 2985 721 3042 utero
738 2971 892 3044 formata
912 2996 1023 3070 quam
1038 2974 1071 3046 ei
1088 2974 1209 3046 anima
1227 2975 1273 3045 sit
1288 2973 1417 3047 infusa.
1442 2974 1550 3071 Cujus
1565 2974 1715 3072 quidem
1729 2975 1848 3046 carnis
1867 2975 2030 3046 tentatio-

444 3113 526 3177 nes,
548 3087 741 3187 dequibus
757 3092 930 3190 scriptum
951 3096 1030 3165 est‘
1050 3120 1058 3162 ι
1081 3122 1099 3162 ιι
1118 3097 1211 3165 Caro
1227 3093 1449 3190 concupiscit
1468 3094 1640 3166 adversus
1666 3092 1851 3191 spiritum,
1875 3091 1996 3164 dumi
2015 3131 2029 3145 ·

444 3207 560 3302 gimus
572 3207 732 3279 asaeculo
748 3209 975 3299 recedentes,
993 3211 1094 3308 quasi
1111 3211 1341 3310 primogeniti
1356 3210 1474 3283 fratris
1491 3211 1802 3309 impugnationem
1813 3212 1980 3282 vitamus.
1990 3212 2031 3281 Et

443 3327 528 3422 quia
537 3324 613 3396 haec
626 3327 740 3398 virtus
751 3329 982 3400 continentiae
993 3344 1029 3400 et
1042 3331 1283 3403 remuneratio
1300 3330 1418 3402 saeouli
1434 3329 1481 3402 ah
1492 3329 1651 3402 adventu
1662 3328 1807 3418 Christi,
1820 3352 1900 3426 quae
1912 3327 2031 3399 ultima

445 3459 528 3516 aetas
543 3461 597 3518 est
622 3446 767 3534 mundi,
791 3449 944 3518 maxime
961 3449 1082 3546 coepit.
1107 3449 1212 3520 Unde
1235 3449 1391 3522 lacobus
1411 3463 1494 3547 post
1513 3449 1598 3521 solis
1621 3447 1847 3537 occubitum,
1866 3446 1909 3520 id
1925 3461 1979 3518 est
1995 3447 2030 3517 in

444 3587 605 3662 vespere,
622 3566 668 3637 ad
682 3565 804 3637 locum
816 3569 995 3663 pervenit,
1006 3567 1070 3638 uhi
1082 3565 1267 3640 dormiens
1282 3570 1494 3666 requiescat.
1507 3570 1573 3640 Hic
1589 3583 1710 3640 autem
1725 3567 1826 3640 locus
1841 3566 2031 3639 claustralis

446 3684 519 3754 vita
527 3698 580 3754 cst
595 3683 861 3773 continentum,
874 3686 937 3781 qui
945 3710 968 3757 a
981 3685 1201 3758 tumultuosa
1211 3685 1329 3758 saecnli
1341 3688 1416 3758 vita
1432 3685 1479 3758 ad
1494 3687 1654 3784 quietem
1668 3687 1905 3758 monasticam
1919 3700 2031 3758 trans·

446 3815 550 3889 eunt,
574 3816 610 3872 et
629 3800 776 3872 Marthae
803 3801 962 3874 sollicitae
991 3819 1027 3876 et
1046 3804 1142 3876 circa
1169 3804 1324 3902 plurima
1349 3804 1500 3877 turhatae
1530 3804 1824 3903 tranquillitatem
1843 3804 2031 3904 praelemnt

422 3949 431 3968 ·
447 3920 564 3992 Mariae
578 3924 600 3990 ⁸.
621 3923 708 4008 Quae
724 3919 870 4017 quidem
887 3919 1122 4020 tranquillitas
1139 3946 1160 3995 a
1176 3924 1335 3995 Domino
1352 3924 1500 3996 nomine
1517 3922 1616 4013 lecti,
1639 3947 1661 3995 a
1681 3926 1819 4021 Sponsa
1835 3924 1873 3994 in
1893 3923 2033 3994 Cannio

446 4039 593 4111 nomine
618 4038 738 4112 lectuli
762 4039 970 4137 designatur
994 4067 1108 4140 quum
1128 4043 1285 4115 dicitur⁸
1304 4071 1312 4114 ε
1334 4072 1352 4112 ιι
1372 4049 1487 4116 Erum
1505 4058 1614 4116 nocte
1633 4043 1694 4117 illa
1714 4043 1789 4116 duo
1809 4045 1846 4115 in
1868 4043 2032 4116 lectolo

445 4158 576 4230 lectulo
594 4183 676 4230 meo
692 4182 757 4257 per
773 4174 916 4251 noctes,
935 4175 1004 4232 etc.
1028 4187 1047 4228 ιι

494 4283 535 4348 Ιιι
562 4277 633 4348 hoo
659 4279 779 4374 itaque
804 4278 935 4350 lectulo
960 4279 1183 4352 dormiturus
1203 4279 1331 4371 Jacob,
1360 4279 1406 4352 de
1433 4279 1613 4379 lapidibus
1637 4305 1730 4379 qnos
1754 4281 1914 4352 intuetur
1940 4278 2035 4374 eligit

447 4419 578 4484 unum,
597 4420 671 4492 quo
688 4398 876 4496 supposito
897 4397 1006 4496 capiti
1029 4422 1095 4470 suo
1110 4397 1284 4489 dormiat,
1307 4423 1422 4496 quum
1438 4399 1558 4471 anima
1578 4397 1744 4496 qualibet
1764 4397 1887 4470 locum
1907 4409 2034 4469 sancte

445 4515 731 4611 congregationis
738 4516 909 4612 ingressa,
918 4515 1050 4589 multos
1057 4517 1299 4617 circumspicit
1309 4517 1432 4590 fideles
1442 4533 1615 4617 tanquam
1622 4517 1759 4617 lapides
1768 4517 1869 4588 vivos
1878 4530 1915 4588 et
1927 4515 2034 4586 sortes

445 4632 491 4706 ad
508 4635 631 4706 omnia
646 4634 848 4726 toleranda,
860 4637 898 4708 in
917 4660 1060 4708 summo
1073 4636 1192 4736 lapide
1209 4637 1351 4710 Christo
1369 4637 1554 4727 fundatos3
1567 4651 1607 4708 ut
1623 4661 1751 4709 eorum
1766 4635 1901 4708 scilicet
1915 4658 2034 4707 exem·

445 4751 511 4848 plis
529 4753 575 4826 ad
591 4753 849 4854 perfectionem
865 4757 1083 4830 instituatur.
1102 4758 1172 4830 Sed
1189 4759 1274 4857 quia
1289 4783 1404 4831 unum
1419 4758 1601 4832 Christum
1616 4757 1786 4830 omnihus
1803 4757 1959 4855 praeiert,
1977 4756 2036 4826 cui

479 4978 487 5004 ¹
508 4979 616 5030 Corinth.
637 4981 663 5040 l,
684 4997 740 5048 cap.
759 4997 807 5045 ιιι,
824 4997 847 5033 ι.
868 4985 913 5042 82,
930 4985 972 5034 83.
984 5011 1012 5022 -
1028 4982 1139 5034 'Psalm
1154 4999 1220 5047 ιιιι,
1260 4999 1314 5050 cap·
1328 4999 1352 5042 r.
1368 4999 1393 5036 r.
1414 4983 1596 5044 tt.-—'huc.‚
1613 4983 1722 5049 cepit,
1736 4999 1761 5034 r.
1779 4983 1818 5044 tt.
1837 4981 2036 5040 l2.-'C⁰”⁸·‚

445 5079 468 5111 ι.
483 5067 521 5112 tt.
533 5063 585 5099 -⁸
603 5083 613 5108 ι
626 5064 671 5126 Qut
683 5075 748 5115 amat
759 5073 853 5131 patrem
864 5077 906 5117 aut
918 5077 1019 5118 matrem
1030 5067 1159 5134 plusquam
1170 5082 1221 5128 nie,
1261 5083 1317 5134 cap.
1332 5084 1374 5131 ιιι,
1388 5083 1411 5118 ι.
1428 5072 1450 5118 ¹.

446 5161 494 5198 non
504 5157 542 5198 est
552 5163 591 5198 me
602 5146 697 5212 dignus.
710 5167 721 5193 ι
736 5148 846 5214 (liutem,
858 5163 914 5216 esp.
925 5167 956 5212 ιι,
968 5165 989 5200 ι.
1002 5150 1092 5215 tt.)-
1102 5150 1112 5177 ⁴
1123 5151 1219 5206 Galat..
