4522 6104
939 603 1175 676 Arrnttmx.
1779 601 1849 670 tot

266 759 313 825 es,
329 735 431 807 debes
449 739 603 832 studere,
626 743 786 837 prodesse
801 744 914 840 potius
937 770 1039 840 quam
1061 746 1189 816 obesse.
1214 742 1511 840 Quamplurimum
1530 759 1564 813 te
1584 742 1719 830 obesse,
1741 741 1768 810 si
1787 741 1853 810 hoc

268 879 364 950 agere
381 858 578 950 intenderis,
599 860 697 953 nulli,
714 865 771 958 qui
789 865 907 959 sapiat,
924 865 989 935 erit
1004 867 1039 934 in
1055 867 1196 935 incerto.
1217 865 1409 943 Substantia
1427 879 1492 933 tuae
1507 864 1555 932 rei
1572 863 1614 932 ad
1627 862 1852 931 visitationem

268 977 399 1046 romani
425 979 612 1074 pontificis,
637 1008 741 1076 quum
762 998 820 1053 aut
841 985 973 1054 modica
990 985 1050 1074 sit,
1067 1001 1126 1055 aut
1143 983 1254 1074 uulla,
1274 985 1412 1054 minime
1429 983 1565 1054 sufficit.
1586 982 1678 1072 Quid
1697 979 1854 1076 palatinis

268 1096 436 1198 morsibus
450 1099 654 1194 objectabis?
681 1106 860 1175 Parentum
881 1104 931 1175 vel
949 1107 1135 1176 amicorum
1151 1123 1286 1177 tuorum
1301 1107 1440 1204 (omnes
1458 1107 1547 1176 enim
1563 1105 1710 1174 oderunt
1728 1117 1761 1171 te
1775 1127 1854 1196 pro·

269 1231 346 1310 pter
361 1218 413 1313 te)
433 1221 480 1289 rei
499 1221 670 1294 familiaris
688 1221 883 1315 subventio,
900 1227 952 1296 vel
970 1224 1128 1316 aliorum,
1142 1229 1178 1298 in
1196 1226 1289 1298 nullo
1307 1227 1514 1298 ministrabit
1531 1227 1605 1304 tibi.
1625 1229 1741 1294 Restat
1758 1247 1852 1316 ergo,

271 1353 326 1428 ut,
348 1340 375 1410 si
392 1343 535 1412 Romam
551 1346 745 1440 expetieris,
762 1349 958 1417 monasterii
976 1349 1025 1417 tui
1043 1349 1181 1443 opibus,
1200 1373 1274 1444 quae
1292 1374 1344 1418 res
1361 1350 1390 1418 ei
1408 1347 1536 1443 grande
1549 1347 1709 1416 damnum
1724 1342 1856 1414 exstite-

272 1459 333 1546 rit,
355 1486 487 1533 necesse
505 1479 554 1534 est
572 1466 637 1534 iter
655 1467 807 1562 arripias.
830 1467 979 1556 Quodsi
998 1467 1175 1558 defecerit,
1195 1483 1229 1538 et
1246 1471 1311 1538 iter
1327 1484 1440 1538 tamen
1464 1465 1671 1562 impleveris,
1691 1465 1856 1534 incassum

273 1593 306 1648 te
319 1581 455 1652 sudasse
472 1583 556 1654 nulli
574 1584 729 1656 dubitare
749 1587 799 1657 sas
817 1603 878 1656 est.
900 1587 1080 1683 Quotquot
1101 1590 1191 1658 enim
1212 1590 1335 1659 nostris
1349 1588 1557 1684 temporibus
1576 1585 1617 1655 ad
1635 1583 1725 1654 illam
1746 1582 1856 1653 sedem

273 1700 344 1769 sine
363 1702 514 1795 pondere
531 1706 681 1800 pecuniae
699 1717 921 1796 accesserunt,
937 1708 1070 1803 perdita
1082 1733 1192 1798 causa,
1208 1709 1337 1779 confusi
1354 1724 1388 1778 et
1406 1707 1543 1802 reprobi
1560 1707 1803 1776 abscesserunt,
1824 1701 1858 1768 Si

275 1835 452 1912 protervus
468 1825 650 1916 exstiteris,
670 1842 703 1896 et
719 1850 850 1896 causam
867 1841 960 1926 tuam
974 1829 1063 1897 inter
1079 1853 1137 1898 eos
1149 1853 1317 1924 exponere
1331 1826 1489 1916 volueris,
1505 1825 1547 1897 de
1566 1841 1599 1895 te
1615 1822 1752 1920 quidem
1766 1847 1860 1892 eom·

274 1942 424 2012 movebis
441 1944 569 2014 risum:
587 1945 751 2040 justitiam
768 1972 848 2016 vero
869 1951 1083 2042 consequeris
1104 1947 1243 2019 nullam.
1269 1948 1393 2018 Perdes
1410 1949 1522 2042 itaque
1545 1945 1627 2016 tanti
1646 1943 1771 2014 laboris
1791 1940 1862 2009 sru-

275 2074 367 2129 ctum
383 2077 418 2130 et
434 2087 585 2159 operam,
606 2080 639 2133 et
660 2064 814 2135 Ecclesiae
832 2067 1023 2160 parisiensis
1044 2068 1240 2160 pontificem
1263 2081 1297 2136 et
1319 2067 1499 2137 canonicos
1521 2061 1726 2134 monasterio
1749 2075 1808 2131 tuo
1829 2074 1863 2129 et

276 2178 437 2251 fratribus
456 2182 576 2254 reddes
597 2184 828 2255 acerbissimos
846 2201 880 2254 et
901 2185 1131 2256 infestissimos
1153 2189 1319 2257 inimicos.
1343 2191 1480 2257 Frustra
1495 2201 1606 2256 autem
1621 2183 1703 2269 niti,
1725 2196 1763 2250 ut
1783 2181 1865 2250 dicit

278 2299 469 2391 historicus,
484 2305 519 2372 et
533 2301 579 2371 nil
599 2305 663 2374 nisi
678 2304 794 2374 odium
808 2305 1002 2399 acquirere,
1023 2321 1178 2376 extremae
1192 2308 1370 2376 dementiae
1388 2321 1450 2376 est.
1470 2307 1505 2374 Si
1523 2306 1565 2375 de
1582 2304 1729 2374 vindicta
1746 2329 1865 2399 quere·

279 2425 337 2532 ris,
354 2448 453 2519 quam
473 2423 616 2495 multum
630 2427 701 2496 sitit
715 2429 828 2498 anima
843 2443 900 2499 tua
916 2443 951 2498 et
968 2429 1148 2516 desiderat,
1164 2427 1234 2499 noli
1247 2430 1409 2500 continuo
1429 2427 1579 2497 morderi
1590 2425 1708 2495 dolore
1725 2441 1758 2495 et
1772 2425 1866 2497 tabe-

279 2568 394 2614 scere:
412 2546 490 2640 quia
508 2546 579 2640 jam
602 2547 637 2615 in
660 2549 800 2619 maxima
820 2566 915 2645 parte
929 2551 996 2620 visa
1012 2565 1060 2620 est
1078 2549 1267 2646 adimpleri.
1292 2551 1379 2620 Nam
1398 2549 1535 2643 quidam
1554 2545 1709 2635 illorum,
1729 2547 1787 2642 qui
1807 2548 1867 2616 tibi

279 2681 489 2754 nocuerunt,
510 2664 686 2736 oculorum
712 2668 899 2762 privatione
918 2685 951 2739 et
972 2668 1168 2765 genitalium
1186 2669 1374 2740 abscisione
1392 2666 1538 2739 mutilati
1559 2681 1650 2738 suut.
1676 2665 1737 2736 Ille
1757 2681 1868 2736 autem

282 2785 338 2880 qui
356 2809 418 2878 per
434 2809 468 2855 se
489 2787 615 2856 factum
634 2787 795 2884 abnegat,
810 2789 881 2884 jam
897 2789 940 2858 ab
957 2791 1050 2859 omni
1070 2791 1279 2884 possessione
1295 2813 1353 2859 sua
1371 2788 1540 2858 bonorum
1558 2811 1695 2857 suorum
1714 2811 1870 2881 compor-

282 2909 410 2977 tatione
430 2909 625 2981 exturbatus
646 2925 707 2980 est.
727 2909 806 2981 Noli
818 2937 900 3007 ergo
914 2912 1095 2984 canonicos
1109 2911 1160 2981 vel
1176 2913 1372 3008 episcopum
1392 2911 1441 2981 tui
1455 2909 1627 3004 sanguinis
1643 2907 1805 2978 effusores
1818 2906 1870 2977 vel

283 3027 471 3122 perditores
482 3054 616 3119 vocare,
631 3032 690 3126 qui
706 3046 894 3127 propterte
911 3047 944 3102 et
959 3048 1099 3128 propter
1113 3059 1160 3123 se,
1178 3048 1343 3128 quantum
1361 3045 1559 3128 potuerunt,
1568 3030 1697 3124 justitia
1715 3029 1870 3100 intende·

284 3164 383 3239 runt,
399 3149 457 3219 sed
471 3149 549 3219 audi
564 3147 742 3222 co'nsilium
765 3151 894 3222 bonum
906 3169 940 3223 et
954 3155 1024 3223 veri
1044 3153 1142 3223 amici
1159 3153 1438 3224 consolationem.
1454 3152 1643 3222 Monachus
1655 3175 1689 3220 es
1701 3165 1736 3220 et
1751 3167 1872 3222 sanctoe

286 3269 456 3365 religionis
472 3271 646 3362 habiturn,
674 3297 743 3342 non
764 3273 905 3364 invitus,
924 3273 981 3344 sed
999 3289 1120 3369 sponte
1136 3273 1319 3367 sumpsisti.
1340 3259 1418 3344 Non
1436 3274 1540 3368 igitur
1556 3270 1699 3365 amplius
1721 3271 1783 3341 tibi
1797 3272 1873 3340 vin·

287 3389 410 3460 dictam
426 3392 557 3487 exigere
576 3393 670 3481 licet,
690 3395 718 3462 si
736 3393 924 3463 inveritate
940 3395 990 3464 vis
1006 3409 1122 3464 tenere
1138 3409 1172 3464 et
1186 3419 1297 3464 amare
1315 3393 1406 3488 quod
1422 3393 1568 3487 inhujus
1582 3392 1729 3461 nominis
1745 3389 1874 3486 signifi·

287 3511 419 3580 catione
443 3527 651 3582 monstratur
670 3513 851 3584 contineri.
879 3515 914 3582 Si
933 3539 1013 3585 vero
1032 3514 1112 3584 odio
1135 3513 1294 3584 habueris
1317 3513 1419 3583 etiam
1440 3513 1615 3582 inimicum
1632 3513 1689 3608 qui
1708 3511 1876 3606 hocopus

288 3632 379 3721 fecit,
396 3658 458 3703 nec
472 3633 568 3703 odire
581 3634 722 3722 desinis;
741 3635 859 3706 afferat
874 3634 964 3706 aliud
979 3637 1038 3730 qui
1056 3633 1148 3726 velit,
1163 3662 1226 3732 ego
1238 3633 1449 3706 confidenter
1464 3659 1589 3723 assero,
1602 3649 1727 3704 vestem
1741 3631 1877 3727 quidem
1947 3653 1949 3660 ·

290 3754 415 3826 Christi
428 3770 563 3851 portare
581 3771 689 3851 potes,
709 3757 768 3826 sed
788 3757 831 3828 ad
851 3754 977 3827 nullam
997 3757 1058 3826 tibi
1079 3755 1257 3827 utilitatem
1275 3759 1465 3852 proveniet.
1488 3755 1717 3851 «Sequimini,
1734 3783 1751 3822 u
1769 3755 1879 3851 inquit

290 3876 471 3973 Apostolus
485 3881 508 3968 ¹,
530 3903 677 3974 «pacem
694 3903 771 3948 cum
788 3878 945 3948 omnibus
961 3893 996 3947 et
1012 3879 1267 3949 sanctimoniam
1284 3879 1356 3948 sine
1374 3903 1439 3974 qua
1459 3903 1557 3946 nemo
1575 3877 1703 3946 videbit
1720 3879 1843 3948 Deum.
1859 3905 1876 3944 u

294 3999 411 4068 «Mihi
426 3999 589 4087 vindicta,
605 4025 622 4065 u
642 3999 754 4094 inquit
769 3999 949 4087 Dominus,
972 4027 989 4066 u
1000 4013 1035 4068 et
1046 4023 1109 4110 qgo
1120 3999 1331 4069 retribuam¹.
1348 4025 1368 4065 u
1388 3999 1423 4066 si
1434 3998 1484 4066 vis
1493 4021 1562 4066 csse
1573 3996 1754 4091 perfectus,
1769 3999 1881 4093 incipe

212 4163 233 4192 s
292 4118 463 4188 Christum
480 4119 628 4214 perfecte
645 4116 801 4213 diligere,
821 4133 856 4188 et
871 4118 1030 4214 usquead
1047 4119 1221 4189 inimicum
1240 4116 1447 4214 diligendum
1459 4117 1640 4212 pertinges.
1661 4117 1804 4198 Dimitte
1820 4119 1881 4186 mi·

295 4262 354 4308 nas
374 4252 409 4308 et
424 4237 525 4308 verba
542 4235 728 4334 ampullosa
752 4239 918 4310 incassum
934 4239 1123 4310 effundere.
1146 4241 1264 4334 Neque
1280 4237 1371 4307 enim
1390 4253 1485 4332 potes
1499 4219 1640 4332 implere
1660 4236 1752 4330 quod
1770 4239 1878 4331 cupis.

295 4358 423 4451 Injuria
446 4358 567 4453 injuste
590 4359 756 4452 irrogata,
777 4385 848 4430 non
866 4360 919 4430 eui
939 4360 1125 4454 irrogatur,
1140 4360 1197 4430 sed
1217 4360 1247 4429 ei
1262 4360 1320 4454 qui
1338 4360 1483 4454 irrogat,
1506 4356 1644 4427 infamia
1663 4371 1724 4426 cst.
1745 4354 1823 4428 Noli
1840 4358 1882 4428 de

297 4493 418 4550 cetero
435 4479 477 4550 de
494 4481 614 4552 amissa
627 4477 741 4551 dolere
758 4480 930 4568 felicitate,
946 4506 1046 4576 quam
1060 4506 1191 4577 semper
1208 4481 1417 4551 adversitatis
1436 4479 1649 4550 incommoda
1671 4501 1882 4574 prosequun-

298 4615 365 4670 tur.
387 4599 422 4669 Si
436 4625 517 4696 ergo
533 4601 568 4669 in
583 4617 699 4671 sancto
713 4601 888 4697 proposito
907 4601 1130 4696 permanseris
1153 4625 1258 4696 usque
1279 4601 1315 4670 in
1332 4599 1434 4670 linem
1453 4625 1516 4670 nec
1532 4599 1709 4686 defecerim
1731 4600 1885 4669 Christus

299 4721 499 4814 omniaque·
517 4719 712 4814 perdidisti,
730 4719 962 4817 multipliciter
978 4734 1012 4790 et
1027 4717 1228 4790 mirabiliter
1239 4719 1436 4790 reformabit
1454 4720 1489 4789 in
1507 4716 1751 4814 glorificatione
1764 4741 1887 4810 corpo-

300 4863 376 4908 rum
391 4839 426 4908 in
438 4839 554 4909 futuro
572 4839 768 4930 beatorum,
786 4865 825 4910 ac
838 4855 910 4910 tum
922 4838 1058 4920 demum
1072 4836 1187 4934 regula
1202 4838 1456 4909 dialecticorum
1472 4836 1553 4908 falsa
1567 4835 1755 4931 apparebit,
1771 4835 1886 4906 dicen·

303 4960 385 5029 tium
400 4961 436 5030 in
448 4960 600 5031 habitum
620 4985 794 5057 nunquam
808 4985 906 5056 posse
924 4959 1034 5030 redire
1047 4959 1282 5054 privationem.
1303 4956 1387 5028 Vale
1405 4960 1440 5026 in
1455 4959 1617 5028 Domino.

342 5161 350 5188 ⁴
367 5165 451 5224 nete,
465 5180 521 5232 cap.
533 5182 582 5228 ιιι,
596 5183 617 5216 v.
633 5170 669 5216 tt.
681 5191 713 5204 -
723 5164 733 5190 ²
744 5165 825 5224 Rom,
837 5179 893 5232 cap.
909 5181 956 5228 xit,
969 5181 992 5214 v.
1007 5167 1042 5214 ta.
