4522 6104
1054 700 1412 822 utersrur
1444 663 1453 676 ’

604 1012 1016 1220 PETRI
1115 1002 1861 1232 ABAELARDI

669 1400 1020 1518 uersuonr
1053 1403 1146 1516 nr
1177 1402 1373 1518 nrum
1404 1307 1799 1518 courussro

1007 1681 1083 1786 AD
1117 1683 1451 1788 HELOISSAM.

1153 2017 1313 2048 m

476 2285 577 2369 Quum
589 2282 774 2364 theologica
786 2281 936 2346 theardt
951 2283 1125 2366 opiniones,
1140 2285 1318 2368 vituperate
1331 2284 1464 2367 primum
1478 2285 1511 2346 in
1525 2283 1737 2356 suessionensi
1751 2283 1903 2360 oonsilio,
1919 2301 2022 2358 rursus

435 2384 469 2446 in
483 2383 603 2466 synodo
617 2381 807 2460 senonensi,
823 2382 956 2462 graviori
971 2381 1095 2466 quidem
1105 2382 1243 2465 judicio,
1257 2383 1387 2447 inissent
1406 2383 1636 2461 condemnatae,
1650 2384 1754 2464 animo
1768 2383 1881 2446 inactus
1900 2383 2020 2447 tandem

435 2495 541 2549 noster
563 2484 604 2548 ud
627 2483 798 2548 flsloiesam
823 2485 906 2552 misit
927 2483 1087 2566 epistolam
1110 2505 1179 2569 quae
1196 2505 1341 2576 suprema
1360 2485 1455 2550 fuisse
1475 2485 1617 2561 videtum
1640 2486 1755 2548 etenim
1778 2485 1866 2568 paulo
1886 2493 1960 2566 post
1981 2487 2021 2550 ab

434 2585 611 2651 hominibus
624 2605 659 2650 se
673 2585 820 2664 remouit,
835 2587 1022 2672 recessitque
1036 2587 1067 2650 in
1082 2587 1283 2654 Cluniaoense
1301 2589 1539 2668 monesterium,
1554 2589 1606 2653 ubi
1621 2589 1714 2652 uitam
1728 2589 1761 2652 in
1774 2588 1891 2652 silentio
1904 2597 1936 2651 et
1949 2607 2021 2671 pre-

434 2689 523 2754 cibus
545 2687 780 2780 eonsummerit.
795 2691 838 2750 Eo
850 2687 976 2772 quidem
996 2688 1126 2772 epistola
1143 2707 1207 2753 uun
1225 2691 1345 2773 integro
1358 2689 1398 2754 ed
1411 2691 1637 2774 uos.pervenit;
1653 2691 1709 2754 sed
1723 2690 1807 2754 illius
1820 2689 2021 2772 fragmentum

435 2792 526 2855 nobis
540 2789 674 2854 seruerit
690 2787 842 2852 tibaelardi
860 2788 1029 2872 discipulus
1041 2791 1245 2872 Berengurius
1258 2791 1474 2868 Pisavieneis,
1496 2793 1530 2856 iu
1542 2794 1683 2876 Epistolu
1700 2793 1895 2875 Apolnpeticu
1916 2800 2021 2855 contra

436 2895 539 2959 divum
561 2892 769 2971 Bernardum3
785 2892 938 2976 quomod
961 2891 1076 2972 ealeem
1098 2894 1195 2969 nostri
1218 2893 1345 2962 secundi
1368 2895 1774 2980 voluminiesepositum,si
1793 2893 1910 2978 plaoet,
1925 2895 2017 2977 legas.

1150 3183 1310 3212 ‘'H-..F

441 3467 446 3478 '
483 3460 594 3527 Soror
609 3475 691 3528 mea
706 3449 879 3549 Helnissa,
897 3449 1085 3548 quondam
1101 3435 1190 3526 milri
1203 3451 1240 3522 in
1254 3449 1382 3524 eaectrlo
1399 3473 1495 3542 cara,
1506 3476 1605 3526 nune
1618 3452 1655 3525 in
1666 3451 1809 3526 Christo
1825 3453 2016 3542 (rarissima,

436 3575 605 3648 odiosum
620 3597 679 3646 me
694 3569 833 3648 mundo
850 3568 1008 3642 reddidit
1023 3569 1150 3667 logica.
1170 3571 1286 3643 aiunt¹
1297 3571 1395 3644 enim
1411 3573 1570 3672 perversi
1585 3587 1847 3672 pervertentes,
1866 3598 2017 3672 quorum

435 3693 609 3794 sapientia
633 3706 687 3766 est
701 3692 740 3766 in
764 3689 984 3790 perditione,
1012 3689 1129 3761 mein
1150 3689 1267 3788 logica
1289 3693 1619 3790 prmsmutissimum
1641 3718 1735 3784 esse,
1758 3692 1823 3766 sed
1847 3694 1885 3764 in
1912 3693 2018 3766 Paulo

372 3885 373 3888 ,
437 3838 513 3886 nou
530 3801 758 3886 mediocriter
773 3807 987 3884 claudicare.
1009 3812 1201 3908 Quumque
1215 3810 1349 3909 ingenii
1365 3811 1559 3913 praedicent
1574 3813 1705 3904 aciem,
1721 3811 1922 3912 christianae
1937 3810 2017 3884 fidei

378 3971 381 3978 ·
436 3931 653 4006 subtrahunt
676 3927 1010 4033 puritatem.·Quia,
1034 3941 1075 4000 ut
1093 3925 1183 4000 mihi
1203 3927 1359 4021 videtur,
1382 3931 1555 4029 opinione
1574 3931 1694 4030 potius
1715 3929 1954 4004 traducuntur
1974 3931 2017 4004 ad

433 4052 627 4149 judicium,
646 4072 757 4147 quam
771 4047 996 4152 experientia
1017 4047 1238 4146 magistratu.
1258 4048 1350 4122 Nolo
1371 4049 1423 4122 sio
1440 4073 1517 4124 esse
1537 4047 1793 4149 philosophus,
1812 4065 1852 4122 ut
1876 4049 2017 4122 recalci-

435 4186 528 4244 trem
543 4169 674 4259 Paulo;
691 4192 767 4240 non
782 4169 834 4242 sic
849 4191 926 4246 esse
943 4165 1162 4258 Aristoteles,
1181 4181 1222 4240 ut
1236 4166 1400 4242 eeoludar
1416 4193 1438 4242 a
1453 4167 1608 4242 Christo.
1628 4171 1709 4241 Non
1725 4169 1823 4240 enim
1839 4167 1937 4241 aliud
1952 4193 2016 4240 no-

435 4316 519 4364 men
536 4303 591 4364 est
604 4287 672 4362 sub
688 4287 799 4378 coelo,
818 4287 945 4385 inquo
962 4299 1129 4388 oporteat
1142 4311 1202 4360 me
1216 4285 1356 4360 salvum
1371 4288 1461 4364 fieri.
1480 4287 1603 4362 Adoro
1618 4287 1801 4362 Christum
1822 4288 1859 4360 in
1876 4287 2017 4360 dextera

434 4411 546 4485 Patris
571 4421 793 4507 regnantem.
819 4406 1025 4506 amplector
1051 4431 1134 4480 eum
1161 4405 1255 4482 ulnis
1278 4406 1363 4482 fidei
1386 4409 1425 4484 in
1450 4431 1559 4482 carne
1579 4407 1745 4506 virginali
1769 4407 1816 4480 de
1839 4406 2016 4480 Paracleto

435 4547 578 4630 sumpta
594 4529 750 4627 gloriosa
766 4528 937 4601 divinitrrs
958 4541 1182 4628 operantem.
1199 4529 1244 4600 Et
1262 4541 1305 4601 ut
1324 4527 1464 4630 trepida
1480 4528 1703 4621 sollicitudo,
1721 4543 1931 4628 cunctasque
1949 4552 2017 4601 οων

434 4654 542 4752 bages
558 4677 580 4727 a
595 4645 706 4725 cor'de
722 4651 775 4724 tui
791 4651 947 4749 pectoris
962 4647 1214 4748 explodantur,
1231 4647 1304 4722 hoo
1318 4647 1365 4722 de
1381 4674 1440 4723 me
1454 4663 1597 4741 teneto,
1611 4648 1713 4749 quod
1727 4673 1834 4752 super
1850 4649 1948 4722 illam
1962 4673 2018 4747 ps·

434 4789 528 4848 tram
555 4770 704 4846 fundavi
727 4769 986 4844 conscientiam
1010 4793 1147 4859 meam,
1174 4793 1416 4868 superquam
1439 4769 1600 4844 Christus
1623 4767 1811 4844 aediiicavit
1835 4767 2015 4841 eeclesiam

435 4916 551 4966 suam.
570 4893 679 4990 Cujus
695 4901 804 4991 petrae
820 4888 963 4962 titulum
977 4887 1044 4963 tibi
1063 4885 1221 4982 breviter
1236 4888 1440 4990 assignabo.
1458 4887 1577 4964 Credo
1592 4889 1630 4962 in
1648 4894 1806 4980 Patrem,
1824 4903 1861 4961 et
1877 4887 2011 4975 Filium,

432 5029 471 5092 et
487 5013 661 5112 Spiritum
676 5025 857 5101 sanomm3
875 5033 990 5084 unum
1006 5005 1214 5084 naturaliter
1229 5023 1266 5084 et
1280 5033 1407 5089 verum
1422 5013 1539 5085 Deum
1559 5037 1569 5084 r
1587 5009 1649 5109 qui
1664 5010 1716 5086 sio
1731 5010 1767 5084 in
1784 5010 1949 5108 personis
1960 5031 2015 5106 ap·
