<?xml version="1.0" encoding="UTF-8"?>
<!DOCTYPE html PUBLIC "-//W3C//DTD XHTML 1.0 Transitional//EN"
    "http://www.w3.org/TR/xhtml1/DTD/xhtml1-transitional.dtd">
<html xmlns="http://www.w3.org/1999/xhtml" xml:lang="en" lang="en">
 <head>
  <title>
</title>
<meta http-equiv="Content-Type" content="text/html;charset=utf-8" />
  <meta name='ocr-system' content='tesseract 3.04.00' />
  <meta name='ocr-capabilities' content='ocr_page ocr_carea ocr_par ocr_line ocrx_word'/>
</head>
<body>
  <div class='ocr_page' id='page_1' title='image "./petriablardiope01despgoog_0688.png"; bbox 0 0 4522 6104; ppageno 0'>
   <div class='ocr_carea' id='block_1_1' title="bbox 728 537 1949 617">
    <p class='ocr_par' dir='ltr' id='par_1_1' title="bbox 728 537 1949 617">
     <span class='ocr_line' id='line_1_1' title="bbox 728 537 1949 617; baseline -0.002 -3"><span class='ocrx_word' id='word_1_1' title='bbox 728 539 961 614; x_wconf 79' lang='lat' dir='ltr'><strong>EXPOSl&#39;l&#39;lO</strong></span> <span class='ocrx_word' id='word_1_2' title='bbox 987 541 1033 617; x_wconf 89' lang='grc' dir='ltr'><strong>ΙΝ</strong></span> <span class='ocrx_word' id='word_1_3' title='bbox 1056 537 1351 616; x_wconf 76' lang='lat' dir='ltr'><strong>flnxlttttttort.</strong></span> <span class='ocrx_word' id='word_1_4' title='bbox 1760 539 1831 612; x_wconf 81' lang='grc'><strong>673</strong></span> <span class='ocrx_word' id='word_1_5' title='bbox 1945 591 1949 594; x_wconf 95' lang='grc'>-</span> 
     </span>
    </p>
   </div>
   <div class='ocr_carea' id='block_1_2' title="bbox 210 677 1833 3891">
    <p class='ocr_par' dir='ltr' id='par_1_2' title="bbox 243 677 1832 2210">
     <span class='ocr_line' id='line_1_2' title="bbox 248 677 1832 781; baseline 0 -29"><span class='ocrx_word' id='word_1_6' title='bbox 248 679 305 752; x_wconf 89' lang='lat' dir='ltr'><strong>vel</strong></span> <span class='ocrx_word' id='word_1_7' title='bbox 326 704 398 778; x_wconf 86' lang='lat' dir='ltr'><strong>qua</strong></span> <span class='ocrx_word' id='word_1_8' title='bbox 417 680 652 780; x_wconf 81' lang='lat' dir='ltr'><strong>dispositione</strong></span> <span class='ocrx_word' id='word_1_9' title='bbox 672 679 982 781; x_wconf 73' lang='lat' dir='ltr'><strong>sibiaptarentur.</strong></span> <span class='ocrx_word' id='word_1_10' title='bbox 1000 683 1110 772; x_wconf 85' lang='lat' dir='ltr'><strong>Quod</strong></span> <span class='ocrx_word' id='word_1_11' title='bbox 1125 708 1224 756; x_wconf 91' lang='lat' dir='ltr'><strong>nunc</strong></span> <span class='ocrx_word' id='word_1_12' title='bbox 1239 681 1323 756; x_wconf 84' lang='lat' dir='ltr'><strong>lacit</strong></span> <span class='ocrx_word' id='word_1_13' title='bbox 1338 703 1453 778; x_wconf 89' lang='lat' dir='ltr'><strong>quum</strong></span> <span class='ocrx_word' id='word_1_14' title='bbox 1468 678 1544 750; x_wconf 84' lang='lat' dir='ltr'><strong>haec</strong></span> <span class='ocrx_word' id='word_1_15' title='bbox 1559 679 1597 752; x_wconf 91' lang='lat' dir='ltr'><strong>in</strong></span> <span class='ocrx_word' id='word_1_16' title='bbox 1614 677 1754 769; x_wconf 90' lang='lat' dir='ltr'><strong>medio,</strong></span> <span class='ocrx_word' id='word_1_17' title='bbox 1772 678 1832 752; x_wconf 87' lang='lat' dir='ltr'><strong>illa</strong></span> 
     </span>
     <span class='ocr_line' id='line_1_3' title="bbox 247 797 1830 900; baseline -0.001 -30"><span class='ocrx_word' id='word_1_18' title='bbox 247 798 383 872; x_wconf 88' lang='lat' dir='ltr'><strong>circum</strong></span> <span class='ocrx_word' id='word_1_19' title='bbox 399 802 517 898; x_wconf 89' lang='lat' dir='ltr'><strong>posita</strong></span> <span class='ocrx_word' id='word_1_20' title='bbox 533 800 713 872; x_wconf 86' lang='lat' dir='ltr'><strong>describit.</strong></span> <span class='ocrx_word' id='word_1_21' title='bbox 729 801 880 897; x_wconf 88' lang='lat' dir='ltr'><strong>lignum</strong></span> <span class='ocrx_word' id='word_1_22' title='bbox 895 803 976 875; x_wconf 76' lang='lat' dir='ltr'><strong>vita</strong></span> <span class='ocrx_word' id='word_1_23' title='bbox 992 801 1191 900; x_wconf 90' lang='lat' dir='ltr'><strong>dicitquod</strong></span> <span class='ocrx_word' id='word_1_24' title='bbox 1206 800 1254 874; x_wconf 86' lang='lat' dir='ltr'><strong>ad</strong></span> <span class='ocrx_word' id='word_1_25' title='bbox 1269 801 1380 892; x_wconf 86' lang='lat' dir='ltr'><strong>vitam</strong></span> <span class='ocrx_word' id='word_1_26' title='bbox 1396 797 1681 870; x_wconf 86' lang='lat' dir='ltr'><strong>conservandam</strong></span> <span class='ocrx_word' id='word_1_27' title='bbox 1697 812 1733 869; x_wconf 86' lang='lat' dir='ltr'><strong>et</strong></span> <span class='ocrx_word' id='word_1_28' title='bbox 1749 822 1830 869; x_wconf 91' lang='lat' dir='ltr'><strong>cor·</strong></span> 
     </span>
     <span class='ocr_line' id='line_1_4' title="bbox 247 917 1831 1022; baseline 0.001 -32"><span class='ocrx_word' id='word_1_29' title='bbox 247 920 346 1016; x_wconf 90' lang='lat' dir='ltr'><strong>poris</strong></span> <span class='ocrx_word' id='word_1_30' title='bbox 368 921 652 994; x_wconf 81' lang='lat' dir='ltr'><strong>incolumitatem</strong></span> <span class='ocrx_word' id='word_1_31' title='bbox 677 922 754 993; x_wconf 91' lang='lat' dir='ltr'><strong>sine</strong></span> <span class='ocrx_word' id='word_1_32' title='bbox 774 921 916 994; x_wconf 85' lang='lat' dir='ltr'><strong>delectu</strong></span> <span class='ocrx_word' id='word_1_33' title='bbox 936 924 1026 994; x_wconf 89' lang='lat' dir='ltr'><strong>senii</strong></span> <span class='ocrx_word' id='word_1_34' title='bbox 1046 924 1147 1022; x_wconf 85' lang='lat' dir='ltr'><strong>quasi</strong></span> <span class='ocrx_word' id='word_1_35' title='bbox 1167 946 1235 1021; x_wconf 90' lang='lat' dir='ltr'><strong>pro</strong></span> <span class='ocrx_word' id='word_1_36' title='bbox 1256 920 1520 994; x_wconf 85' lang='lat' dir='ltr'><strong>medicamento</strong></span> <span class='ocrx_word' id='word_1_37' title='bbox 1535 917 1603 990; x_wconf 91' lang='lat' dir='ltr'><strong>illis</strong></span> <span class='ocrx_word' id='word_1_38' title='bbox 1619 932 1779 993; x_wconf 87' lang='lat' dir='ltr'><strong>creatum</strong></span> <span class='ocrx_word' id='word_1_39' title='bbox 1795 934 1831 991; x_wconf 87' lang='lat' dir='ltr'><strong>et</strong></span> 
     </span>
     <span class='ocr_line' id='line_1_5' title="bbox 246 1039 1829 1140; baseline 0.002 -31"><span class='ocrx_word' id='word_1_40' title='bbox 246 1061 457 1112; x_wconf 86' lang='lat' dir='ltr'><strong>concessum</strong></span> <span class='ocrx_word' id='word_1_41' title='bbox 483 1040 609 1112; x_wconf 85' lang='lat' dir='ltr'><strong>inerat.</strong></span> <span class='ocrx_word' id='word_1_42' title='bbox 639 1039 743 1111; x_wconf 87' lang='lat' dir='ltr'><strong>Unde</strong></span> <span class='ocrx_word' id='word_1_43' title='bbox 767 1042 860 1112; x_wconf 91' lang='lat' dir='ltr'><strong>etin</strong></span> <span class='ocrx_word' id='word_1_44' title='bbox 882 1040 1112 1138; x_wconf 89' lang='lat' dir='ltr'><strong>sequentibus</strong></span> <span class='ocrx_word' id='word_1_45' title='bbox 1133 1041 1179 1114; x_wconf 95' lang='lat' dir='ltr'><strong>de</strong></span> <span class='ocrx_word' id='word_1_46' title='bbox 1201 1041 1286 1140; x_wconf 88' lang='lat' dir='ltr'><strong>ipsis</strong></span> <span class='ocrx_word' id='word_1_47' title='bbox 1306 1055 1390 1139; x_wconf 89' lang='lat' dir='ltr'><strong>post</strong></span> <span class='ocrx_word' id='word_1_48' title='bbox 1413 1054 1600 1138; x_wconf 88' lang='lat' dir='ltr'><strong>peccatum</strong></span> <span class='ocrx_word' id='word_1_49' title='bbox 1622 1064 1643 1111; x_wconf 92' lang='lat' dir='ltr'><strong>a</strong></span> <span class='ocrx_word' id='word_1_50' title='bbox 1663 1039 1829 1137; x_wconf 80' lang='lat' dir='ltr'><strong>paradiso</strong></span> 
     </span>
     <span class='ocr_line' id='line_1_6' title="bbox 246 1157 1830 1258; baseline 0.001 -28"><span class='ocrx_word' id='word_1_51' title='bbox 246 1157 366 1254; x_wconf 76' lang='lat' dir='ltr'><strong>ejectis</strong></span> <span class='ocrx_word' id='word_1_52' title='bbox 389 1160 562 1257; x_wconf 84' lang='lat' dir='ltr'><strong>scripturn</strong></span> <span class='ocrx_word' id='word_1_53' title='bbox 583 1173 636 1232; x_wconf 90' lang='lat' dir='ltr'><strong>est</strong></span> <span class='ocrx_word' id='word_1_54' title='bbox 660 1187 668 1231; x_wconf 90' lang='lat'><strong>:</strong></span> <span class='ocrx_word' id='word_1_55' title='bbox 697 1187 716 1227; x_wconf 75' lang='grc' dir='ltr'><strong>ι(</strong></span> <span class='ocrx_word' id='word_1_56' title='bbox 733 1163 784 1232; x_wconf 92' lang='lat' dir='ltr'><strong>Ne</strong></span> <span class='ocrx_word' id='word_1_57' title='bbox 808 1161 899 1233; x_wconf 85' lang='lat' dir='ltr'><strong>sorte</strong></span> <span class='ocrx_word' id='word_1_58' title='bbox 921 1176 1039 1234; x_wconf 86' lang='lat' dir='ltr'><strong>sumat</strong></span> <span class='ocrx_word' id='word_1_59' title='bbox 1054 1163 1101 1234; x_wconf 89' lang='lat' dir='ltr'><strong>de</strong></span> <span class='ocrx_word' id='word_1_60' title='bbox 1117 1162 1214 1258; x_wconf 90' lang='lat' dir='ltr'><strong>ligno</strong></span> <span class='ocrx_word' id='word_1_61' title='bbox 1230 1161 1312 1233; x_wconf 81' lang='lat' dir='ltr'><strong>vitre</strong></span> <span class='ocrx_word' id='word_1_62' title='bbox 1328 1173 1364 1232; x_wconf 87' lang='lat' dir='ltr'><strong>et</strong></span> <span class='ocrx_word' id='word_1_63' title='bbox 1379 1161 1476 1232; x_wconf 88' lang='lat' dir='ltr'><strong>vivat</strong></span> <span class='ocrx_word' id='word_1_64' title='bbox 1492 1161 1528 1230; x_wconf 94' lang='lat' dir='ltr'><strong>in</strong></span> <span class='ocrx_word' id='word_1_65' title='bbox 1545 1175 1729 1232; x_wconf 88' lang='lat' dir='ltr'><strong>aeternum.</strong></span> <span class='ocrx_word' id='word_1_66' title='bbox 1749 1190 1766 1228; x_wconf 74' lang='lat' dir='ltr'><em>n</em></span> <span class='ocrx_word' id='word_1_67' title='bbox 1786 1165 1830 1231; x_wconf 85' lang='lat' dir='ltr'><strong>Et</strong></span> 
     </span>
     <span class='ocr_line' id='line_1_7' title="bbox 245 1277 1827 1386; baseline 0.002 -40"><span class='ocrx_word' id='word_1_68' title='bbox 245 1298 410 1348; x_wconf 88' lang='lat' dir='ltr'><strong>rursum:</strong></span> <span class='ocrx_word' id='word_1_69' title='bbox 428 1306 446 1344; x_wconf 80' lang='lat' dir='ltr'><strong>s</strong></span> <span class='ocrx_word' id='word_1_70' title='bbox 459 1277 655 1352; x_wconf 86' lang='lat' dir='ltr'><strong>Collocavit</strong></span> <span class='ocrx_word' id='word_1_71' title='bbox 667 1293 751 1352; x_wconf 90' lang='lat' dir='ltr'><strong>ante</strong></span> <span class='ocrx_word' id='word_1_72' title='bbox 758 1280 970 1386; x_wconf 89' lang='lat' dir='ltr'><strong>paradisum</strong></span> <span class='ocrx_word' id='word_1_73' title='bbox 978 1279 1152 1354; x_wconf 90' lang='lat' dir='ltr'><strong>cherubin</strong></span> <span class='ocrx_word' id='word_1_74' title='bbox 1162 1281 1208 1355; x_wconf 87' lang='lat' dir='ltr'><strong>ad</strong></span> <span class='ocrx_word' id='word_1_75' title='bbox 1220 1279 1494 1354; x_wconf 83' lang='lat' dir='ltr'><strong>custodiendam</strong></span> <span class='ocrx_word' id='word_1_76' title='bbox 1505 1281 1600 1352; x_wconf 90' lang='lat' dir='ltr'><strong>viam</strong></span> <span class='ocrx_word' id='word_1_77' title='bbox 1610 1281 1696 1377; x_wconf 90' lang='lat' dir='ltr'><strong>ligni</strong></span> <span class='ocrx_word' id='word_1_78' title='bbox 1709 1283 1827 1354; x_wconf 75' lang='lat' dir='ltr'><strong>vitre.»</strong></span> 
     </span>
     <span class='ocr_line' id='line_1_8' title="bbox 245 1396 1830 1498; baseline 0.007 -32"><span class='ocrx_word' id='word_1_79' title='bbox 245 1397 379 1468; x_wconf 85' lang='lat' dir='ltr'><strong>Caetera</strong></span> <span class='ocrx_word' id='word_1_80' title='bbox 392 1421 480 1468; x_wconf 86' lang='lat' dir='ltr'><strong>vero</strong></span> <span class='ocrx_word' id='word_1_81' title='bbox 496 1396 593 1493; x_wconf 89' lang='lat' dir='ltr'><strong>ligna</strong></span> <span class='ocrx_word' id='word_1_82' title='bbox 608 1399 644 1470; x_wconf 93' lang='lat' dir='ltr'><strong>in</strong></span> <span class='ocrx_word' id='word_1_83' title='bbox 662 1423 763 1473; x_wconf 89' lang='lat' dir='ltr'><strong>esum</strong></span> <span class='ocrx_word' id='word_1_84' title='bbox 775 1400 1027 1498; x_wconf 85' lang='lat' dir='ltr'><strong>quotidianum</strong></span> <span class='ocrx_word' id='word_1_85' title='bbox 1037 1401 1220 1475; x_wconf 90' lang='lat' dir='ltr'><strong>habebant</strong></span> <span class='ocrx_word' id='word_1_86' title='bbox 1232 1401 1278 1475; x_wconf 89' lang='lat' dir='ltr'><strong>ad</strong></span> <span class='ocrx_word' id='word_1_87' title='bbox 1294 1402 1590 1473; x_wconf 85' lang='lat' dir='ltr'><strong>sustentationem</strong></span> <span class='ocrx_word' id='word_1_88' title='bbox 1599 1403 1692 1492; x_wconf 80' lang='lat' dir='ltr'><strong>vitae,</strong></span> <span class='ocrx_word' id='word_1_89' title='bbox 1706 1419 1742 1474; x_wconf 91' lang='lat' dir='ltr'><strong>et</strong></span> <span class='ocrx_word' id='word_1_90' title='bbox 1753 1430 1830 1477; x_wconf 90' lang='lat' dir='ltr'><strong>cor·</strong></span> 
     </span>
     <span class='ocr_line' id='line_1_9' title="bbox 245 1512 1828 1616; baseline 0.008 -34"><span class='ocrx_word' id='word_1_91' title='bbox 245 1512 343 1610; x_wconf 92' lang='lat' dir='ltr'><strong>poris</strong></span> <span class='ocrx_word' id='word_1_92' title='bbox 359 1514 610 1606; x_wconf 85' lang='lat' dir='ltr'><strong>resectionem,</strong></span> <span class='ocrx_word' id='word_1_93' title='bbox 627 1540 702 1590; x_wconf 92' lang='lat' dir='ltr'><strong>non</strong></span> <span class='ocrx_word' id='word_1_94' title='bbox 725 1517 772 1590; x_wconf 89' lang='lat' dir='ltr'><strong>ad</strong></span> <span class='ocrx_word' id='word_1_95' title='bbox 793 1519 1047 1594; x_wconf 84' lang='lat' dir='ltr'><strong>medicamenti</strong></span> <span class='ocrx_word' id='word_1_96' title='bbox 1066 1521 1268 1594; x_wconf 86' lang='lat' dir='ltr'><strong>sanitatem.</strong></span> <span class='ocrx_word' id='word_1_97' title='bbox 1287 1519 1439 1616; x_wconf 88' lang='lat' dir='ltr'><strong>lignum</strong></span> <span class='ocrx_word' id='word_1_98' title='bbox 1459 1543 1547 1592; x_wconf 87' lang='lat' dir='ltr'><strong>vero</strong></span> <span class='ocrx_word' id='word_1_99' title='bbox 1566 1520 1720 1591; x_wconf 87' lang='lat' dir='ltr'><strong>scientiae</strong></span> <span class='ocrx_word' id='word_1_100' title='bbox 1740 1521 1828 1594; x_wconf 90' lang='lat' dir='ltr'><strong>beni</strong></span> 
     </span>
     <span class='ocr_line' id='line_1_10' title="bbox 245 1631 1829 1740; baseline 0.006 -38"><span class='ocrx_word' id='word_1_101' title='bbox 245 1645 281 1702; x_wconf 93' lang='lat' dir='ltr'><strong>et</strong></span> <span class='ocrx_word' id='word_1_102' title='bbox 296 1631 381 1704; x_wconf 89' lang='lat' dir='ltr'><strong>mali</strong></span> <span class='ocrx_word' id='word_1_103' title='bbox 397 1632 540 1725; x_wconf 90' lang='lat' dir='ltr'><strong>dicitur,</strong></span> <span class='ocrx_word' id='word_1_104' title='bbox 556 1659 632 1707; x_wconf 92' lang='lat' dir='ltr'><strong>non</strong></span> <span class='ocrx_word' id='word_1_105' title='bbox 649 1660 692 1709; x_wconf 82' lang='lat' dir='ltr'><strong>ex</strong></span> <span class='ocrx_word' id='word_1_106' title='bbox 706 1661 754 1710; x_wconf 86' lang='lat' dir='ltr'><strong>eo</strong></span> <span class='ocrx_word' id='word_1_107' title='bbox 770 1639 871 1738; x_wconf 92' lang='lat' dir='ltr'><strong>quod</strong></span> <span class='ocrx_word' id='word_1_108' title='bbox 886 1641 1080 1740; x_wconf 85' lang='lat' dir='ltr'><strong>accepisset</strong></span> <span class='ocrx_word' id='word_1_109' title='bbox 1095 1641 1132 1712; x_wconf 93' lang='lat' dir='ltr'><strong>in</strong></span> <span class='ocrx_word' id='word_1_110' title='bbox 1149 1665 1215 1714; x_wconf 88' lang='lat' dir='ltr'><strong>sua</strong></span> <span class='ocrx_word' id='word_1_111' title='bbox 1229 1641 1424 1730; x_wconf 78' lang='lat' dir='ltr'><strong>creatione,</strong></span> <span class='ocrx_word' id='word_1_112' title='bbox 1440 1637 1503 1711; x_wconf 86' lang='lat' dir='ltr'><strong>sed</strong></span> <span class='ocrx_word' id='word_1_113' title='bbox 1516 1663 1558 1710; x_wconf 84' lang='lat' dir='ltr'><strong>ex</strong></span> <span class='ocrx_word' id='word_1_114' title='bbox 1571 1663 1616 1709; x_wconf 91' lang='lat' dir='ltr'><strong>eo</strong></span> <span class='ocrx_word' id='word_1_115' title='bbox 1629 1639 1730 1737; x_wconf 91' lang='lat' dir='ltr'><strong>quod</strong></span> <span class='ocrx_word' id='word_1_116' title='bbox 1744 1664 1829 1714; x_wconf 89' lang='lat' dir='ltr'><strong>con·</strong></span> 
     </span>
     <span class='ocr_line' id='line_1_11' title="bbox 243 1752 1824 1858; baseline 0.008 -38"><span class='ocrx_word' id='word_1_117' title='bbox 243 1763 406 1822; x_wconf 89' lang='lat' dir='ltr'><strong>secutum</strong></span> <span class='ocrx_word' id='word_1_118' title='bbox 422 1767 476 1826; x_wconf 89' lang='lat' dir='ltr'><strong>est</strong></span> <span class='ocrx_word' id='word_1_119' title='bbox 491 1753 529 1824; x_wconf 92' lang='lat' dir='ltr'><strong>in</strong></span> <span class='ocrx_word' id='word_1_120' title='bbox 546 1752 614 1826; x_wconf 94' lang='lat' dir='ltr'><strong>illis</strong></span> <span class='ocrx_word' id='word_1_121' title='bbox 628 1756 753 1854; x_wconf 87' lang='lat' dir='ltr'><strong>primis</strong></span> <span class='ocrx_word' id='word_1_122' title='bbox 773 1757 982 1857; x_wconf 85' lang='lat' dir='ltr'><strong>parentibus</strong></span> <span class='ocrx_word' id='word_1_123' title='bbox 998 1783 1041 1832; x_wconf 84' lang='lat' dir='ltr'><strong>ex</strong></span> <span class='ocrx_word' id='word_1_124' title='bbox 1055 1783 1098 1832; x_wconf 90' lang='lat' dir='ltr'><strong>ea</strong></span> <span class='ocrx_word' id='word_1_125' title='bbox 1113 1783 1223 1858; x_wconf 88' lang='lat' dir='ltr'><strong>quarn</strong></span> <span class='ocrx_word' id='word_1_126' title='bbox 1238 1761 1276 1832; x_wconf 95' lang='lat' dir='ltr'><strong>in</strong></span> <span class='ocrx_word' id='word_1_127' title='bbox 1293 1779 1338 1830; x_wconf 87' lang='lat' dir='ltr'><strong>eo</strong></span> <span class='ocrx_word' id='word_1_128' title='bbox 1354 1759 1516 1830; x_wconf 84' lang='lat' dir='ltr'><strong>lecerunt</strong></span> <span class='ocrx_word' id='word_1_129' title='bbox 1531 1759 1824 1854; x_wconf 84' lang='lat' dir='ltr'><strong>transgressione.</strong></span> 
     </span>
     <span class='ocr_line' id='line_1_12' title="bbox 243 1867 1828 1977; baseline 0.009 -41"><span class='ocrx_word' id='word_1_130' title='bbox 243 1870 309 1939; x_wconf 90' lang='lat' dir='ltr'><strong>Per</strong></span> <span class='ocrx_word' id='word_1_131' title='bbox 325 1867 419 1944; x_wconf 86' lang='lat' dir='ltr'><strong>hanc</strong></span> <span class='ocrx_word' id='word_1_132' title='bbox 435 1872 533 1944; x_wconf 85' lang='lat' dir='ltr'><strong>enim</strong></span> <span class='ocrx_word' id='word_1_133' title='bbox 548 1875 793 1972; x_wconf 87' lang='lat' dir='ltr'><strong>experimento</strong></span> <span class='ocrx_word' id='word_1_134' title='bbox 810 1877 888 1977; x_wconf 90' lang='lat' dir='ltr'><strong>ipso</strong></span> <span class='ocrx_word' id='word_1_135' title='bbox 905 1877 1109 1952; x_wconf 89' lang='lat' dir='ltr'><strong>didicerunt</strong></span> <span class='ocrx_word' id='word_1_136' title='bbox 1123 1877 1212 1976; x_wconf 91' lang='lat' dir='ltr'><strong>quid</strong></span> <span class='ocrx_word' id='word_1_137' title='bbox 1234 1879 1328 1949; x_wconf 90' lang='lat' dir='ltr'><strong>inter</strong></span> <span class='ocrx_word' id='word_1_138' title='bbox 1352 1876 1492 1949; x_wconf 89' lang='lat' dir='ltr'><strong>bonurn</strong></span> <span class='ocrx_word' id='word_1_139' title='bbox 1513 1876 1594 1948; x_wconf 88' lang='lat' dir='ltr'><strong>vitae</strong></span> <span class='ocrx_word' id='word_1_140' title='bbox 1611 1875 1828 1951; x_wconf 88' lang='lat' dir='ltr'><strong>delectabilis</strong></span> 
     </span>
     <span class='ocr_line' id='line_1_13' title="bbox 243 1991 1829 2098; baseline 0.007 -39"><span class='ocrx_word' id='word_1_141' title='bbox 243 2011 352 2085; x_wconf 86' lang='lat' dir='ltr'><strong>quarn</strong></span> <span class='ocrx_word' id='word_1_142' title='bbox 368 1991 467 2087; x_wconf 90' lang='lat' dir='ltr'><strong>prius</strong></span> <span class='ocrx_word' id='word_1_143' title='bbox 490 1991 693 2086; x_wconf 83' lang='lat' dir='ltr'><strong>habebant,</strong></span> <span class='ocrx_word' id='word_1_144' title='bbox 712 2011 747 2070; x_wconf 88' lang='lat' dir='ltr'><strong>et</strong></span> <span class='ocrx_word' id='word_1_145' title='bbox 769 1998 863 2070; x_wconf 88' lang='lat' dir='ltr'><strong>inter</strong></span> <span class='ocrx_word' id='word_1_146' title='bbox 879 1998 1014 2071; x_wconf 91' lang='lat' dir='ltr'><strong>malum</strong></span> <span class='ocrx_word' id='word_1_147' title='bbox 1038 2021 1152 2098; x_wconf 78' lang='lat' dir='ltr'><strong>poanae</strong></span> <span class='ocrx_word' id='word_1_148' title='bbox 1166 2022 1278 2096; x_wconf 82' lang='lat' dir='ltr'><strong>quam</strong></span> <span class='ocrx_word' id='word_1_149' title='bbox 1302 1999 1547 2088; x_wconf 85' lang='lat' dir='ltr'><strong>incurrerunt,</strong></span> <span class='ocrx_word' id='word_1_150' title='bbox 1565 1994 1713 2070; x_wconf 88' lang='lat' dir='ltr'><strong>distaret</strong></span> <span class='ocrx_word' id='word_1_151' title='bbox 1727 2001 1829 2094; x_wconf 84' lang='lat' dir='ltr'><strong>quasi</strong></span> 
     </span>
     <span class='ocr_line' id='line_1_14' title="bbox 243 2109 756 2210; baseline 0.021 -30"><span class='ocrx_word' id='word_1_152' title='bbox 243 2109 338 2182; x_wconf 90' lang='lat' dir='ltr'><strong>inter</strong></span> <span class='ocrx_word' id='word_1_153' title='bbox 352 2113 513 2210; x_wconf 89' lang='lat' dir='ltr'><strong>requiem</strong></span> <span class='ocrx_word' id='word_1_154' title='bbox 530 2130 566 2187; x_wconf 90' lang='lat' dir='ltr'><strong>et</strong></span> <span class='ocrx_word' id='word_1_155' title='bbox 580 2114 756 2190; x_wconf 90' lang='lat' dir='ltr'><strong>laborem.</strong></span> 
     </span>
    </p>

    <p class='ocr_par' dir='ltr' id='par_1_3' title="bbox 210 2232 1833 3891">
     <span class='ocr_line' id='line_1_15' title="bbox 294 2232 1829 2339; baseline 0.01 -41"><span class='ocrx_word' id='word_1_156' title='bbox 294 2232 555 2333; x_wconf 80' lang='lat' dir='ltr'><strong>«Lignumque</strong></span> <span class='ocrx_word' id='word_1_157' title='bbox 579 2237 747 2311; x_wconf 85' lang='lat' dir='ltr'><strong>scientiae.</strong></span> <span class='ocrx_word' id='word_1_158' title='bbox 767 2268 786 2308; x_wconf 81' lang='lat' dir='ltr'><strong>rr</strong></span> <span class='ocrx_word' id='word_1_159' title='bbox 809 2246 850 2312; x_wconf 92' lang='lat' dir='ltr'><strong>ln</strong></span> <span class='ocrx_word' id='word_1_160' title='bbox 872 2240 993 2314; x_wconf 90' lang='lat' dir='ltr'><strong>medio</strong></span> <span class='ocrx_word' id='word_1_161' title='bbox 1014 2240 1121 2314; x_wconf 89' lang='lat' dir='ltr'><strong>simul</strong></span> <span class='ocrx_word' id='word_1_162' title='bbox 1141 2240 1297 2339; x_wconf 87' lang='lat' dir='ltr'><strong>paradisi</strong></span> <span class='ocrx_word' id='word_1_163' title='bbox 1321 2266 1405 2313; x_wconf 91' lang='lat' dir='ltr'><strong>cum</strong></span> <span class='ocrx_word' id='word_1_164' title='bbox 1424 2239 1523 2338; x_wconf 87' lang='lat' dir='ltr'><strong>ligno</strong></span> <span class='ocrx_word' id='word_1_165' title='bbox 1547 2243 1649 2332; x_wconf 82' lang='lat' dir='ltr'><strong>vitre,</strong></span> <span class='ocrx_word' id='word_1_166' title='bbox 1677 2257 1717 2316; x_wconf 91' lang='lat' dir='ltr'><strong>ut</strong></span> <span class='ocrx_word' id='word_1_167' title='bbox 1741 2242 1829 2315; x_wconf 91' lang='lat' dir='ltr'><strong>dum</strong></span> 
     </span>
     <span class='ocr_line' id='line_1_16' title="bbox 244 2345 1832 2458; baseline 0.008 -39"><span class='ocrx_word' id='word_1_168' title='bbox 244 2345 315 2421; x_wconf 89' lang='lat' dir='ltr'><strong>boc</strong></span> <span class='ocrx_word' id='word_1_169' title='bbox 331 2349 468 2448; x_wconf 89' lang='lat' dir='ltr'><strong>lignum</strong></span> <span class='ocrx_word' id='word_1_170' title='bbox 483 2354 584 2452; x_wconf 86' lang='lat' dir='ltr'><strong>quod</strong></span> <span class='ocrx_word' id='word_1_171' title='bbox 600 2355 727 2428; x_wconf 89' lang='lat' dir='ltr'><strong>melius</strong></span> <span class='ocrx_word' id='word_1_172' title='bbox 748 2371 819 2448; x_wconf 90' lang='lat' dir='ltr'><strong>est,</strong></span> <span class='ocrx_word' id='word_1_173' title='bbox 839 2373 875 2430; x_wconf 91' lang='lat' dir='ltr'><strong>et</strong></span> <span class='ocrx_word' id='word_1_174' title='bbox 891 2359 1003 2456; x_wconf 88' lang='lat' dir='ltr'><strong>magis</strong></span> <span class='ocrx_word' id='word_1_175' title='bbox 1019 2358 1088 2432; x_wconf 91' lang='lat' dir='ltr'><strong>sibi</strong></span> <span class='ocrx_word' id='word_1_176' title='bbox 1108 2361 1366 2447; x_wconf 86' lang='lat' dir='ltr'><strong>necessarium,</strong></span> <span class='ocrx_word' id='word_1_177' title='bbox 1385 2357 1499 2430; x_wconf 88' lang='lat' dir='ltr'><strong>borno</strong></span> <span class='ocrx_word' id='word_1_178' title='bbox 1516 2361 1744 2458; x_wconf 76' lang='lat' dir='ltr'><strong>conspiceret</strong></span> <span class='ocrx_word' id='word_1_179' title='bbox 1763 2361 1832 2432; x_wconf 88' lang='lat' dir='ltr'><strong>sibi</strong></span> 
     </span>
     <span class='ocr_line' id='line_1_17' title="bbox 242 2473 1829 2573; baseline 0.009 -35"><span class='ocrx_word' id='word_1_180' title='bbox 242 2489 472 2561; x_wconf 87' lang='lat' dir='ltr'><strong>concessum,</strong></span> <span class='ocrx_word' id='word_1_181' title='bbox 491 2495 512 2544; x_wconf 92' lang='lat' dir='ltr'><strong>a</strong></span> <span class='ocrx_word' id='word_1_182' title='bbox 532 2477 814 2573; x_wconf 82' lang='lat' dir='ltr'><strong>transgressione</strong></span> <span class='ocrx_word' id='word_1_183' title='bbox 836 2477 980 2552; x_wconf 85' lang='lat' dir='ltr'><strong>alterius</strong></span> <span class='ocrx_word' id='word_1_184' title='bbox 1001 2473 1155 2553; x_wconf 76' lang='lat' dir='ltr'><strong>maxime</strong></span> <span class='ocrx_word' id='word_1_185' title='bbox 1179 2491 1421 2569; x_wconf 88' lang='lat' dir='ltr'><strong>revocaretur,</strong></span> <span class='ocrx_word' id='word_1_186' title='bbox 1445 2479 1474 2549; x_wconf 94' lang='lat' dir='ltr'><strong>si</strong></span> <span class='ocrx_word' id='word_1_187' title='bbox 1495 2502 1570 2549; x_wconf 90' lang='lat' dir='ltr'><strong>non</strong></span> <span class='ocrx_word' id='word_1_188' title='bbox 1597 2502 1721 2552; x_wconf 90' lang='lat' dir='ltr'><strong>amore</strong></span> <span class='ocrx_word' id='word_1_189' title='bbox 1746 2484 1829 2568; x_wconf 85' lang='lat' dir='ltr'><strong>Dei,</strong></span> 
     </span>
     <span class='ocr_line' id='line_1_18' title="bbox 243 2587 1832 2697; baseline 0.008 -37"><span class='ocrx_word' id='word_1_190' title='bbox 243 2587 368 2661; x_wconf 86' lang='lat' dir='ltr'><strong>saltem</strong></span> <span class='ocrx_word' id='word_1_191' title='bbox 384 2591 562 2668; x_wconf 85' lang='lat' dir='ltr'><strong>retinendi</strong></span> <span class='ocrx_word' id='word_1_192' title='bbox 579 2597 669 2668; x_wconf 91' lang='lat' dir='ltr'><strong>tanti</strong></span> <span class='ocrx_word' id='word_1_193' title='bbox 685 2596 853 2676; x_wconf 81' lang='lat' dir='ltr'><strong>beneficii</strong></span> <span class='ocrx_word' id='word_1_194' title='bbox 867 2601 905 2671; x_wconf 94' lang='lat' dir='ltr'><strong>in</strong></span> <span class='ocrx_word' id='word_1_195' title='bbox 923 2598 1022 2697; x_wconf 89' lang='lat' dir='ltr'><strong>ligno</strong></span> <span class='ocrx_word' id='word_1_196' title='bbox 1038 2600 1118 2680; x_wconf 84' lang='lat' dir='ltr'><strong>vitae</strong></span> <span class='ocrx_word' id='word_1_197' title='bbox 1133 2600 1330 2672; x_wconf 88' lang='lat' dir='ltr'><strong>constituti.</strong></span> <span class='ocrx_word' id='word_1_198' title='bbox 1346 2598 1461 2686; x_wconf 86' lang='lat' dir='ltr'><strong>Quale</strong></span> <span class='ocrx_word' id='word_1_199' title='bbox 1475 2612 1596 2670; x_wconf 88' lang='lat' dir='ltr'><strong>autem</strong></span> <span class='ocrx_word' id='word_1_200' title='bbox 1608 2599 1680 2670; x_wconf 91' lang='lat' dir='ltr'><strong>hoc</strong></span> <span class='ocrx_word' id='word_1_201' title='bbox 1695 2600 1832 2696; x_wconf 89' lang='lat' dir='ltr'><strong>lignum</strong></span> 
     </span>
     <span class='ocr_line' id='line_1_19' title="bbox 243 2706 1831 2814; baseline 0.006 -36"><span class='ocrx_word' id='word_1_202' title='bbox 243 2706 401 2780; x_wconf 79' lang='lat' dir='ltr'><strong>fueritin</strong></span> <span class='ocrx_word' id='word_1_203' title='bbox 418 2732 493 2808; x_wconf 89' lang='lat' dir='ltr'><strong>quo</strong></span> <span class='ocrx_word' id='word_1_204' title='bbox 509 2718 718 2811; x_wconf 86' lang='lat' dir='ltr'><strong>transgressi</strong></span> <span class='ocrx_word' id='word_1_205' title='bbox 734 2731 840 2806; x_wconf 91' lang='lat' dir='ltr'><strong>sunt,</strong></span> <span class='ocrx_word' id='word_1_206' title='bbox 860 2718 958 2792; x_wconf 90' lang='lat' dir='ltr'><strong>nulla</strong></span> <span class='ocrx_word' id='word_1_207' title='bbox 981 2717 1170 2792; x_wconf 85' lang='lat' dir='ltr'><strong>delinitum</strong></span> <span class='ocrx_word' id='word_1_208' title='bbox 1195 2733 1250 2792; x_wconf 83' lang='lat' dir='ltr'><strong>est</strong></span> <span class='ocrx_word' id='word_1_209' title='bbox 1269 2719 1458 2814; x_wconf 87' lang='lat' dir='ltr'><strong>Scripturae</strong></span> <span class='ocrx_word' id='word_1_210' title='bbox 1483 2717 1706 2790; x_wconf 89' lang='lat' dir='ltr'><strong>auctoritate.</strong></span> <span class='ocrx_word' id='word_1_211' title='bbox 1733 2723 1831 2789; x_wconf 90' lang='lat' dir='ltr'><strong>Non·</strong></span> 
     </span>
     <span class='ocr_line' id='line_1_20' title="bbox 243 2826 1830 2937; baseline 0.006 -38"><span class='ocrx_word' id='word_1_212' title='bbox 243 2826 349 2899; x_wconf 90' lang='lat' dir='ltr'><strong>nullis</strong></span> <span class='ocrx_word' id='word_1_213' title='bbox 365 2843 486 2907; x_wconf 86' lang='lat' dir='ltr'><strong>tamen</strong></span> <span class='ocrx_word' id='word_1_214' title='bbox 502 2832 619 2906; x_wconf 90' lang='lat' dir='ltr'><strong>visum</strong></span> <span class='ocrx_word' id='word_1_215' title='bbox 635 2838 804 2935; x_wconf 92' lang='lat' dir='ltr'><strong>estquod</strong></span> <span class='ocrx_word' id='word_1_216' title='bbox 820 2837 909 2912; x_wconf 89' lang='lat' dir='ltr'><strong>licus</strong></span> <span class='ocrx_word' id='word_1_217' title='bbox 925 2838 1049 2929; x_wconf 85' lang='lat' dir='ltr'><strong>luerit,</strong></span> <span class='ocrx_word' id='word_1_218' title='bbox 1064 2863 1107 2912; x_wconf 84' lang='lat' dir='ltr'><strong>ex</strong></span> <span class='ocrx_word' id='word_1_219' title='bbox 1118 2863 1162 2912; x_wconf 91' lang='lat' dir='ltr'><strong>eo</strong></span> <span class='ocrx_word' id='word_1_220' title='bbox 1178 2839 1357 2937; x_wconf 78' lang='lat' dir='ltr'><strong>praecipue</strong></span> <span class='ocrx_word' id='word_1_221' title='bbox 1373 2837 1473 2936; x_wconf 90' lang='lat' dir='ltr'><strong>quod</strong></span> <span class='ocrx_word' id='word_1_222' title='bbox 1489 2837 1723 2935; x_wconf 88' lang='lat' dir='ltr'><strong>postmodum</strong></span> <span class='ocrx_word' id='word_1_223' title='bbox 1739 2839 1798 2910; x_wconf 88' lang='lat' dir='ltr'><strong>rel</strong></span> <span class='ocrx_word' id='word_1_224' title='bbox 1815 2881 1830 2894; x_wconf 93' lang='lat'><strong>·</strong></span> 
     </span>
     <span class='ocr_line' id='line_1_21' title="bbox 242 2947 1831 3058; baseline 0.011 -42"><span class='ocrx_word' id='word_1_225' title='bbox 242 2961 368 3020; x_wconf 87' lang='lat' dir='ltr'><strong>rantur</strong></span> <span class='ocrx_word' id='word_1_226' title='bbox 384 2947 434 3020; x_wconf 91' lang='lat' dir='ltr'><strong>illi</strong></span> <span class='ocrx_word' id='word_1_227' title='bbox 449 2965 616 3048; x_wconf 89' lang='lat' dir='ltr'><strong>parentes</strong></span> <span class='ocrx_word' id='word_1_228' title='bbox 632 2954 679 3028; x_wconf 91' lang='lat' dir='ltr'><strong>de</strong></span> <span class='ocrx_word' id='word_1_229' title='bbox 696 2956 788 3039; x_wconf 79' lang='lat' dir='ltr'><strong>soliis</strong></span> <span class='ocrx_word' id='word_1_230' title='bbox 805 2957 893 3032; x_wconf 87' lang='lat' dir='ltr'><strong>licus</strong></span> <span class='ocrx_word' id='word_1_231' title='bbox 909 2961 1128 3058; x_wconf 84' lang='lat' dir='ltr'><strong>perizomata</strong></span> <span class='ocrx_word' id='word_1_232' title='bbox 1144 2959 1213 3052; x_wconf 87' lang='lat' dir='ltr'><strong>sibi</strong></span> <span class='ocrx_word' id='word_1_233' title='bbox 1229 2959 1424 3031; x_wconf 86' lang='lat' dir='ltr'><strong>consuisse.</strong></span> <span class='ocrx_word' id='word_1_234' title='bbox 1444 2957 1550 3040; x_wconf 84' lang='lat' dir='ltr'><strong>Unde</strong></span> <span class='ocrx_word' id='word_1_235' title='bbox 1565 2973 1601 3034; x_wconf 89' lang='lat' dir='ltr'><strong>et</strong></span> <span class='ocrx_word' id='word_1_236' title='bbox 1618 2955 1707 3031; x_wconf 85' lang='lat' dir='ltr'><strong>illud</strong></span> <span class='ocrx_word' id='word_1_237' title='bbox 1731 2961 1831 3058; x_wconf 91' lang='lat' dir='ltr'><strong>quod</strong></span> 
     </span>
     <span class='ocr_line' id='line_1_22' title="bbox 242 3066 1831 3178; baseline 0.01 -42"><span class='ocrx_word' id='word_1_238' title='bbox 242 3066 419 3141; x_wconf 88' lang='lat' dir='ltr'><strong>Dominus</strong></span> <span class='ocrx_word' id='word_1_239' title='bbox 430 3071 618 3168; x_wconf 89' lang='lat' dir='ltr'><strong>respondit</strong></span> <span class='ocrx_word' id='word_1_240' title='bbox 628 3073 826 3150; x_wconf 90' lang='lat' dir='ltr'><strong>Nathanael</strong></span> <span class='ocrx_word' id='word_1_241' title='bbox 836 3081 1009 3178; x_wconf 85' lang='lat' dir='ltr'><strong>quaerenti</strong></span> <span class='ocrx_word' id='word_1_242' title='bbox 1023 3079 1121 3152; x_wconf 90' lang='lat' dir='ltr'><strong>unde</strong></span> <span class='ocrx_word' id='word_1_243' title='bbox 1131 3103 1216 3152; x_wconf 88' lang='lat' dir='ltr'><strong>eum</strong></span> <span class='ocrx_word' id='word_1_244' title='bbox 1232 3092 1371 3168; x_wconf 88' lang='lat' dir='ltr'><strong>nosset,</strong></span> <span class='ocrx_word' id='word_1_245' title='bbox 1387 3077 1528 3150; x_wconf 87' lang='lat' dir='ltr'><strong>dicens¹</strong></span> <span class='ocrx_word' id='word_1_246' title='bbox 1543 3103 1552 3149; x_wconf 76' lang='grc' dir='ltr'><strong>ε</strong></span> <span class='ocrx_word' id='word_1_247' title='bbox 1568 3079 1722 3164; x_wconf 82' lang='lat' dir='ltr'><strong>«Quum</strong></span> <span class='ocrx_word' id='word_1_248' title='bbox 1738 3103 1831 3152; x_wconf 88' lang='lat' dir='ltr'><strong>esses</strong></span> 
     </span>
     <span class='ocr_line' id='line_1_23' title="bbox 242 3181 1830 3296; baseline 0.01 -42"><span class='ocrx_word' id='word_1_249' title='bbox 242 3181 309 3254; x_wconf 88' lang='lat' dir='ltr'><strong>sub</strong></span> <span class='ocrx_word' id='word_1_250' title='bbox 324 3181 397 3256; x_wconf 83' lang='lat' dir='ltr'><strong>ficu</strong></span> <span class='ocrx_word' id='word_1_251' title='bbox 413 3185 560 3281; x_wconf 86' lang='lat' dir='ltr'><strong>vidite,</strong></span> <span class='ocrx_word' id='word_1_252' title='bbox 578 3219 596 3258; x_wconf 88' lang='grc'>»</span> <span class='ocrx_word' id='word_1_253' title='bbox 615 3192 665 3266; x_wconf 82' lang='lat' dir='ltr'><strong>ita</strong></span> <span class='ocrx_word' id='word_1_254' title='bbox 680 3195 829 3294; x_wconf 89' lang='lat' dir='ltr'><strong>intelligi</strong></span> <span class='ocrx_word' id='word_1_255' title='bbox 843 3198 990 3288; x_wconf 85' lang='lat' dir='ltr'><strong>volunt,</strong></span> <span class='ocrx_word' id='word_1_256' title='bbox 1006 3213 1182 3296; x_wconf 83' lang='lat' dir='ltr'><strong>tanquam</strong></span> <span class='ocrx_word' id='word_1_257' title='bbox 1198 3199 1228 3270; x_wconf 88' lang='lat' dir='ltr'><strong>si</strong></span> <span class='ocrx_word' id='word_1_258' title='bbox 1247 3197 1425 3268; x_wconf 87' lang='lat' dir='ltr'><strong>Dominus</strong></span> <span class='ocrx_word' id='word_1_259' title='bbox 1441 3195 1597 3268; x_wconf 90' lang='lat' dir='ltr'><strong>diceret:</strong></span> <span class='ocrx_word' id='word_1_260' title='bbox 1618 3199 1697 3268; x_wconf 90' lang='lat' dir='ltr'><strong>Non</strong></span> <span class='ocrx_word' id='word_1_261' title='bbox 1719 3197 1830 3270; x_wconf 90' lang='lat' dir='ltr'><strong>modo</strong></span> 
     </span>
     <span class='ocr_line' id='line_1_24' title="bbox 242 3302 1831 3418; baseline 0.01 -44"><span class='ocrx_word' id='word_1_262' title='bbox 242 3302 331 3376; x_wconf 90' lang='lat' dir='ltr'><strong>mihi</strong></span> <span class='ocrx_word' id='word_1_263' title='bbox 347 3308 504 3403; x_wconf 87' lang='lat' dir='ltr'><strong>primum</strong></span> <span class='ocrx_word' id='word_1_264' title='bbox 520 3327 629 3385; x_wconf 90' lang='lat' dir='ltr'><strong>notus</strong></span> <span class='ocrx_word' id='word_1_265' title='bbox 645 3338 721 3388; x_wconf 89' lang='lat' dir='ltr'><strong>esse</strong></span> <span class='ocrx_word' id='word_1_266' title='bbox 737 3318 896 3416; x_wconf 89' lang='lat' dir='ltr'><strong>coepisti,</strong></span> <span class='ocrx_word' id='word_1_267' title='bbox 915 3343 1026 3417; x_wconf 91' lang='lat' dir='ltr'><strong>quem</strong></span> <span class='ocrx_word' id='word_1_268' title='bbox 1042 3343 1063 3392; x_wconf 89' lang='lat' dir='ltr'><strong>a</strong></span> <span class='ocrx_word' id='word_1_269' title='bbox 1078 3319 1257 3418; x_wconf 90' lang='lat' dir='ltr'><strong>principie</strong></span> <span class='ocrx_word' id='word_1_270' title='bbox 1273 3319 1310 3390; x_wconf 94' lang='lat' dir='ltr'><strong>in</strong></span> <span class='ocrx_word' id='word_1_271' title='bbox 1329 3317 1455 3415; x_wconf 91' lang='lat' dir='ltr'><strong>primis</strong></span> <span class='ocrx_word' id='word_1_272' title='bbox 1471 3315 1680 3415; x_wconf 88' lang='lat' dir='ltr'><strong>parentibus</strong></span> <span class='ocrx_word' id='word_1_273' title='bbox 1696 3342 1761 3416; x_wconf 90' lang='lat' dir='ltr'><strong>per</strong></span> <span class='ocrx_word' id='word_1_274' title='bbox 1775 3343 1831 3390; x_wconf 90' lang='lat' dir='ltr'><strong>se-</strong></span> 
     </span>
     <span class='ocr_line' id='line_1_25' title="bbox 242 3421 1832 3533; baseline 0.011 -41"><span class='ocrx_word' id='word_1_275' title='bbox 242 3421 437 3496; x_wconf 86' lang='lat' dir='ltr'><strong>minarium</strong></span> <span class='ocrx_word' id='word_1_276' title='bbox 445 3428 672 3505; x_wconf 83' lang='lat' dir='ltr'><strong>exsistentem</strong></span> <span class='ocrx_word' id='word_1_277' title='bbox 682 3459 747 3532; x_wconf 94' lang='lat' dir='ltr'><strong>per</strong></span> <span class='ocrx_word' id='word_1_278' title='bbox 755 3438 1015 3533; x_wconf 64' lang='lat' dir='ltr'><strong>prescientiam</strong></span> <span class='ocrx_word' id='word_1_279' title='bbox 1029 3439 1129 3510; x_wconf 83' lang='lat' dir='ltr'><strong>novi.</strong></span> <span class='ocrx_word' id='word_1_280' title='bbox 1144 3438 1202 3508; x_wconf 88' lang='lat' dir='ltr'><strong>Sic</strong></span> <span class='ocrx_word' id='word_1_281' title='bbox 1216 3438 1315 3508; x_wconf 89' lang='lat' dir='ltr'><strong>enim</strong></span> <span class='ocrx_word' id='word_1_282' title='bbox 1329 3450 1366 3507; x_wconf 90' lang='lat' dir='ltr'><strong>et</strong></span> <span class='ocrx_word' id='word_1_283' title='bbox 1381 3439 1466 3508; x_wconf 84' lang='lat' dir='ltr'><strong>Levi</strong></span> <span class='ocrx_word' id='word_1_284' title='bbox 1481 3437 1518 3506; x_wconf 94' lang='lat' dir='ltr'><strong>in</strong></span> <span class='ocrx_word' id='word_1_285' title='bbox 1534 3434 1667 3507; x_wconf 89' lang='lat' dir='ltr'><strong>lumbis</strong></span> <span class='ocrx_word' id='word_1_286' title='bbox 1683 3435 1832 3509; x_wconf 61' lang='lat' dir='ltr'><strong>,Abrahae</strong></span> 
     </span>
     <span class='ocr_line' id='line_1_26' title="bbox 244 3535 1833 3653; baseline 0.012 -45"><span class='ocrx_word' id='word_1_287' title='bbox 244 3535 349 3612; x_wconf 83' lang='lat' dir='ltr'><strong>luisse</strong></span> <span class='ocrx_word' id='word_1_288' title='bbox 361 3545 551 3640; x_wconf 82' lang='lat' dir='ltr'><strong>Apostolus</strong></span> <span class='ocrx_word' id='word_1_289' title='bbox 567 3547 667 3625; x_wconf 88' lang='lat' dir='ltr'><strong>dicit.</strong></span> <span class='ocrx_word' id='word_1_290' title='bbox 684 3553 824 3626; x_wconf 74' lang='lat' dir='ltr'><strong>Hebraei</strong></span> <span class='ocrx_word' id='word_1_291' title='bbox 840 3571 962 3628; x_wconf 86' lang='lat' dir='ltr'><strong>autem</strong></span> <span class='ocrx_word' id='word_1_292' title='bbox 976 3555 1049 3628; x_wconf 89' lang='lat' dir='ltr'><strong>hoc</strong></span> <span class='ocrx_word' id='word_1_293' title='bbox 1064 3555 1203 3653; x_wconf 88' lang='lat' dir='ltr'><strong>lignum</strong></span> <span class='ocrx_word' id='word_1_294' title='bbox 1219 3555 1375 3626; x_wconf 71' lang='lat' dir='ltr'><strong>scientim</strong></span> <span class='ocrx_word' id='word_1_295' title='bbox 1388 3552 1481 3625; x_wconf 91' lang='lat' dir='ltr'><strong>boni</strong></span> <span class='ocrx_word' id='word_1_296' title='bbox 1495 3568 1531 3625; x_wconf 92' lang='lat' dir='ltr'><strong>et</strong></span> <span class='ocrx_word' id='word_1_297' title='bbox 1546 3553 1632 3625; x_wconf 91' lang='lat' dir='ltr'><strong>mali</strong></span> <span class='ocrx_word' id='word_1_298' title='bbox 1645 3569 1833 3627; x_wconf 88' lang='lat' dir='ltr'><strong>autumant</strong></span> 
     </span>
     <span class='ocr_line' id='line_1_27' title="bbox 242 3659 1831 3773; baseline 0.011 -43"><span class='ocrx_word' id='word_1_299' title='bbox 242 3659 352 3731; x_wconf 91' lang='lat' dir='ltr'><strong>vitem</strong></span> <span class='ocrx_word' id='word_1_300' title='bbox 369 3662 491 3756; x_wconf 89' lang='lat' dir='ltr'><strong>luisse,</strong></span> <span class='ocrx_word' id='word_1_301' title='bbox 509 3669 613 3742; x_wconf 86' lang='lat' dir='ltr'><strong>etsie</strong></span> <span class='ocrx_word' id='word_1_302' title='bbox 629 3670 728 3768; x_wconf 91' lang='lat' dir='ltr'><strong>ligno</strong></span> <span class='ocrx_word' id='word_1_303' title='bbox 743 3675 824 3747; x_wconf 78' lang='lat' dir='ltr'><strong>vitae</strong></span> <span class='ocrx_word' id='word_1_304' title='bbox 840 3676 878 3746; x_wconf 91' lang='lat' dir='ltr'><strong>in</strong></span> <span class='ocrx_word' id='word_1_305' title='bbox 894 3675 1017 3748; x_wconf 91' lang='lat' dir='ltr'><strong>medio</strong></span> <span class='ocrx_word' id='word_1_306' title='bbox 1034 3674 1190 3773; x_wconf 88' lang='lat' dir='ltr'><strong>paradisi</strong></span> <span class='ocrx_word' id='word_1_307' title='bbox 1207 3675 1426 3772; x_wconf 82' lang='lat' dir='ltr'><strong>appositam,</strong></span> <span class='ocrx_word' id='word_1_308' title='bbox 1446 3675 1537 3745; x_wconf 91' lang='lat' dir='ltr'><strong>sieut</strong></span> <span class='ocrx_word' id='word_1_309' title='bbox 1552 3697 1761 3773; x_wconf 69' lang='lat' dir='ltr'><strong>nunc&#39;saepe</strong></span> <span class='ocrx_word' id='word_1_310' title='bbox 1772 3675 1831 3747; x_wconf 84' lang='lat' dir='ltr'><strong>¹vi·</strong></span> 
     </span>
     <span class='ocr_line' id='line_1_28' title="bbox 210 3773 1831 3891; baseline 0.012 -44"><span class='ocrx_word' id='word_1_311' title='bbox 210 3773 219 3790; x_wconf 86' lang='lat'>&#39;</span> <span class='ocrx_word' id='word_1_312' title='bbox 242 3775 385 3869; x_wconf 90' lang='lat' dir='ltr'><strong>demus,</strong></span> <span class='ocrx_word' id='word_1_313' title='bbox 399 3782 509 3866; x_wconf 83' lang='lat' dir='ltr'><strong>vitem</strong></span> <span class='ocrx_word' id='word_1_314' title='bbox 522 3784 569 3857; x_wconf 89' lang='lat' dir='ltr'><strong>ab</strong></span> <span class='ocrx_word' id='word_1_315' title='bbox 581 3787 680 3862; x_wconf 89' lang='lat' dir='ltr'><strong>ulmo</strong></span> <span class='ocrx_word' id='word_1_316' title='bbox 695 3795 885 3865; x_wconf 84' lang='lat' dir='ltr'><strong>sustentari</strong></span> <span class='ocrx_word' id='word_1_317' title='bbox 902 3808 937 3866; x_wconf 92' lang='lat' dir='ltr'><strong>et</strong></span> <span class='ocrx_word' id='word_1_318' title='bbox 953 3796 986 3866; x_wconf 91' lang='lat' dir='ltr'><strong>ei</strong></span> <span class='ocrx_word' id='word_1_319' title='bbox 1001 3795 1105 3891; x_wconf 86' lang='lat' dir='ltr'><strong>quasi</strong></span> <span class='ocrx_word' id='word_1_320' title='bbox 1121 3795 1158 3864; x_wconf 93' lang='lat' dir='ltr'><strong>in</strong></span> <span class='ocrx_word' id='word_1_321' title='bbox 1173 3817 1248 3864; x_wconf 89' lang='lat' dir='ltr'><strong>une</strong></span> <span class='ocrx_word' id='word_1_322' title='bbox 1264 3813 1418 3890; x_wconf 89' lang='lat' dir='ltr'><strong>corpore</strong></span> <span class='ocrx_word' id='word_1_323' title='bbox 1434 3791 1605 3888; x_wconf 88' lang='lat' dir='ltr'><strong>colligari.</strong></span> <span class='ocrx_word' id='word_1_324' title='bbox 1621 3793 1712 3866; x_wconf 89' lang='lat' dir='ltr'><strong>Hinc</strong></span> <span class='ocrx_word' id='word_1_325' title='bbox 1724 3795 1831 3866; x_wconf 91' lang='lat' dir='ltr'><strong>etiarn</strong></span> 
     </span>
    </p>
   </div>
   <div class='ocr_carea' id='block_1_3' title="bbox 241 3897 1959 4009">
    <p class='ocr_par' dir='ltr' id='par_1_4' title="bbox 241 3897 1959 4009">
     <span class='ocr_line' id='line_1_29' title="bbox 241 3897 1959 4009; baseline 0.01 -37"><span class='ocrx_word' id='word_1_326' title='bbox 241 3897 350 3972; x_wconf 83' lang='lat' dir='ltr'><strong>vitem</strong></span> <span class='ocrx_word' id='word_1_327' title='bbox 366 3899 504 4009; x_wconf 85' lang='lat' dir='ltr'><strong>lignum</strong></span> <span class='ocrx_word' id='word_1_328' title='bbox 519 3907 675 3982; x_wconf 79' lang='lat' dir='ltr'><strong>scientiae</strong></span> <span class='ocrx_word' id='word_1_329' title='bbox 699 3910 788 3984; x_wconf 93' lang='lat' dir='ltr'><strong>boni</strong></span> <span class='ocrx_word' id='word_1_330' title='bbox 813 3927 850 3987; x_wconf 93' lang='lat' dir='ltr'><strong>et</strong></span> <span class='ocrx_word' id='word_1_331' title='bbox 870 3913 955 3986; x_wconf 90' lang='lat' dir='ltr'><strong>mali</strong></span> <span class='ocrx_word' id='word_1_332' title='bbox 974 3912 1047 3985; x_wconf 89' lang='lat' dir='ltr'><strong>dici</strong></span> <span class='ocrx_word' id='word_1_333' title='bbox 1065 3913 1267 4009; x_wconf 84' lang='lat' dir='ltr'><strong>assignant,</strong></span> <span class='ocrx_word' id='word_1_334' title='bbox 1285 3912 1387 4008; x_wconf 92' lang='lat' dir='ltr'><strong>quod</strong></span> <span class='ocrx_word' id='word_1_335' title='bbox 1407 3936 1449 3982; x_wconf 87' lang='lat' dir='ltr'><strong>ex</strong></span> <span class='ocrx_word' id='word_1_336' title='bbox 1472 3911 1588 3984; x_wconf 79' lang='lat' dir='ltr'><strong>fructu</strong></span> <span class='ocrx_word' id='word_1_337' title='bbox 1609 3914 1684 4009; x_wconf 91' lang='lat' dir='ltr'><strong>ejus</strong></span> <span class='ocrx_word' id='word_1_338' title='bbox 1705 3915 1831 3988; x_wconf 89' lang='lat' dir='ltr'><strong>vinnm</strong></span> <span class='ocrx_word' id='word_1_339' title='bbox 1958 3953 1959 3956; x_wconf 39' lang='lat'>¹</span> 
     </span>
    </p>
   </div>
   <div class='ocr_carea' id='block_1_4' title="bbox 203 4015 1829 4970">
    <p class='ocr_par' dir='ltr' id='par_1_5' title="bbox 203 4015 1829 4970">
     <span class='ocr_line' id='line_1_30' title="bbox 241 4015 1829 4130; baseline 0.013 -43"><span class='ocrx_word' id='word_1_340' title='bbox 241 4015 459 4114; x_wconf 89' lang='lat' dir='ltr'><strong>productum</strong></span> <span class='ocrx_word' id='word_1_341' title='bbox 467 4023 652 4100; x_wconf 87' lang='lat' dir='ltr'><strong>moderate</strong></span> <span class='ocrx_word' id='word_1_342' title='bbox 661 4029 718 4103; x_wconf 89' lang='lat' dir='ltr'><strong>vel</strong></span> <span class='ocrx_word' id='word_1_343' title='bbox 726 4032 962 4106; x_wconf 85' lang='lat' dir='ltr'><strong>immoderate</strong></span> <span class='ocrx_word' id='word_1_344' title='bbox 973 4030 1356 4130; x_wconf 84' lang='lat' dir='ltr'><strong>sumptum&#39;bominem</strong></span> <span class='ocrx_word' id='word_1_345' title='bbox 1368 4028 1495 4102; x_wconf 89' lang='lat' dir='ltr'><strong>reddat</strong></span> <span class='ocrx_word' id='word_1_346' title='bbox 1507 4030 1680 4102; x_wconf 85' lang='lat' dir='ltr'><strong>scientem</strong></span> <span class='ocrx_word' id='word_1_347' title='bbox 1689 4031 1829 4107; x_wconf 89' lang='lat' dir='ltr'><strong>bonnm</strong></span> 
     </span>
     <span class='ocr_line' id='line_1_31' title="bbox 241 4133 1828 4245; baseline 0.014 -41"><span class='ocrx_word' id='word_1_348' title='bbox 241 4133 298 4206; x_wconf 85' lang='lat' dir='ltr'><strong>vel</strong></span> <span class='ocrx_word' id='word_1_349' title='bbox 314 4137 472 4231; x_wconf 89' lang='lat' dir='ltr'><strong>malum,</strong></span> <span class='ocrx_word' id='word_1_350' title='bbox 491 4142 528 4214; x_wconf 93' lang='lat' dir='ltr'><strong>id</strong></span> <span class='ocrx_word' id='word_1_351' title='bbox 543 4161 599 4219; x_wconf 87' lang='lat' dir='ltr'><strong>est</strong></span> <span class='ocrx_word' id='word_1_352' title='bbox 613 4146 714 4220; x_wconf 90' lang='lat' dir='ltr'><strong>bono</strong></span> <span class='ocrx_word' id='word_1_353' title='bbox 730 4146 787 4222; x_wconf 87' lang='lat' dir='ltr'><strong>vel</strong></span> <span class='ocrx_word' id='word_1_354' title='bbox 805 4151 901 4225; x_wconf 88' lang='lat' dir='ltr'><strong>malo</strong></span> <span class='ocrx_word' id='word_1_355' title='bbox 917 4175 1024 4224; x_wconf 90' lang='lat' dir='ltr'><strong>sensu</strong></span> <span class='ocrx_word' id='word_1_356' title='bbox 1040 4175 1124 4224; x_wconf 91' lang='lat' dir='ltr'><strong>eum</strong></span> <span class='ocrx_word' id='word_1_357' title='bbox 1140 4175 1217 4224; x_wconf 87' lang='lat' dir='ltr'><strong>esse</strong></span> <span class='ocrx_word' id='word_1_358' title='bbox 1232 4149 1338 4222; x_wconf 85' lang='lat' dir='ltr'><strong>faciat</strong></span> <span class='ocrx_word' id='word_1_359' title='bbox 1354 4177 1362 4220; x_wconf 92' lang='lat'>:</span> <span class='ocrx_word' id='word_1_360' title='bbox 1378 4148 1479 4244; x_wconf 85' lang='lat' dir='ltr'><strong>cujus</strong></span> <span class='ocrx_word' id='word_1_361' title='bbox 1495 4146 1628 4220; x_wconf 88' lang='lat' dir='ltr'><strong>scilicet</strong></span> <span class='ocrx_word' id='word_1_362' title='bbox 1644 4149 1828 4245; x_wconf 89' lang='lat' dir='ltr'><strong>ingenium</strong></span> 
     </span>
     <span class='ocr_line' id='line_1_32' title="bbox 241 4251 1827 4368; baseline 0.013 -45"><span class='ocrx_word' id='word_1_363' title='bbox 241 4251 298 4325; x_wconf 91' lang='lat' dir='ltr'><strong>vel</strong></span> <span class='ocrx_word' id='word_1_364' title='bbox 314 4257 409 4329; x_wconf 92' lang='lat' dir='ltr'><strong>acuit</strong></span> <span class='ocrx_word' id='word_1_365' title='bbox 424 4258 481 4331; x_wconf 90' lang='lat' dir='ltr'><strong>vel</strong></span> <span class='ocrx_word' id='word_1_366' title='bbox 495 4269 681 4360; x_wconf 85' lang='lat' dir='ltr'><strong>pervertit.</strong></span> <span class='ocrx_word' id='word_1_367' title='bbox 700 4269 804 4343; x_wconf 89' lang='lat' dir='ltr'><strong>Unde</strong></span> <span class='ocrx_word' id='word_1_368' title='bbox 820 4285 856 4343; x_wconf 88' lang='lat' dir='ltr'><strong>et</strong></span> <span class='ocrx_word' id='word_1_369' title='bbox 869 4295 976 4343; x_wconf 87' lang='lat' dir='ltr'><strong>uvam</strong></span> <span class='ocrx_word' id='word_1_370' title='bbox 990 4295 1067 4344; x_wconf 89' lang='lat' dir='ltr'><strong>esse</strong></span> <span class='ocrx_word' id='word_1_371' title='bbox 1078 4270 1234 4343; x_wconf 83' lang='lat' dir='ltr'><strong>fructum</strong></span> <span class='ocrx_word' id='word_1_372' title='bbox 1247 4269 1349 4340; x_wconf 89' lang='lat' dir='ltr'><strong>illum</strong></span> <span class='ocrx_word' id='word_1_373' title='bbox 1363 4266 1581 4363; x_wconf 87' lang='lat' dir='ltr'><strong>intelligunt,</strong></span> <span class='ocrx_word' id='word_1_374' title='bbox 1596 4267 1633 4338; x_wconf 93' lang='lat' dir='ltr'><strong>in</strong></span> <span class='ocrx_word' id='word_1_375' title='bbox 1645 4292 1719 4364; x_wconf 92' lang='lat' dir='ltr'><strong>quo</strong></span> <span class='ocrx_word' id='word_1_376' title='bbox 1731 4272 1827 4368; x_wconf 90' lang='lat' dir='ltr'><strong>prio·</strong></span> 
     </span>
     <span class='ocr_line' id='line_1_33' title="bbox 203 4381 1825 4500; baseline 0.013 -56"><span class='ocrx_word' id='word_1_377' title='bbox 203 4381 205 4384; x_wconf 82' lang='grc'><strong>’</strong></span> <span class='ocrx_word' id='word_1_378' title='bbox 240 4393 297 4444; x_wconf 86' lang='lat' dir='ltr'><strong>res</strong></span> <span class='ocrx_word' id='word_1_379' title='bbox 312 4389 431 4472; x_wconf 88' lang='lat' dir='ltr'><strong>patres</strong></span> <span class='ocrx_word' id='word_1_380' title='bbox 447 4384 666 4477; x_wconf 74' lang='lat' dir='ltr'><strong>praevaricati</strong></span> <span class='ocrx_word' id='word_1_381' title='bbox 683 4404 789 4479; x_wconf 88' lang='lat' dir='ltr'><strong>sunt,</strong></span> <span class='ocrx_word' id='word_1_382' title='bbox 803 4391 904 4487; x_wconf 84' lang='lat' dir='ltr'><strong>juxta</strong></span> <span class='ocrx_word' id='word_1_383' title='bbox 918 4389 1007 4466; x_wconf 86' lang='lat' dir='ltr'><strong>illud</strong></span> <span class='ocrx_word' id='word_1_384' title='bbox 1022 4388 1227 4490; x_wconf 83' lang='lat' dir='ltr'><strong>propbetoe²</strong></span> <span class='ocrx_word' id='word_1_385' title='bbox 1249 4416 1258 4460; x_wconf 74' lang='lat' dir='ltr'><strong><em>z</em></strong></span> <span class='ocrx_word' id='word_1_386' title='bbox 1279 4392 1431 4459; x_wconf 78' lang='lat' dir='ltr'><strong>«Patres</strong></span> <span class='ocrx_word' id='word_1_387' title='bbox 1447 4386 1568 4473; x_wconf 51' lang='lat' dir='ltr'><strong>‚nostri</strong></span> <span class='ocrx_word' id='word_1_388' title='bbox 1581 4388 1825 4500; x_wconf 85' lang='lat' dir='ltr'><strong>comederunt</strong></span> 
     </span>
     <span class='ocr_line' id='line_1_34' title="bbox 241 4497 1824 4610; baseline 0.013 -47"><span class='ocrx_word' id='word_1_389' title='bbox 241 4515 349 4565; x_wconf 86' lang='lat' dir='ltr'><strong>uvam</strong></span> <span class='ocrx_word' id='word_1_390' title='bbox 363 4497 547 4592; x_wconf 89' lang='lat' dir='ltr'><strong>acerbam,</strong></span> <span class='ocrx_word' id='word_1_391' title='bbox 565 4532 583 4572; x_wconf 77' lang='lat' dir='ltr'><strong>a</strong></span> <span class='ocrx_word' id='word_1_392' title='bbox 602 4505 640 4578; x_wconf 93' lang='lat' dir='ltr'><strong>id</strong></span> <span class='ocrx_word' id='word_1_393' title='bbox 656 4523 709 4581; x_wconf 91' lang='lat' dir='ltr'><strong>est</strong></span> <span class='ocrx_word' id='word_1_394' title='bbox 725 4509 971 4610; x_wconf 77' lang='lat' dir='ltr'><strong>fructumque</strong></span> <span class='ocrx_word' id='word_1_395' title='bbox 987 4509 1218 4584; x_wconf 85' lang='lat' dir='ltr'><strong>acerbitatem</strong></span> <span class='ocrx_word' id='word_1_396' title='bbox 1237 4531 1352 4608; x_wconf 83' lang='lat' dir='ltr'><strong>poenae</strong></span> <span class='ocrx_word' id='word_1_397' title='bbox 1362 4507 1597 4580; x_wconf 88' lang='lat' dir='ltr'><strong>incurrimus.</strong></span> <span class='ocrx_word' id='word_1_398' title='bbox 1618 4508 1726 4596; x_wconf 90' lang='lat' dir='ltr'><strong>Quod</strong></span> <span class='ocrx_word' id='word_1_399' title='bbox 1750 4526 1824 4584; x_wconf 84' lang='lat' dir='ltr'><strong>sta-</strong></span> 
     </span>
     <span class='ocr_line' id='line_1_35' title="bbox 241 4608 1822 4729; baseline 0.015 -49"><span class='ocrx_word' id='word_1_400' title='bbox 241 4608 307 4682; x_wconf 88' lang='lat' dir='ltr'><strong>tim</strong></span> <span class='ocrx_word' id='word_1_401' title='bbox 322 4610 565 4694; x_wconf 87' lang='lat' dir='ltr'><strong>determinans</strong></span> <span class='ocrx_word' id='word_1_402' title='bbox 582 4624 652 4698; x_wconf 90' lang='lat' dir='ltr'><strong>ait:</strong></span> <span class='ocrx_word' id='word_1_403' title='bbox 667 4655 686 4695; x_wconf 81' lang='grc' dir='ltr'>κ</span> <span class='ocrx_word' id='word_1_404' title='bbox 701 4631 745 4700; x_wconf 88' lang='lat' dir='ltr'><strong>Et</strong></span> <span class='ocrx_word' id='word_1_405' title='bbox 760 4628 886 4703; x_wconf 88' lang='lat' dir='ltr'><strong>dentes</strong></span> <span class='ocrx_word' id='word_1_406' title='bbox 902 4629 1058 4703; x_wconf 88' lang='lat' dir='ltr'><strong>filiorum</strong></span> <span class='ocrx_word' id='word_1_407' title='bbox 1075 4629 1355 4729; x_wconf 88' lang='lat' dir='ltr'><strong>obstupuenrnt,</strong></span> <span class='ocrx_word' id='word_1_408' title='bbox 1371 4655 1389 4694; x_wconf 87' lang='lat'>»</span> <span class='ocrx_word' id='word_1_409' title='bbox 1402 4625 1441 4699; x_wconf 94' lang='lat' dir='ltr'><strong>id</strong></span> <span class='ocrx_word' id='word_1_410' title='bbox 1457 4639 1511 4700; x_wconf 89' lang='lat' dir='ltr'><strong>est</strong></span> <span class='ocrx_word' id='word_1_411' title='bbox 1526 4648 1634 4725; x_wconf 84' lang='lat' dir='ltr'><strong>poena</strong></span> <span class='ocrx_word' id='word_1_412' title='bbox 1650 4628 1687 4698; x_wconf 89' lang='lat' dir='ltr'><strong>in</strong></span> <span class='ocrx_word' id='word_1_413' title='bbox 1703 4645 1822 4727; x_wconf 87' lang='lat' dir='ltr'><strong>poste·</strong></span> 
     </span>
     <span class='ocr_line' id='line_1_36' title="bbox 241 4731 1821 4849; baseline 0.016 -50"><span class='ocrx_word' id='word_1_414' title='bbox 241 4749 301 4800; x_wconf 91' lang='lat' dir='ltr'><strong>ros</strong></span> <span class='ocrx_word' id='word_1_415' title='bbox 317 4731 480 4809; x_wconf 79' lang='lat' dir='ltr'><strong>traducta</strong></span> <span class='ocrx_word' id='word_1_416' title='bbox 495 4759 710 4838; x_wconf 86' lang='lat' dir='ltr'><strong>perseverat.</strong></span> <span class='ocrx_word' id='word_1_417' title='bbox 729 4749 795 4820; x_wconf 87' lang='lat' dir='ltr'><strong>Cui</strong></span> <span class='ocrx_word' id='word_1_418' title='bbox 811 4748 969 4823; x_wconf 82' lang='lat' dir='ltr'><strong>fortassis</strong></span> <span class='ocrx_word' id='word_1_419' title='bbox 984 4749 1148 4849; x_wconf 91' lang='lat' dir='ltr'><strong>opinioni</strong></span> <span class='ocrx_word' id='word_1_420' title='bbox 1169 4746 1257 4822; x_wconf 93' lang='lat' dir='ltr'><strong>illud</strong></span> <span class='ocrx_word' id='word_1_421' title='bbox 1273 4770 1417 4846; x_wconf 89' lang='lat' dir='ltr'><strong>quoque</strong></span> <span class='ocrx_word' id='word_1_422' title='bbox 1443 4769 1518 4817; x_wconf 93' lang='lat' dir='ltr'><strong>non</strong></span> <span class='ocrx_word' id='word_1_423' title='bbox 1544 4745 1741 4842; x_wconf 88' lang='lat' dir='ltr'><strong>incongrue</strong></span> <span class='ocrx_word' id='word_1_424' title='bbox 1766 4765 1821 4824; x_wconf 90' lang='lat' dir='ltr'><strong>at·</strong></span> 
     </span>
     <span class='ocr_line' id='line_1_37' title="bbox 240 4851 1815 4970; baseline 0.016 -51"><span class='ocrx_word' id='word_1_425' title='bbox 240 4851 362 4923; x_wconf 84' lang='lat' dir='ltr'><strong>testari</strong></span> <span class='ocrx_word' id='word_1_426' title='bbox 378 4853 536 4950; x_wconf 87' lang='lat' dir='ltr'><strong>videtur,</strong></span> <span class='ocrx_word' id='word_1_427' title='bbox 549 4863 651 4960; x_wconf 90' lang='lat' dir='ltr'><strong>quod</strong></span> <span class='ocrx_word' id='word_1_428' title='bbox 666 4879 749 4966; x_wconf 87' lang='lat' dir='ltr'><strong>po&#39;st</strong></span> <span class='ocrx_word' id='word_1_429' title='bbox 764 4893 865 4944; x_wconf 89' lang='lat' dir='ltr'><strong>esum</strong></span> <span class='ocrx_word' id='word_1_430' title='bbox 880 4868 987 4969; x_wconf 89' lang='lat' dir='ltr'><strong>hujus</strong></span> <span class='ocrx_word' id='word_1_431' title='bbox 1003 4869 1091 4970; x_wconf 87' lang='lat' dir='ltr'><strong>ligni</strong></span> <span class='ocrx_word' id='word_1_432' title='bbox 1106 4871 1225 4945; x_wconf 88' lang='lat' dir='ltr'><strong>statim</strong></span> <span class='ocrx_word' id='word_1_433' title='bbox 1240 4881 1428 4943; x_wconf 89' lang='lat' dir='ltr'><strong>senserunt</strong></span> <span class='ocrx_word' id='word_1_434' title='bbox 1446 4864 1635 4939; x_wconf 83' lang='lat' dir='ltr'><strong>incentiva.</strong></span> <span class='ocrx_word' id='word_1_435' title='bbox 1645 4863 1815 4944; x_wconf 87' lang='lat' dir='ltr'><strong>libidinis.</strong></span> 
     </span>
    </p>
   </div>
   <div class='ocr_carea' id='block_1_5' title="bbox 277 5060 1687 5256">
    <p class='ocr_par' dir='ltr' id='par_1_6' title="bbox 277 5060 1687 5256">
     <span class='ocr_line' id='line_1_38' title="bbox 277 5060 1480 5173; baseline 0.032 -39"><span class='ocrx_word' id='word_1_436' title='bbox 277 5060 380 5151; x_wconf 53' lang='grc' dir='ltr'><strong>Ἰοιῇη</strong></span> <span class='ocrx_word' id='word_1_437' title='bbox 393 5104 449 5159; x_wconf 84' lang='lat' dir='ltr'><strong>cap.</strong></span> <span class='ocrx_word' id='word_1_438' title='bbox 463 5108 486 5156; x_wconf 85' lang='lat' dir='ltr'><strong>r,</strong></span> <span class='ocrx_word' id='word_1_439' title='bbox 497 5110 520 5149; x_wconf 79' lang='lat' dir='ltr'><strong>v.</strong></span> <span class='ocrx_word' id='word_1_440' title='bbox 535 5097 617 5150; x_wconf 65' lang='lat' dir='ltr'><strong>lb-</strong></span> <span class='ocrx_word' id='word_1_441' title='bbox 626 5099 636 5127; x_wconf 82' lang='lat'><strong>¹</strong></span> <span class='ocrx_word' id='word_1_442' title='bbox 646 5099 750 5167; x_wconf 66' lang='lat' dir='ltr'><strong>ierem„</strong></span> <span class='ocrx_word' id='word_1_443' title='bbox 759 5118 816 5172; x_wconf 83' lang='lat' dir='ltr'><strong>esp.</strong></span> <span class='ocrx_word' id='word_1_444' title='bbox 830 5121 902 5173; x_wconf 77' lang='lat' dir='ltr'><strong>uxr,</strong></span> <span class='ocrx_word' id='word_1_445' title='bbox 915 5123 938 5160; x_wconf 84' lang='lat' dir='ltr'><strong>r.</strong></span> <span class='ocrx_word' id='word_1_446' title='bbox 950 5107 992 5158; x_wconf 75' lang='grc'><strong>29.</strong></span> <span class='ocrx_word' id='word_1_447' title='bbox 1478 5167 1480 5173; x_wconf 96' lang='grc'>.</span> 
     </span>
     <span class='ocr_line' id='line_1_39' title="bbox 380 5195 1687 5256; baseline 0.031 -41"><span class='ocrx_word' id='word_1_448' title='bbox 380 5195 393 5239; x_wconf 73' lang='lat'>1</span> <span class='ocrx_word' id='word_1_449' title='bbox 1649 5195 1687 5256; x_wconf 79' lang='lat'><strong>85</strong></span> 
     </span>
    </p>
   </div>
   <div class='ocr_carea' id='block_1_6' title="bbox 0 0 2266 6103">
    <p class='ocr_par' dir='ltr' id='par_1_7' title="bbox 0 0 2266 6103">
     <span class='ocr_line' id='line_1_40' title="bbox 0 0 2266 6103; baseline 0 0"><span class='ocrx_word' id='word_1_450' title='bbox 0 0 2266 6103; x_wconf 95' lang='lat' dir='ltr'><strong> </strong></span> 
     </span>
    </p>
   </div>
  </div>
 </body>
</html>
