4522 6104
309 487 316 498 ’
427 531 501 602 sos
875 559 878 564 -
1023 527 1151 600 earm
1177 527 1414 599 semmei

426 668 620 748 factionem
653 669 753 740 omni
785 669 949 767 poscenti
977 693 1045 739 nos
1078 668 1259 738 rationem
1284 667 1331 740 da
1359 690 1419 756 ea,
1452 689 1532 764 qne
1560 665 1602 736 in
1631 664 1738 737 nou's
1763 679 1833 753 est,
1865 687 1929 763 spe
1955 663 2011 736 rel

427 786 577 859 fide.1n
605 811 677 884 qua
703 787 868 886 prolecto
891 787 1154 886 disputatione,
1172 813 1289 885 quum
1317 786 1400 860 illos
1422 785 1604 885 sophistas
1632 785 1913 873 convicerimus,
1945 809 2014 856 nos

429 906 635 979 dialecticos
659 906 909 979 exhibebimus
932 923 968 978 et
991 922 1092 979 tanto
1113 907 1268 996 Christi,
1291 907 1355 1004 qui
1373 907 1504 978 veritas
1533 920 1610 996 est,
1639 903 1808 1002 discipuli
1835 929 2014 976 memores

429 1025 578 1113 erimus,
602 1040 739 1121 quanto
765 1027 914 1098 veritate
941 1027 1125 1098 rationum
1149 1024 1302 1124 amplius
1330 1024 1559 1124 pollebimus.
1585 1024 1673 1112 Quis
1695 1023 1852 1120 denique
1880 1023 2014 1096 nesciat

427 1143 542 1240 ipsam
564 1156 677 1214 artem
707 1142 934 1241 disputandi,
970 1169 1042 1242 qua
1074 1143 1321 1215 indifferenter
1350 1144 1422 1216 hos
1444 1169 1557 1242 quam
1582 1143 1679 1216 illos¹
1705 1155 1847 1216 constet
1871 1165 2014 1214 nuncu-

427 1279 532 1360 patos
558 1251 658 1336 esse?
681 1264 802 1359 lpsum
830 1265 964 1362 quippe
993 1265 1060 1336 Dei
1089 1263 1224 1351 filium,
1259 1288 1371 1361 quem
1399 1287 1467 1336 nos
1500 1264 1663 1337 Verbum
1694 1263 1870 1352 dicimus,
1902 1262 2013 1332 Graeoi

325 1439 327 1442 -
427 1390 516 1481 λόγον
548 1381 748 1480 appellant,
787 1383 862 1454 hoc
895 1399 948 1455 est
979 1384 1109 1455 divinae
1141 1383 1271 1454 mentis
1300 1397 1542 1481 conceptum,
1579 1409 1644 1458 seu
1675 1385 1743 1454 Dei
1779 1382 2011 1480 sapientiam,

431 1501 485 1572 vel
518 1500 710 1572 rationem.
753 1501 857 1574 Unde
891 1517 927 1573 et
961 1502 1175 1599 Augustinus
1209 1501 1248 1572 in
1263 1500 1374 1598 'libro
1410 1505 1653 1593 Quaerebam
1692 1504 1871 1600 octoginta
1909 1503 2014 1572 trium

429 1621 545 1718 capite
571 1618 845 1718 quadragesimo
869 1635 999 1719 quarto
1016 1624 1027 1660 ¹
1047 1649 1056 1691 ι
1077 1649 1096 1688 u
1115 1624 1157 1690 ln
1179 1621 1373 1718 principio,
1388 1649 1406 1690 rr
1435 1622 1569 1718 inquit,
1591 1636 1703 1693 «erat
1719 1619 1898 1710 Verbum,
1916 1620 2017 1717 quod

429 1769 540 1839 graece
564 1752 655 1844 λόγος
675 1745 819 1816 dieitur.
838 1769 856 1809 u
879 1741 980 1812 idem
1009 1741 1046 1812 in
1070 1739 1163 1812 libro
1188 1743 1321 1830 Contra
1346 1743 1501 1840 quinque
1522 1746 1713 1813 Haereses:
1736 1769 1755 1811 u
1773 1745 1815 1812 ln
1838 1742 2014 1839 principio

429 1881 506 1938 erat
543 1866 716 1938 Verbum.
759 1863 884 1936 Melius
919 1863 1032 1934 Graeci
1065 1869 1154 1960 λόγος
1187 1861 1334 1950 dicum,
1365 1869 1455 1959 λόγος
1486 1862 1620 1960 quippe
1650 1861 1809 1934 Verbum
1843 1859 2015 1958 significat

431 2000 466 2057 et
492 1987 683 2058 rationem.
700 2013 718 2052 u
737 1989 781 2055 Et
804 1985 1042 2080 Hieronymus
1067 1981 1119 2051 ad
1139 1969 1333 2052 Paulinum
1349 1981 1395 2053 de
1411 1981 1543 2054 divinis
1555 1983 1765 2080 scripturis⁸
1786 2011 1794 2053 :
1822 2013 1839 2050 u
1857 1988 1899 2054 ln
1920 1984 2015 2082 prin·

431 2105 526 2203 cipio
556 2119 632 2179 erat
663 2105 845 2192 Verbum,
876 2109 966 2201 λόγος
997 2125 1109 2196 graece
1139 2099 1252 2172 multa
1278 2099 1468 2198 significat.
1502 2106 1593 2175 Nam
1629 2117 1668 2174 et
1691 2103 1845 2175 uerbum
1877 2118 1949 2192 est,
1981 2120 2014 2176 et

430 2226 544 2314 ratio,
573 2240 608 2296 et
637 2223 865 2322 supputati0,
897 2236 932 2292 et
965 2244 1072 2293 causa
1101 2221 1381 2319 uniuscujusque
1410 2221 1479 2312 rei,
1507 2246 1572 2319 per
1603 2246 1715 2319 quam
1740 2237 1826 2294 sunt
1855 2222 2012 2319 singula,

430 2371 509 2442 quae
539 2333 748 2418 subsistunt.
769 2347 856 2432 Quae
880 2341 1046 2414 universa
1064 2355 1161 2412 recte
1177 2341 1406 2438 intelligimus
1423 2343 1462 2414 in
1478 2342 1633 2437 Christo.
1651 2369 1669 2410 u
1689 2347 1811 2430 Quum
1828 2367 1913 2439 ergo
1932 2348 2016 2416 Ver·

431 2465 519 2538 bum
544 2465 657 2564 patris
678 2464 856 2536 Dominus
880 2465 981 2533 Jesus
998 2461 1160 2534 Christus
1183 2469 1273 2561 λόγος
1301 2487 1412 2559 graece
1440 2463 1592 2554 dicatur,
1612 2465 1705 2536 sicut
1731 2478 1766 2536 et
1795 2473 1886 2563 σοφία
1905 2467 2017 2537 Patris

433 2587 633 2687 appellatur
656 2615 664 2656 :
682 2585 880 2684 plurimum
896 2582 944 2655 ad
969 2607 1053 2654 eum
1083 2584 1263 2682 pertinere
1285 2583 1426 2656 videtur
1444 2609 1488 2656 ea
1502 2586 1651 2657 scientia
1666 2610 1746 2683 quae
1762 2587 1909 2658 nomine
1926 2609 2016 2683 quo·

430 2732 501 2805 que
527 2705 577 2777 illi
607 2706 651 2777 sit
679 2704 891 2800 conjuncta,
918 2717 954 2773 et
978 2727 1043 2800 per
1071 2702 1333 2775 derivationem
1362 2703 1558 2802 quamdam
1580 2728 1603 2776 a
1623 2710 1712 2802 λόγος
1745 2703 1861 2800 logica
1890 2705 1935 2776 sit
1959 2729 2018 2802 ap

432 2827 591 2928 pellata:
612 2841 647 2898 et
675 2826 767 2898 sicut
793 2850 815 2897 a
839 2823 979 2896 Christo
1003 2823 1212 2914 Christiani,
1238 2827 1288 2897 ita
1304 2849 1325 2897 a
1343 2832 1430 2924 λόγος
1447 2824 1563 2922 logica
1582 2826 1728 2924 proprie
1749 2825 1822 2897 dici
1839 2826 2012 2898 videatur.

429 2949 538 3045 Cujus
568 2947 677 3018 etiam
703 2960 881 3019 amatores
911 2959 1012 3016 tanto
1036 2945 1155 3016 verius
1184 2944 1410 3044 appellantur
1439 2945 1665 3046 philosophi,
1692 2962 1829 3044 quanto
1862 2948 2018 3018 veriores

429 3067 500 3138 sint
524 3066 618 3138 illius
647 3065 783 3163 sophiae
813 3063 1006 3162 superioris
1034 3078 1223 3136 amatores.
1252 3068 1339 3151 Quae
1367 3065 1531 3164 profecto
1567 3067 1697 3138 summi
1729 3068 1841 3138 Patris
1875 3091 2014 3138 summa

400 3265 402 3270 ⁸
429 3183 574 3284 sophia,
599 3209 713 3282 quum
742 3197 905 3254 nostram
934 3181 1101 3253 indueret
1127 3198 1312 3272 naturam,
1340 3199 1381 3256 ut
1401 3209 1469 3257 uos
1497 3209 1590 3257 verae
1618 3186 1799 3282 sapientiae
1830 3184 2018 3258 illustraret

429 3305 586 3394 lumine,
614 3318 652 3374 et
679 3327 747 3374 nos
769 3301 814 3374 ab
840 3326 964 3373 arnore
993 3301 1122 3373 mundi
1145 3303 1181 3374 in
1208 3329 1370 3376 amorem
1396 3320 1623 3378 converteret
1647 3306 1720 3395 sui3
1754 3305 1918 3404 prolecto
1953 3329 2017 3378 nos

431 3426 564 3523 pariter
584 3422 815 3510 christianos,
846 3436 881 3492 et
902 3443 1008 3492 veros
1034 3421 1152 3492 effecit
1182 3423 1431 3522 philosophos.
1464 3426 1535 3512 Qui
1569 3451 1682 3523 quum
1711 3425 1809 3498 illam
1839 3428 2018 3525 sapientiae

432 3543 600 3613 virtutem
635 3538 818 3637 discipulis
842 3539 1088 3637 promitteret,
1123 3565 1195 3637 qua
1229 3542 1388 3616 refellere
1418 3545 1557 3642 possint
1586 3545 1911 3617 contradicentium
1945 3545 2017 3616 dis·

433 3662 659 3762 putationes,
693 3657 837 3728 dicens*
871 3685 878 3728 :
917 3685 935 3725 u
955 3661 1029 3754 Ego
1059 3659 1156 3730 enim
1189 3659 1285 3733 dabo
1314 3641 1418 3735 vobis
1448 3689 1489 3735 os
1523 3679 1558 3736 et
1586 3665 1819 3763 sapientiam,
1846 3665 1905 3736 cui
1943 3689 2017 3737 non

433 3795 607 3883 poterunt
631 3779 793 3850 resistere
818 3777 1011 3851 adversarii
1037 3780 1169 3851 vestri:
1193 3809 1211 3848 u
1229 3782 1392 3880 profecto
1419 3800 1510 3882 post¹
1528 3809 1690 3856 amorem
1714 3785 1789 3874 sui,
1825 3785 1923 3856 unde
1945 3787 2018 3858 veri

437 3902 582 3976 dicendi
602 3915 687 3973 sunt
712 3899 937 3999 philosophi,
957 3916 1121 3999 patenter
1139 3918 1174 3974 et
1194 3903 1291 3975 illam
1308 3906 1490 3977 rationum
1512 3921 1731 3984 armaturam
1753 3907 1803 3978 eis
1816 3906 2016 4005 pollicetur,

435 4048 506 4122 qua
528 4024 565 4094 in
586 4021 805 4120 disputando
823 4022 954 4092 summi
980 4019 1181 4094 efficiantur
1199 4024 1317 4120 logici.
1338 4029 1425 4112 Quae
1452 4026 1527 4098 duo
1546 4026 1591 4100 de
1609 4026 1680 4098 hoe
1693 4025 1858 4098 videlicet
1881 4052 2016 4118 amore,

434 4162 470 4220 et
501 4143 666 4216 doctrina
696 4143 789 4238 ejus,
821 4141 951 4239 quibus
976 4159 1050 4216 tam
1077 4145 1305 4244 philosophi,
1338 4173 1448 4245 quam
1480 4150 1611 4222 summi
1634 4148 1858 4220 efficerentur
1888 4151 2015 4248 logici,

433 4268 591 4365 hymnus
613 4263 672 4335 ille
698 4268 926 4335 Pentecostes
944 4293 961 4333 «
983 4269 1088 4338 Beata
1110 4266 1215 4339 nobis
1243 4268 1394 4363 gaudia,
1419 4270 1648 4368 »diligenter
1673 4271 1878 4368 distinguit,
1906 4299 2018 4372 quum

435 4388 594 4460 dicitur:

960 4527 1067 4589 Verbis
1082 4538 1116 4590 ut
1128 4541 1230 4592 essent
1242 4531 1369 4613 proflui,

955 4633 992 4692 Et
1008 4632 1132 4694 caritate
1146 4631 1264 4698 fervidi.

485 4806 566 4873 Haec
585 4801 682 4872 enim
701 4800 775 4872 duo
793 4800 945 4872 maxime
959 4800 1017 4872 ille
1035 4804 1181 4902 superni
1207 4804 1356 4903 Spiritus
1377 4805 1552 4878 adventus
1575 4807 1612 4878 in
1640 4807 1753 4904 igneis
1771 4807 1900 4903 linguis
1920 4831 2018 4879 reve·

473 5053 480 5080 ¹
499 5053 577 5103 Locus
599 5059 737 5116 corruptus.
751 5050 805 5091 -¹
821 5050 883 5117 Gap.
903 5067 977 5114 txur,
1002 5053 1075 5116 Opp,
1094 5063 1111 5101 t.
1136 5052 1183 5114 Vl,
1203 5053 1249 5104 col.
1269 5055 1309 5104 38.
1324 5081 1355 5092 -
1369 5055 1378 5082 ⁸
1394 5056 1466 5119 Opp,
1487 5065 1505 5107 t.
1527 5054 1573 5118 lV,
1594 5067 1659 5123 part.
1681 5055 1717 5116 lt;
1741 5055 1790 5108 col.
1810 5057 2021 5116 llll-‘lauru

438 5155 492 5206 cap.
505 5155 562 5199 xxi,
575 5153 600 5188 v.
615 5137 653 5187 15.
