4522 6102
907 679 1142 752 EPlSTOLAE.
1745 683 1815 752 tte
1904 737 1913 752 .

239 812 334 899 Quid
365 814 469 885 etiam
498 829 571 884 tarn
602 814 761 912 religioni
787 817 968 914 quietique
996 820 1199 890 monasticae
1227 819 1445 890 contrarium
1475 833 1548 908 est,
1583 843 1691 915 quam
1719 821 1817 915 quod

238 933 382 1006 luxuriae
413 932 612 1004 lomentum
637 936 789 1008 maxime
814 951 956 1034 praestat
984 951 1020 1008 et
1043 937 1215 1008 tumultus
1243 937 1384 1026 excitat,
1416 951 1521 1034 atque
1547 939 1658 1036 ipsam
1685 941 1751 1010 Dei
1781 941 1816 1010 in

240 1053 343 1126 nobis
363 1054 572 1150 imaginem,
601 1079 672 1151 qua
700 1072 906 1155 praestamus
930 1059 1078 1147 caeteris,
1109 1057 1147 1128 id
1174 1073 1226 1128 est
1254 1058 1428 1128 rationem
1450 1057 1567 1132 deleti
1598 1063 1676 1130 Hoc
1700 1074 1816 1130 autem

239 1176 361 1245 vinum
385 1188 454 1259 est,
483 1149 581 1270 quod
607 1197 713 1272 supra
739 1177 860 1246 omnia
885 1177 994 1247 victui
1013 1176 1225 1274 pertinentia
1248 1174 1442 1272 plurimum
1460 1178 1636 1274 Scriptura
1664 1166 1816 1249 damno-

238 1319 316 1366 sum
351 1295 498 1382 asserit,
532 1307 568 1364 et
595 1294 712 1364 caveri
741 1294 923 1367 admonet.
963 1299 1016 1366 De
1053 1319 1126 1392 quo
1168 1309 1204 1366 et
1236 1297 1410 1366 maximus
1447 1294 1505 1366 ille
1544 1297 1743 1395 sapientum
1779 1299 1815 1369 in

237 1411 434 1482 Proverbiis
456 1413 636 1504 meminit,
663 1412 805 1484 dicens¹
829 1443 836 1484 :
867 1415 1090 1486 «Luxuriosa
1113 1439 1170 1486 res
1190 1415 1334 1501 vinum,
1359 1430 1394 1485 et
1414 1413 1632 1488 tumultuosa
1651 1416 1812 1489 ebrietas.

237 1531 450 1627 Quicunque
464 1531 520 1601 bis
533 1530 741 1621 delectatur,
758 1555 834 1602 non
848 1534 915 1604 erit
928 1534 1104 1630 sapiens.»
1125 1534 1215 1612 «Cui
1228 1532 1316 1604 vae¹l
1331 1534 1431 1628 cujus
1444 1534 1536 1631 patri
1546 1534 1620 1604 vae?
1636 1535 1693 1605 cui
1712 1535 1815 1606 rixae?

236 1651 293 1721 cui
306 1649 436 1720 soveae?
451 1652 508 1720 cui
522 1650 598 1720 sine
611 1674 716 1722 causa
731 1650 904 1721 vulnera?
918 1652 974 1722 cui
988 1650 1133 1732 suffosio
1147 1650 1361 1722 oculorum?
1380 1674 1502 1724 nonne
1522 1650 1577 1722 bis
1594 1652 1656 1747 qui
1672 1675 1815 1723 moran·

236 1785 293 1841 tur
311 1769 348 1840 in
360 1770 463 1859 vinc,
481 1784 515 1840 et
530 1769 674 1840 student
687 1769 855 1842 calicibus
872 1763 1149 1868 epotandisi'Ne
1159 1771 1331 1842 intuearis
1344 1771 1468 1842 vinum
1482 1771 1628 1866 quando
1642 1771 1813 1860 flavescit,

237 1912 348 1984 quum
362 1887 581 1988 splenduerit
599 1889 636 1959 in
655 1889 748 1961 vitro
763 1888 863 1960 color
880 1889 967 1985 ejus.
985 1889 1184 1986 Ingreditur
1199 1889 1348 1979 blande,
1368 1889 1432 1961 sed
1450 1893 1486 1961 iu
1506 1891 1699 1962 novissimo
1717 1916 1814 1964 mora

236 2007 333 2080 debit
354 2023 394 2078 ut
418 2007 580 2096 coluber,
609 2009 645 2078 el
670 2008 760 2078 sicut
781 2007 923 2104 regulus
942 2031 1080 2080 venena
1102 2008 1288 2080 diffundet.
1313 2008 1417 2079 Oculi
1437 2009 1487 2078 tui
1511 2008 1684 2080 videbunt
1703 2023 1817 2080 extra·
1848 2063 1867 2092 ,

235 2149 339 2218 neas,
355 2141 391 2197 et
404 2151 467 2198 cor
485 2141 587 2198 tuum
608 2125 773 2223 loquetur
791 2150 969 2226 perversa.
993 2131 1036 2197 Et
1054 2127 1123 2198 eris
1143 2129 1233 2198 sicut
1255 2126 1438 2198 dormiens
1458 2129 1494 2198 in
1515 2128 1635 2200 medio
1652 2131 1758 2218 mari,
1780 2146 1815 2201 et

235 2246 335 2341 quasi
357 2245 492 2343 sopitus
511 2245 727 2342 gubernator
744 2244 874 2315 amisso
893 2243 1011 2334 clavo3
1038 2258 1074 2315 et
1091 2245 1188 2316 dices
1209 2272 1219 2314 .·
1241 2243 1527 2320 Verberaverunt
1549 2270 1628 2336 me,
1651 2247 1714 2318 sed
1738 2271 1813 2319 non

234 2361 356 2434 dolui:
379 2378 559 2435 traxerunt
582 2388 659 2454 me,
683 2376 719 2434 et
740 2386 807 2458 ego
825 2364 1025 2434 nonsensi.
1047 2363 1201 2449 Quando
1217 2362 1409 2458 evigilabo,
1435 2378 1471 2435 et
1484 2388 1605 2437 rursus
1617 2366 1698 2436 vina
1711 2390 1813 2462 repe·

233 2471 323 2555 riam
334 2482 348 2551 Ρ
360 2511 377 2549 ιι
390 2485 500 2554 Item⁸
515 2509 522 2552 :
539 2511 556 2550 a
570 2482 650 2552 Noli
662 2480 820 2578 regibus,
837 2505 860 2552 o
876 2481 1039 2571 Lamuel,
1060 2481 1136 2552 noli
1153 2480 1293 2578 regibus
1307 2481 1393 2554 dare
1405 2483 1549 2573 vinum3
1570 2484 1653 2580 quia
1674 2483 1812 2556 nullum

233 2615 408 2674 secretum
422 2616 473 2675 est
486 2600 548 2672 ubi
561 2615 684 2698 regnat
697 2600 864 2689 ebrietas3
878 2617 913 2672 et
922 2625 967 2674 ne
980 2601 1071 2673 forte
1084 2600 1209 2672 bibant
1222 2616 1258 2672 et
1270 2577 1524 2676 obliviscantur
1534 2603 1764 2698 judiciorum,
1778 2618 1812 2676 et

233 2723 393 2792 mutent⁸
405 2743 549 2792 causam
562 2719 718 2791 filiorum
738 2720 916 2818 pauperis.
933 2747 951 2788 u
973 2725 1017 2791 Et
1034 2721 1071 2791 in
1089 2720 1333 2790 Ecclesiastico
1347 2721 1516 2818 scriptum
1530 2726 1622 2793 est⁵2
1645 2724 1811 2795 «Vinum

232 2855 267 2912 et
293 2839 459 2912 mulieres
484 2853 684 2939 apostatare
708 2838 842 2910 iaciunt
865 2839 1056 2936 sapientes,
1090 2851 1126 2909 et
1150 2853 1304 2934 arguunt
1326 2855 1533 2910 sensatos.»
1563 2845 1643 2938 lpse
1666 2866 1811 2937 quoque

209 3018 214 3032 .
232 2961 469 3054 Hieronymus
485 2957 532 3030 ad
550 2958 789 3056 Nepotianum
807 2957 964 3029 scribens
980 2956 1026 3028 de
1042 2958 1114 3028 vita
1127 2957 1339 3030 clericorum
1352 2960 1377 3047 ⁶,
1394 2972 1429 3030 et
1442 2959 1541 3054 quasi
1555 2960 1707 3054 graviter
1720 2959 1810 3030 indi-

231 3102 342 3176 gnans
369 3078 469 3176 quod
501 3077 702 3150 sacerdotes
729 3077 814 3174 legis
843 3077 889 3148 ab
917 3079 1017 3150 omni
1046 3075 1144 3174 quod
1174 3076 1376 3148 inebriare⁷
1404 3090 1538 3176 potest,
1571 3077 1807 3168 abstinentes,

231 3212 373 3270 nostros
389 3199 428 3269 in
444 3197 514 3284 hac
531 3196 743 3270 abstinentia
757 3211 947 3294 superent:
973 3224 991 3264 a
1008 3201 1257 3294 Nequaquam,
1275 3223 1294 3263 ιι
1310 3197 1441 3292 inquit,
1465 3177 1484 3264 a
1497 3197 1621 3268 vinum
1633 3195 1807 3286 redoleas,

230 3342 275 3389 ne
301 3317 424 3389 audias
458 3316 547 3388 illud
572 3315 813 3416 philosophi:
847 3321 965 3386 «Hoc
990 3340 1064 3387 non
1086 3331 1139 3387 est
1156 3315 1319 3387 osculum
1346 3316 1546 3413 porrigere,
1579 3316 1642 3388 sed
1665 3317 1811 3388 vinum⁸

231 3438 470 3535 «propinare.
489 3435 735 3507 »Vinolentos
757 3434 959 3507 sacerdotes
983 3449 1018 3508 et
1037 3435 1225 3532 Apostolus
1248 3435 1430 3525 damnat’,
1460 3451 1496 3506 et
1521 3435 1578 3507 lex
1602 3451 1702 3508 vetus
1728 3461 1811 3534 pro·

229 3553 376 3626 bibet¹⁰=
395 3554 497 3640 «Qui
518 3553 642 3624 altario
664 3552 883 3643 deserviunt,
905 3553 1030 3624 vinum
1051 3568 1087 3624 et
1099 3554 1246 3625 siceram
1260 3577 1335 3626 non
1350 3552 1484 3626 bibant.
1500 3581 1517 3622 u
1538 3555 1655 3642 Sicera
1668 3553 1809 3626 hebraeo

229 3697 395 3746 sermone
423 3674 540 3745 omnis
569 3674 669 3770 potio
700 3688 927 3770 nuncupatur
955 3697 1033 3770 quae
1065 3672 1241 3745 inebriare
1271 3687 1406 3771 potest,
1440 3675 1514 3744 sive
1543 3673 1602 3744 illa
1633 3699 1712 3770 quae
1741 3674 1808 3744 ser·

228 3806 352 3865 mento
378 3791 583 3882 conficitur,
613 3792 686 3862 sive
706 3815 899 3889 pomorum
923 3814 1051 3878 succo,
1079 3806 1139 3862 aut
1165 3791 1235 3862 favi
1263 3791 1474 3888 decoquitur
1499 3792 1535 3865 in
1561 3791 1806 3879 dulcedinem,

227 3927 263 3983 et
292 3909 487 3982 herbarum
521 3911 727 4008 potionem,
766 3924 827 3982 aut
860 3908 1060 4007 palmarum
1092 3909 1225 3980 fructus
1256 3911 1503 4006 exprimuntur
1537 3911 1575 3980 in
1610 3909 1806 4006 liquorem,

225 4033 408 4128 coctisque
426 4031 585 4128 frugibus
598 4054 696 4127 ,aqua
717 4031 884 4128 pinguior
908 4029 1057 4102 colatur.
1079 4027 1264 4126 Quidquid
1286 4030 1453 4120 inebriat,
1474 4046 1509 4103 et
1527 4044 1656 4102 statum
1680 4033 1808 4105 mentis
1883 4053 1887 4060 ’

224 4151 375 4241 evertit,
390 4150 471 4247 fuge
493 4151 651 4222 similiter
667 4164 707 4222 ut
716 4151 854 4223 vinum.
871 4154 961 4222 Ecce
980 4148 1084 4250 quod,
1097 4173 1223 4246 regum
1235 4148 1369 4222 deliciis
1381 4149 1620 4239 interdicitur,
1645 4151 1808 4222 sacerdo-

219 4270 320 4342 tibus
340 4271 481 4369 penitus
500 4270 712 4366 denegatur,
739 4282 775 4341 et
791 4269 878 4340 cibis
896 4269 1064 4341 omnibns
1080 4268 1313 4367 periculosius
1330 4293 1407 4342 esse
1424 4283 1574 4340 constat.
1594 4272 1672 4365 lpse
1687 4283 1807 4340 tamen

220 4405 300 4461 tam
312 4388 501 4488 spiritualis
508 4388 695 4461 virbeatus
707 4387 916 4461 Benedictus
928 4388 1193 4488 dispensatione
1205 4387 1359 4485 quadam
1371 4387 1552 4485 praesentis
1567 4388 1676 4460 aeutis
1690 4383 1808 4458 indul·

216 4533 310 4606 gere
322 4507 508 4580 monachis
521 4509 670 4604 cogitur.
687 4537 705 4576 a
714 4509 827 4599 Licet,
841 4535 860 4576 u
874 4509 991 4604 inquit
1000 4511 1031 4597 ¹¹,
1051 4536 1069 4576 ιι
1080 4508 1238 4605 legamus
1248 4507 1372 4578 vinum
1385 4505 1646 4578 monachorum
1657 4505 1806 4612 omnino

214 4653 304 4699 non
312 4655 406 4704 esse:
419 4629 483 4701 sed
493 4629 577 4726 quia
590 4630 720 4700 nostris
732 4628 953 4726 temporibus
963 4628 1057 4700 boc¹¹
1068 4629 1253 4700 monachis
1264 4626 1468 4727 persuaderi
1480 4643 1554 4692 non
1567 4635 1698 4718 potest,
1710 4636 1802 4693 etc.»

215 4751 393 4844 Legerat,
413 4746 452 4816 ni
469 4745 589 4836 tator,
605 4746 705 4842 quod
717 4747 754 4814 in
770 4748 1205 4840 VitasPatrumscriptmn
1220 4739 1496 4814 esthisirerbis1⁸
1513 4767 1521 4811 ι
1540 4769 1558 4809 ιι
1570 4745 1807 4814 Narravarunt

254 4993 266 5018 ⁴
292 4991 378 5050 Pron,
398 5003 453 5056 cap.
470 5005 519 5050 xx,
535 5004 557 5039 ι.
575 4991 599 5038 l.
609 5013 638 5025 -
650 4985 661 5013 '
674 4987 759 5043 Pron,
773 4999 829 5052 cap.
845 4999 920 5044 mn,
934 4999 958 5036 ι.
971 4987 1003 5036 29
1036 4983 1105 5034 deest
1113 4980 1189 5032 D.-’
1202 4983 1303 5034 limata
1313 4983 1341 5042 1,
1351 4997 1406 5049 cap.
1418 4999 1456 5040 ιιι,
1470 4999 1494 5034 r.
1507 4982 1591 5033 8.-¹'
1601 4985 1686 5045 tavit,
1701 4999 1755 5051 cap.
1769 5003 1804 5044 x,

209 5086 242 5126 et
257 5089 306 5140 eq.
318 5071 371 5112 -⁸
383 5074 472 5133 aros„
491 5087 547 5140 cap.
561 5087 676 5136 mm.
691 5073 705 5120 l
720 5079 746 5120 et
759 5069 783 5120 b.
794 5067 847 5108 -⁴
861 5070 960 5120 littam
972 5069 1002 5120 Ι).
1034 5082 1058 5117 v.
1071 5067 1097 5116 9.
1107 5091 1137 5102 -
1149 5065 1170 5093 “
1183 5065 1276 5132 llagula
1288 5067 1370 5118 Sancti
1383 5065 1522 5128 Benedicti,
1534 5082 1590 5132 cap.
1602 5084 1684 5120 ιιι-
1693 5067 1766 5122 ''llia
1775 5069 1804 5120 l).

206 5183 249 5198 -
261 5157 276 5186 ⁸
295 5157 388 5217 aaut,
400 5171 456 5223 cap.
473 5172 531 5220 xta,
547 5171 570 5207 r.
584 5158 610 5206 2.
619 5139 654 5192 ¹-
666 5153 676 5181 ⁸
688 5153 767 5220 Epist.
779 5169 864 5213 xxxiv,
876 5157 911 5204 ad
921 5153 1004 5217 Nepo-
1038 5177 1066 5190 -
1078 5148 1101 5178 ¹⁸
1115 5152 1176 5202 Vae
1185 5150 1302 5210 Patrius,
1313 5165 1389 5216 opera
1401 5162 1427 5202 at
1438 5151 1519 5203 studio
1532 5151 1653 5206 [ledberti
1662 5151 1803 5220 Rosncydi,

207 5247 337 5298 fiam,
352 5239 413 5302 opp.
426 5248 446 5289 t.
458 5236 500 5300 lv,
511 5254 539 5305 p.
551 5237 606 5288 ³64.
619 5235 670 5275 -'
683 5237 802 5287 [masan
810 5235 842 5289 ll.
851 5234 905 5274 -⁸
919 5237 1004 5288 Vinum
1035 5235 1181 5302 Antuupiae
1195 5236 1272 5299 tara,
1283 5234 1379 5296 in-lol.‚
1389 5251 1416 5301 p.
1430 5235 1487 5286 57⁰.

349 5341 360 5386 l
701 5355 718 5390 a
1648 5323 1686 5385 15
