4536 6102
478 531 553 600 ott
1079 527 1208 600 PETRI
1233 529 1467 601 tumulum

479 666 679 765 corporalis
688 667 722 738 ei
733 691 806 739 non
819 666 971 737 desuerit
982 691 1162 758 ascensus,
1176 669 1239 765 qui
1251 667 1350 739 bunc
1361 667 1555 740 exaltatum
1566 682 1804 740 attestaretur.
1818 671 1907 738 Nam
1921 683 1956 741 et
1966 670 2063 764 quod

481 813 565 860 mox
597 786 755 876 additur,
782 816 800 856 u
825 788 926 860 sedet
950 787 996 860 ad
1022 787 1205 860 dexteram
1230 790 1363 879 Patris,
1386 817 1403 856 n
1432 813 1507 860 non
1525 789 1572 860 de
1588 788 1768 886 corporali
1791 789 1867 885 ejus
1886 790 2060 876 sessione,

478 909 535 981 vel
552 911 597 982 de
623 908 802 1007 corporali
826 909 901 1005 ejus
917 909 1063 988 dextera
1082 911 1194 983 Patris
1216 924 1268 982 est
1285 910 1546 1008 accipiendmn.
1572 909 1669 998 Quid
1688 925 1741 982 est
1757 911 1854 982 enim
1880 906 2062 984 hominem

479 1029 661 1101 Christum
679 1029 725 1101 ad
742 1027 924 1101 dexteram
946 1029 1012 1100 Dei
1032 1029 1174 1120 sedere,
1194 1031 1263 1102 nisi
1278 1053 1361 1102 eum
1377 1030 1415 1100 in
1433 1028 1545 1126 gloria
1561 1031 1627 1101 Dei
1640 1031 1770 1120 Patris,
1790 1028 1861 1100 hoc
1877 1045 1931 1101 est
1952 1031 1989 1102 in
2006 1055 2062 1100 su·

478 1173 591 1249 perna
607 1150 667 1223 illa
682 1149 906 1222 beatitudine
922 1150 1125 1245 digniorem
1145 1149 1297 1247 gradum
1314 1165 1455 1238 tenere,
1474 1165 1648 1248 tanquam
1670 1150 1867 1221 omniuma
1883 1153 1961 1220 Deo
1969 1149 2062 1245 judi·

476 1295 557 1341 cem
568 1271 827 1341 constitutum?
842 1268 947 1340 Unde
957 1267 1125 1340 subditur
1140 1297 1147 1340 :
1163 1299 1181 1338 r<
1196 1267 1302 1358 Inde',
1318 1297 1336 1336 n
1351 1267 1429 1340 hoc·
1440 1284 1492 1340 est
1507 1267 1675 1366 perinde,
1693 1298 1711 1336 u
1725 1283 1898 1339 venturus
1904 1267 2062 1364 judicare

475 1391 576 1461 vivos
592 1406 629 1462 et
654 1405 829 1462 mortuos.
847 1418 866 1458 u
889 1391 999 1476 Quasi
1015 1390 1150 1462 caeteris
1165 1387 1286 1462 electis
1298 1389 1345 1462 ad
1360 1391 1541 1462 sinistram
1558 1389 1861 1478 Dei-constitutis,
1887 1389 1984 1460 solus
1999 1391 2063 1460 iste

396 1527 402 1540 ·
475 1513 606 1583 assistit
617 1511 769 1582 dexterae
785 1539 793 1582 :
808 1511 893 1610 quia
902 1511 993 1582 sicut
1003 1509 1147 1583 dextera
1158 1509 1327 1610 praevalet
1336 1509 1503 1600 sinistrae,
1515 1512 1592 1608 ipse
1602 1511 1776 1596 universis
1786 1513 1973 1608 praeminet
1985 1511 2063 1582 bea·

473 1632 638 1703 titudine.
660 1633 753 1719 Quia
770 1653 857 1703 vero
873 1631 997 1703 sedere
1003 1631 1261 1727 judicantium,
1276 1630 1368 1703 sicut
1378 1646 1472 1704 stare
1485 1630 1783 1727 judicandorum,
1802 1631 1896 1704 bene
1913 1656 1977 1728 per
1990 1631 2061 1728 ejus

474 1754 669 1824 sessionem
683 1752 908 1848 judiciariam
920 1752 1086 1850 exprimit
1094 1767 1322 1849 potestatem.
1335 1752 1445 1824 Vivos
1462 1765 1497 1822 et
1511 1767 1673 1823 mortuns
1683 1751 1878 1846 judicabit,
1895 1753 1980 1848 quia
1989 1767 2060 1822 tam

473 1873 592 1944 electis
608 1894 718 1968 quam
734 1871 898 1969 reprobis
919 1871 976 1942 vel
992 1895 1138 1968 poenam
1151 1869 1208 1942 vel
1219 1871 1408 1968 praemium
1434 1895 1502 1967 pro
1529 1871 1674 1942 meritis·
1690 1870 1829 1942 reddet.
1858 1873 1953 1958 Quia
1969 1873 2060 1942 enim

469 1995 585 2089 justus
603 2018 645 2063 ex
661 1991 733 2063 fide
749 1993 854 2080 vivit,
871 2007 907 2062 et
923 1991 1096 2087 iniquitas
1109 2013 1208 2062 mors
1221 1990 1387 2088 quaedam
1403 1992 1550 2082 animae,
1567 1992 1667 2087 juxta
1682 1991 1812 2064 illud¹:
1832 2021 1850 2059 r<
1868 1997 1946 2063 Non
1965 2017 2061 2063 mor-

388 2163 392 2172 ·
474 2113 526 2183 tui
537 2110 737 2182 laudabunt
749 2125 798 2198 te,
813 2110 986 2198 Domine,
1002 2109 1065 2180 sed
1079 2133 1146 2179 nos
1161 2109 1223 2206 qui
1239 2110 1392 2182 vivimus
1407 2108 1655 2182 benedicimus
1666 2111 1875 2182 Dominum.
1892 2139 1910 2180 n
1925 2109 2061 2182 Electus

473 2231 533 2302 hic
549 2231 667 2318 vivos,
684 2228 860 2326 reprobos
877 2225 1032 2326 appellat
1052 2241 1228 2299 mortuos.
1243 2226 1309 2299 Vel
1322 2227 1422 2300 vivos
1436 2227 1540 2316 dicit,
1557 2251 1649 2325 quos
1666 2228 1842 2300 adventus
1855 2227 1915 2298 ille
1931 2232 1948 2298 J
1952 2229 2060 2300 udicis

473 2353 633 2424 occultus
654 2349 773 2422 adhuc
789 2351 827 2422 in
845 2372 999 2446 corpore
1015 2348 1174 2420 viventes
1189 2349 1342 2446 reperiet
1359 2376 1367 2418 ε
1384 2363 1530 2420 caeteros
1543 2374 1648 2441 vero,
1664 2364 1828 2421 mortuos
1844 2350 2012 2447 appellat.

526 2471 676 2543 «Credo
692 2467 911 2567 inSpirituh
927 2483 1105 2542 sanctum.
1121 2496 1139 2534 n
1152 2468 1597 2566 Quae-quidemconlessio
1607 2466 1693 2541 fidei
1706 2471 1825 2568 ipsum
1836 2494 1937 2568 aeque
1946 2475 2058 2541 Deum

474 2594 565 2662 sicut
590 2596 730 2662 Patrem
754 2605 792 2661 et
810 2588 937 2660 Filium
960 2575 1124 2685 p‘atentcr
1145 2589 1282 2660 asserit.
1312 2587 1479 2685 Alioquin
1507 2614 1597 2660 nonr
1614 2590 1765 2680 diceret,
1789 2621 1806 2660 u
1832 2592 1869 2662 in
1891 2593 2057 2690 Spiritum

472 2727 654 2798 sanctum,
674 2738 692 2776 a
711 2709 775 2780 sed
796 2709 1035 2808 «Spiritum»
1054 2722 1219 2780 tantum:
1238 2709 1331 2780 sicut
1344 2723 1380 2780 et
1396 2711 1754 2806 consequenterdicit
1773 2739 1790 2779 u
1810 2711 2023 2799 Ecclesiam,
2038 2739 2055 2777 n

472 2855 547 2902 non
574 2831 644 2900 «in
664 2828 875 2917 Ecclesiam,
902 2843 970 2899 etc.
992 2829 1127 2899 »Sicut
1154 2851 1239 2924 ergo
1263 2828 1415 2900 dicimus
1437 2827 1579 2901 :Credo
1604 2845 1767 2902 sanctam
1787 2831 1998 2918 Ecclesiam,
2022 2831 2056 2900 id

471 2965 524 3022 est
549 2973 629 3022 eam
656 2973 732 3020 esse
757 2963 935 3036 sanctam,
957 2949 1006 3019 ita
1029 2961 1064 3018 et
1084 2947 1204 3019 dicere
1221 2972 1412 3045 possumus
1430 2976 1439 3018 ε
1460 2948 1578 3021 Credo
1604 2964 1769 3021 sanctum
1788 2955 1952 3040 Petrum,
1973 2951 2053 3023 vel:

472 3071 588 3142 Credo
603 3085 728 3142 sancto
741 3074 860 3160 Petro,
877 3082 913 3139 et
926 3095 933 3137 :
947 3066 1064 3139 Credo
1076 3081 1207 3139 sanctae
1217 3065 1393 3139 Ecclesiae.
1411 3065 1476 3138 Vel
1493 3068 1587 3140 Petri
1598 3083 1771 3164 tanquam
1785 3071 1910 3167 capitis
1922 3095 2054 3157 sumus,

471 3193 563 3262 sicut
582 3190 746 3261 membra
770 3189 836 3259 Dei
856 3189 1052 3260 existimus.
1071 3186 1233 3257 Membra
1248 3200 1369 3258 tamen
1385 3186 1550 3258 Ecclesiae
1565 3201 1737 3284 tanquam
1753 3190 1917 3287 corporis
1932 3189 2055 3260 dicun·

377 3381 382 3391 ,
470 3327 541 3402 tur,
567 3309 630 3383 sed
655 3310 764 3382 solius
790 3308 855 3380 Dei
872 3323 1045 3406 tanquam
1060 3307 1199 3404 capitis.
1219 3304 1328 3392 Quod
1344 3306 1493 3403 quidem
1514 3305 1574 3379 illa
1589 3307 1707 3379 innuit
1727 3309 1928 3407 propositio
1947 3333 2055 3405 quum

471 3433 614 3521 dicitur,
635 3462 653 3500 u
672 3434 711 3503 in
726 3436 863 3519 Deum,
881 3431 972 3500 sicut
984 3430 1061 3525 jam
1076 3427 1239 3524 superius
1255 3428 1431 3526 expositio
1448 3443 1571 3500 nostra
1586 3428 1746 3528 praefixit.
1761 3431 1874 3502 Graeci
1887 3446 2007 3504 tamen
2022 3446 2054 3502 et

474 3579 491 3618 u
504 3554 542 3621 in
554 3550 761 3637 Ecclesiam,
772 3577 790 3616 n
803 3547 924 3618 dloere
935 3571 1011 3618 non
1026 3559 1195 3617 verentur
1210 3573 1218 3616 ε
1232 3545 1324 3617 sicut
1336 3561 1372 3617 et
1386 3547 1590 3644 symbolum
1606 3548 1696 3620 illud
1709 3551 1885 3639 continet,
1898 3549 1997 3647 quod
2009 3550 2053 3620 ad

470 3669 646 3742 cautelam
668 3667 753 3739 fidei
780 3664 992 3738 orthodoxae
1014 3670 1085 3736 Leo
1109 3667 1154 3738 lll
1177 3665 1346 3756 instituit,
1374 3681 1411 3739 et
1441 3668 1479 3738 in
1504 3667 1625 3740 tabula
1647 3685 1815 3765 argentea
1840 3669 2053 3768 descriptum
2098 3757 2100 3760 Ι

471 3795 592 3861 Romae
616 3789 718 3861 altari
743 3787 855 3860 sancti
873 3785 971 3858 Pauli
987 3785 1110 3858 affixit.
1132 3815 1150 3852 α
1170 3785 1411 3878 Catholicam,
1434 3815 1451 3853 n
1469 3787 1508 3858 id
1528 3803 1582 3860 est
1597 3789 1852 3879 universalem,
1875 3806 1912 3863 et
1929 3817 2003 3862 non
2017 3793 2050 3862 in

470 3909 589 4008 aliqua
604 3907 731 3980 mundi
746 3923 866 4006 parte,
885 3907 977 3978 siout
992 3921 1076 3979 sunt
1091 3905 1340 3978 haereticorum
1357 3906 1627 3998 conventicula,
1647 3909 1854 3982 conclusam
1874 3939 1882 3980 ε
1901 3911 1965 3984 sed
1981 3909 2053 3982 ubi·

469 4058 540 4130 que
555 4015 757 4119 dilatatam,
775 4030 873 4101 sicut·
891 4043 927 4100 et
952 4028 1064 4099 Jacob
1085 4029 1122 4100 in
1139 4026 1253 4124 iigtua
1269 4026 1401 4099 Christi
1415 4030 1635 4126 promissum
1655 4047 1730 4122 est,
1749 4056 1862 4129 quum
1882 4032 2048 4104 dicitur¹:

472 4183 490 4222 u
509 4149 720 4224 Dilataberis
736 4147 782 4220 ad
799 4148 986 4219 Orientem
1003 4161 1038 4218 et
1054 4146 1302 4218 Occidentem.
1324 4174 1342 4214 n

521 4275 771 4360 «Sanctorum
796 4268 1105 4338 communionem.
1127 4293 1147 4333 »
1170 4270 1248 4338 Hoc
1272 4280 1327 4337 est
1346 4265 1461 4356 illam,
1484 4292 1557 4364 qua
1580 4269 1695 4340 sancti
1717 4269 1923 4342 efficiuntur
1942 4271 1997 4342 vel
2016 4270 2049 4338 in

469 4395 654 4466 sanctitate
679 4388 952 4477 confirmantur,
978 4387 1091 4460 divini
1113 4386 1246 4459 scilicet
1262 4389 1475 4461 sacramenti
1499 4391 1772 4489 participatione
1792 4420 1800 4462 :
1820 4392 1876 4463 vel
1893 4415 2049 4464 commu·

470 4509 739 4583 nemucctesiae·
761 4507 888 4597 fidem,
907 4507 981 4578 sive
996 4506 1152 4579 caritatis
1168 4507 1355 4578 unionem.
1375 4510 1567 4581 Possumus
1582 4524 1618 4582 et
1637 4539 1654 4578 u
1673 4526 1881 4584 sanctorum
1902 4511 2050 4582 »dicere

470 4631 689 4720 neutraliter,
703 4630 808 4701 idest
823 4625 1031 4701 sanctificati
1047 4627 1150 4724 panis
1166 4627 1284 4699 etvini
1294 4627 1331 4699 in
1341 4643 1605 4700 sacramentum
1617 4630 1749 4703 altaris.
1766 4661 1784 4700 «
1798 4632 2050 4704 Remissionem

470 4769 718 4854 peccatorum,
735 4779 752 4820 u
765 4766 838 4823 tam
854 4775 918 4848 per
933 4749 1198 4847 poenitentiam,
1217 4773 1327 4846 quam
1343 4773 1408 4846 per
1426 4750 1596 4823 virtutem
1612 4752 2049 4826 ecclesiasticorumsacra·

472 4893 691 4950 mentorum.
711 4873 867 4946 «Carnis
881 4871 1226 4960 resurrectionem»
1240 4871 1365 4942 tamin
1381 4870 1501 4945 electis
1516 4872 1681 4947 videlicet
1697 4899 1808 4971 quarn
1824 4877 1861 4946 in
1877 4873 2045 4974 reprobis,

504 5155 511 5181 ¹
523 5115 620 5210 ⁸Psalrn.
634 5167 691 5202 cxru
702 5187 707 5206 .
719 5166 741 5202 v.
762 5145 853 5200 rt.-’
866 5148 962 5202 Genea,
972 5160 1026 5211 cap.
1037 5161 1128 5208 urm,
1139 5161 1162 5196 r.
1180 5145 1219 5202 tt,
