4496 6102
308 679 312 690 .
425 610 497 681 396
1022 612 1149 684 PETRI
1177 609 1407 685 ABAELARDl

425 752 642 823 voluntates
658 750 753 823 malo
767 768 897 843 cessat,
915 753 1097 850 magisque
1111 755 1220 826 animi
1232 779 1339 853 quam
1352 751 1513 850 corporis
1524 775 1600 824 esse
1618 750 1751 823 malitia
1763 765 1816 824 cst
1833 749 2002 836 dicenda3

313 871 317 880 '
425 872 515 945 sicut
532 857 677 945 uirtutes
688 873 746 945 vel
757 875 842 946 vitia
859 873 906 948 ad
919 875 1080 946 animum
1098 890 1253 966 tautum,
1274 901 1349 947 non
1365 874 1412 946 ad
1428 899 1559 972 corpus
1574 874 1765 970 pertinent.
1781 877 1828 943 Ut
1845 896 1932 969 ergo
1943 895 2004 944 ve·

424 1015 483 1064 ros
500 993 708 1064 innocentes
729 991 888 1064 Christus
911 992 1086 1085 efficeret,
1111 996 1354 1068 necessitatem
1366 995 1401 1065 in
1416 993 1656 1082 voluntatem,
1678 1007 1714 1063 et
1731 992 1897 1062 timorem
1918 1012 2004 1060 con·

422 1112 527 1181 vertit
543 1111 580 1180 in
598 1133 773 1185 amorem.
793 1115 910 1201 Quem
929 1111 1092 1184 videlicet
1113 1137 1273 1184 amorem
1292 1137 1357 1210 per
1374 1112 1445 1182 hoc
1460 1110 1654 1210 plurimum
1675 1108 1874 1207 ampliavit,
1897 1122 2004 1204 atque

421 1227 468 1300 ad
490 1229 684 1327 perfectum
710 1231 827 1322 duxit,
848 1231 947 1328 quod
964 1256 1057 1303 onus
1073 1231 1161 1329 legis
1177 1231 1289 1303 voluit
1313 1230 1509 1328 suscipere,
1531 1254 1551 1301 a
1570 1253 1643 1326 quo
1663 1253 1731 1300 nos
1754 1242 1900 1299 venerat
1918 1225 2004 1298 libe·

422 1372 522 1420 rare:
545 1364 715 1448 tanquam
729 1375 793 1447 per
807 1349 878 1421 hoc
894 1349 998 1421 nobis
1014 1349 1190 1449 propitius
1203 1349 1315 1444 magis
1330 1347 1442 1420 factus
1456 1372 1565 1444 quam
1584 1345 1663 1418 sibi.
1685 1344 1788 1417 Unde
1800 1369 1898 1416 nunc
1909 1356 2003 1416 recte

421 1467 562 1560 dicitur,
583 1469 650 1540 sub
672 1468 750 1565 lege
768 1468 901 1560 factus,
925 1469 987 1565 qui
1011 1465 1079 1565 legi
1096 1491 1171 1540 non
1197 1466 1490 1574 erat-obnoxius,
1511 1481 1551 1539 ut
1574 1490 1596 1537 a
1618 1466 1784 1537 servitute
1803 1463 1890 1562 legis
1903 1460 2003 1534 redi·

421 1606 551 1680 meret,
577 1613 669 1688 quos
693 1591 731 1660 in
748 1591 815 1662 Dei
837 1583 928 1661 filios
948 1589 1145 1688 adoptaret.
1173 1593 1252 1688 lpse
1269 1589 1402 1687 quippe
1426 1589 1628 1686 unigenitus
1648 1587 1715 1658 Dei
1739 1585 1835 1658 solus
1856 1585 1933 1682 ejus
1952 1595 2003 1656 est

421 1707 513 1782 filius
537 1709 708 1782 naturalis
726 1724 832 1807 atque
857 1708 1184 1798 consubstantialis,
1205 1709 1306 1805 cujus
1328 1731 1467 1780 summa
1491 1706 1652 1796 bonitas,
1672 1729 1784 1803 quum
1802 1704 1925 1776 fratres
1942 1701 2003 1772 ha·

419 1830 504 1904 bere
522 1855 597 1902 non
619 1844 738 1928 posset
757 1829 944 1929 proprios,
965 1827 1344 1927 quaesivitadoptivos3
1359 1851 1428 1898 nec
1441 1826 1538 1898 solus
1553 1824 1794 1898 haereditatem
1813 1813 1923 1920 patris
1940 1819 2002 1892 ha-

418 1951 504 2023 bere
516 1950 649 2043 voluit,
665 1951 728 2046 qui
746 1949 948 2023 cohaeredes
958 1949 1025 2020 sibi
1037 1948 1129 2020 fecit.
1151 1948 1346 2037 Quomodo
1358 1963 1477 2020 autem
1494 1945 1588 2018 hanc
1605 1945 1835 2045 adoptionem
1847 1943 2000 2017 liliorum

418 2077 515 2145 Deus
541 2069 755 2169 compleret,
783 2083 866 2168 post
889 2069 1095 2141 missionem
1126 2067 1189 2140 lilii
1214 2069 1371 2142 adnectit
1401 2065 1589 2165 Apostolus
1615 2065 1822 2137 missionem
1855 2065 2002 2164 Spiritus

416 2191 550 2264 sancti:
571 2204 611 2261 ut
629 2188 718 2260 nihil
733 2202 836 2285 pater
852 2185 1152 2260 consubstantiale
1168 2185 1333 2258 habuerit
1353 2185 1453 2284 quod
1471 2182 1576 2256 uobis
1597 2209 1662 2282 per
1674 2183 1821 2280 gratiam
1839 2206 1915 2253 non
1935 2182 2000 2251 im·

416 2309 595 2406 pertierit,
617 2321 688 2378 tam
702 2305 865 2377 videlicet
878 2305 1065 2405 proprium
1082 2304 1195 2376 filium
1208 2329 1317 2403 quam
1329 2305 1500 2403 Spiritum
1517 2318 1680 2374 sanctum
1693 2300 1740 2372 ad
1751 2325 1818 2372 nos
1831 2299 1997 2396 dirigens.

418 2434 463 2503 Et
475 2430 521 2503 de
539 2428 626 2501 Filio
647 2425 793 2524 quidem
815 2428 890 2525 ipse
909 2425 1097 2524 Apostolus
1115 2425 1162 2498 ad
1180 2428 1360 2504 Romanos
1383 2425 1559 2496 dixerat¹:
1583 2451 1603 2491 a
1622 2423 1660 2493 Si
1677 2425 1774 2493 Deus
1791 2446 1858 2518 pro
1876 2421 1996 2510 nobis,

416 2552 497 2647 quis
516 2563 641 2620 contra
667 2546 757 2618 nos?
772 2547 843 2632 Qui
857 2547 963 2618 etiam
981 2545 1055 2617 filio
1077 2569 1143 2616 suo
1160 2547 1308 2643 proprio
1327 2569 1401 2616 non
1416 2545 1589 2643 pepercit,
1607 2543 1668 2614 sed
1681 2567 1748 2642 pro
1766 2544 1870 2616 nobis
1884 2544 1998 2615 omni·

414 2670 483 2744 bus
502 2668 645 2741 tradidit
666 2665 786 2758 illum,
806 2665 991 2763 quomodo
1012 2690 1087 2736 non
1105 2665 1212 2737 etiam
1235 2689 1318 2737 cum
1340 2663 1402 2736 illo
1422 2664 1543 2736 omnia
1566 2663 1670 2736 nobis
1690 2664 1860 2736 donavit?
1878 2693 1895 2733 a
1910 2669 2000 2737 Tan·

416 2817 523 2888 quam
543 2791 572 2861 si
590 2789 723 2861 diceret
738 2815 746 2857 ε
763 2774 839 2874 'Qui
856 2800 938 2886 post
955 2800 1095 2858 tantum
1109 2785 1248 2858 donum
1261 2783 1376 2856 noluit
1395 2785 1481 2856 dare
1496 2784 1647 2856 donum.
1664 2791 1766 2858 Nunc
1782 2811 1868 2858 vero
1887 2811 1999 2884 quum

415 2913 546 2987 dicitur
558 2936 632 2983 non
647 2910 764 2981 solum
777 2906 897 2997 Filius,
914 2905 977 2978 sed
996 2921 1031 2978 et
1047 2907 1197 3005 Spiritus
1211 2905 1257 2978 ad
1276 2930 1344 2978 nos
1355 2906 1496 2997 missus,
1513 2907 1667 2978 maxima
1684 2907 1776 2979 circa
1789 2931 1856 2978 nos
1872 2905 1999 2978 divinae

414 3029 580 3104 bonitatis
605 3027 807 3101 sollicitudo
832 3042 1063 3118 monstratur,
1083 3029 1146 3125 qui
1164 3025 1253 3098 nibil
1272 3025 1459 3125 proprium
1476 3025 1600 3098 habuit
1615 3051 1681 3124 per
1697 3041 1880 3116 naturam,
1899 3025 1998 3123 quod

414 3174 489 3221 non
503 3150 784 3221 communicaret
795 3146 900 3218 nobis
909 3171 975 3246 per
985 3147 1146 3244 gratiam.
1158 3146 1251 3220 Misit
1258 3145 1377 3244 primo
1391 3143 1504 3216 filium
1515 3169 1633 3235 suum,
1644 3143 1715 3216 hoc
1725 3159 1776 3216 est
1785 3147 1997 3216 coaeternam

413 3267 480 3342 sibi
493 3269 719 3368 sapientiam,
737 3267 838 3363 cujus
851 3266 1014 3338 ductrina
1029 3291 1097 3338 nos
1113 3268 1322 3356 instrueret,
1338 3265 1401 3337 ubi
1415 3265 1535 3336 salutis
1552 3289 1692 3337 summa
1705 3265 1926 3338 consisteret.
1944 3270 1997 3354 De

413 3411 486 3482 quo
497 3403 531 3459 et
544 3387 627 3459 alibi
636 3387 807 3485 scriptum
821 3388 892 3457 est¹
908 3414 915 3456 :
934 3414 953 3453 a
969 3388 1053 3458 Erat
1063 3384 1123 3458 lux
1134 3409 1237 3475 vera,
1257 3410 1335 3482 quae
1347 3373 1535 3476 illuminat,
1552 3399 1620 3456 etc.
1642 3411 1660 3452 a
1676 3385 1769 3456 Misit
1779 3399 1816 3456 et
1828 3385 1996 3483 Spiritum

398 3519 592 3600 ‚sanctum,
619 3504 691 3574 hoc
716 3503 845 3574 est-sui
862 3516 999 3574 castum
1021 3502 1125 3575 nobis
1150 3503 1279 3575 infudit
1303 3527 1480 3596 amorem,
1511 3527 1584 3599 quo
1611 3503 1748 3575 sincere
1769 3527 1853 3574 eum
1874 3503 1996 3600 dilige-

413 3648 534 3695 remus
555 3638 703 3722 proptcr
724 3623 862 3722 ipsum,
882 3648 950 3696 nec
968 3637 1040 3696 tam
1059 3625 1095 3696 in
1113 3648 1157 3708 eo
1176 3623 1369 3696 commoda
1386 3639 1507 3698 nostra
1531 3648 1640 3721 quam
1666 3622 1742 3718 ejus
1763 3605 1936 3722 gloriam,
1961 3643 1997 3699 et

319 3803 326 3812 .
412 3745 589 3817 honorem
603 3752 812 3843 quaerentes.
1676 3745 1680 3754 '

460 3867 565 3936 Hunc
589 3865 758 3965 Spiritum
777 3879 813 3937 et
830 3866 904 3964 ipse
920 3865 1025 3940 Filius
1045 3882 1214 3966 tanquam
1237 3892 1342 3940 suum
1365 3867 1474 3940 dedit.
1497 3868 1601 3940 Unde
1625 3883 1661 3940 et
1682 3866 1863 3966 discipulis
1883 3868 1995 3939 insuf-

412 3980 502 4052 flans
516 3984 606 4055 ait³z
630 4011 649 4051 r
664 3983 820 4081 Accipite
833 3985 1002 4082 Spiritum
1019 4003 1200 4059 sanctum.
1213 4014 1231 4054 a
1253 3991 1357 4058 Hunc
1373 4001 1409 4059 et
1426 3988 1501 4086 ipse
1514 3987 1576 4085 qui
1592 3987 1704 4078 misit,
1725 3989 1788 4060 ait‘
1807 4017 1814 4060 :
1837 4018 1856 4058 a
1873 3995 1995 4078 Quum

411 4118 612 4202 assumptus
635 4104 753 4195 fuero,
774 4107 911 4178 mittam
931 4131 1013 4178 eum
1031 4106 1076 4178 ad
1094 4131 1170 4178 vos.
1186 4135 1204 4174 u
1226 4109 1291 4178 Hic
1312 4131 1415 4180 amor
1427 4133 1540 4205 quum
1554 4131 1619 4179 nos
1637 4107 1835 4182 voluntarie
1853 4115 1996 4211 operari

410 4224 491 4296 facit
501 4223 601 4322 quod
615 4225 720 4297 Filius
732 4224 873 4319 docuit,
893 4251 960 4299 nos
971 4227 1119 4325 adoptat
1134 4229 1173 4299 in
1189 4227 1300 4320 filios,
1319 4253 1411 4326 quos
1426 4229 1554 4302 timore
1568 4253 1682 4328 poenae
1694 4255 1767 4302 non
1783 4233 1995 4331 constringit

311 4347 314 4352 ’
380 4445 383 4450 Ι
408 4359 449 4417 ut
477 4370 609 4418 servos.
639 4346 743 4418 Unde
780 4372 877 4420 nunc
904 4347 1034 4420 dicitur
1061 4375 1069 4419 :
1103 4377 1122 4418 o
1152 4349 1333 4436 Quoniam
1359 4375 1457 4422 nunc
1478 4350 1581 4440 ostia,
1615 4379 1632 4418 a
1662 4351 1735 4423 hoc
1757 4367 1811 4424 est
1842 4352 1886 4424 ad
1916 4351 1993 4426 elli-

408 4465 575 4538 ciendum
596 4466 634 4537 id
658 4467 758 4565 quod
781 4469 856 4565 jam
883 4471 980 4562 estis,
1008 4471 1135 4542 missus
1160 4485 1212 4543 est
1237 4471 1406 4568 Spiritus,
1434 4470 1505 4542 hoc
1532 4485 1601 4562 est,
1627 4472 1753 4543 caritas
1779 4473 1844 4544 Dei
1865 4471 1995 4545 diffusa

408 4599 460 4656 est
484 4586 522 4656 in
548 4585 715 4660 cordibus
742 4588 884 4660 nostris.
910 4590 1141 4687 «Spiritum,
1166 4617 1184 4656 u
1207 4590 1339 4686 inquit,
1372 4587 1470 4661 «filii
1489 4591 1563 4682 sui,
1594 4619 1611 4658 a
1635 4605 1675 4662 ut
1697 4591 1788 4662 sicut
1807 4589 1866 4663 ille
1890 4607 1996 4664 natu-

406 4702 488 4774 ralis
507 4702 599 4776 filius
616 4729 681 4803 per
697 4706 925 4779 dilectionem
938 4709 1047 4806 patris
1059 4707 1299 4808 obtemperat,
1320 4708 1431 4781 sactus
1444 4708 1617 4782 obediens
1629 4710 1803 4808 usquead
1817 4725 1991 4805 mortem,

406 4821 456 4893 sic
473 4837 509 4894 et
526 4847 593 4894 nos
609 4824 768 4924 adoptivi
782 4850 848 4924 pro
867 4843 991 4900 nostro
1006 4827 1174 4900 faciamus
1194 4826 1356 4899 modulo.
1380 4827 1633 4900 «clamantem
1653 4827 1769 4916 Abba,
1788 4857 1807 4900 u
1826 4829 1898 4902 boc
1916 4847 1990 4924 est,

295 4973 297 4978 ·
404 4964 659 5038 recognoscere
678 4944 826 5016 firmiter
841 4971 908 5019 uos
926 4946 1132 5041 facientem,
1152 4947 1354 5046 quodcum
1372 4949 1483 5045 magis
1498 4971 1565 5046 pro
1585 4963 1685 5046 patre
1701 4972 1809 5046 quam
1829 4974 1895 5048 pro
1915 4953 1993 5022 Do-

354 5225 359 5236 ·
437 5202 445 5230 ¹
463 5192 612 5272 lion.,'cap.
624 5221 679 5264 aru,
693 5222 718 5256 v.
732 5207 772 5258 31.
783 5207 815 5245 ὲ-
827 5207 837 5234 ·
849 5208 931 5274 loon,
948 5223 1004 5276 cap.
1016 5227 1038 5270 ι,
1049 5225 1074 5260 r.
1088 5207 1174 5261 9.-¹
1185 5209 1269 5272 loen..
1282 5223 1338 5276 cap.
1350 5225 1401 5272 xx,
1413 5225 1437 5270 r.
1449 5209 1646 5275 tt.-⁴toan.,
1660 5226 1716 5277 cap.
1729 5226 1776 5274 ru,
1792 5227 1815 5262 v.
1833 5214 1871 5262 ro.
