4590 6106
921 547 1156 622 artsroun.
1596 507 1601 512 ’
1785 555 1831 624 23

246 689 456 764 accusabam
465 691 487 775 ¹,
505 688 630 785 saepius
642 701 805 786 repetens
816 685 912 761 illam
925 689 1017 763 beati
1031 693 1174 764 Antonii
1187 692 1517 788 conquestionem’:
1531 721 1548 758 α
1560 697 1641 764 lesu
1649 693 1759 781 bone,
1770 693 1832 765 ubi

246 810 362 882 eras⁸?
376 839 393 876 a
406 811 552 895 Quanto
561 821 681 881 autem
689 805 816 878 dolore
828 822 1027 898 amarem,
1037 825 1170 905 quanta
1182 811 1425 884 erubescentia
1439 811 1690 902 confunderer,
1699 828 1833 909 quanta

246 913 493 1030 desperatione
510 926 766 1027 perturbarer⁴,
794 928 925 1003 sentire
949 943 1034 1002 tunc
1053 931 1173 1027 potui,
1195 932 1368 1029 proferre⁸
1385 955 1459 1004 non
1480 957 1640 1031 possum.
1662 933 1831 1005 Confere-

246 1052 329 1124 bam
349 1075 433 1135 cum
450 1049 506 1122 his
524 1074 604 1146 quae
621 1049 657 1120 in
676 1072 828 1148 corpore
845 1073 970 1147 passus
990 1049 1078 1123 olim
1096 1051 1252 1140 lberam,
1276 1067 1409 1148 quanta
1429 1077 1526 1124 nunc
1544 1053 1774 1140 sustinerem
1796 1071 1831 1125 et

246 1171 407 1242 omnium
427 1168 619 1242 hominum
641 1191 699 1242 me
722 1166 941 1242 estimabam
959 1168 1210 1243 miserrimum.
1234 1175 1382 1241 Parvam
1405 1170 1500 1242 illam
1518 1170 1693 1243 ducebam
1711 1173 1831 1269 prodi·

245 1290 379 1362 tionem
403 1289 440 1359 in
461 1287 730 1385 comparatione
747 1287 853 1384 hujus
871 1287 1034 1384 injuriat
1060 1304 1095 1361 et
1117 1289 1223 1386 longe
1244 1289 1396 1388 amplius
1418 1291 1646 1386 famaquam
1670 1292 1832 1390 corporis

244 1409 498 1482 detrimentum
520 1405 758 1506 plangebam:
780 1432 893 1506 quum
911 1407 958 1480 ad
976 1407 1073 1481 illam
1091 1433 1134 1480 ex
1154 1409 1286 1506 aliqun'
1300 1409 1404 1507 culpa
1423 1409 1645 1500 devenerim,
1670 1411 1716 1481 ad
1738 1411 1831 1484 hanc

245 1553 302 1600 me
316 1544 388 1601 tam
406 1543 589 1628 patentem
604 1527 809 1602 violentiam
829 1529 967 1602 sirreera
980 1529 1132 1602 intentio
1146 1553 1319 1626 amorque
1339 1528 1422 1600 frdei
1441 1545 1571 1600 nostrae
1590 1528 1829 1616 induxissent,

243 1671 322 1744 quoe
335 1672 394 1720 me
408 1647 455 1720 ad
472 1645 703 1720 scribendum
720 1645 980 1744 compulerant.
999 1649 1119 1734 Quum
1139 1663 1257 1722 autem
1271 1648 1342 1719 hoc
1356 1663 1429 1719 tam
1447 1645 1638 1718 crudeliter
1650 1661 1685 1718 et
1703 1648 1828 1718 incon·

244 1765 397 1838 siderate
420 1765 552 1838 factum
569 1789 698 1842 omnes
721 1765 767 1838 ad
791 1789 883 1862 quos
904 1766 996 1838 fama
1016 1765 1173 1838 delatum
1191 1782 1244 1838 est
1260 1767 1492 1838 vehementer
1516 1779 1723 1861 arguerent,
1756 1768 1827 1836 sin-

245 1884 319 1981 guli
336 1885 400 1981 qui
419 1884 651 1959 interfuerant
668 1908 689 1956 a
708 1909 746 1956 se
764 1884 907 1984 culpam
928 1883 1140 1982 repellentes
1156 1887 1193 1957 in
1211 1885 1299 1958 alios
1318 1883 1626 1958 transfundebant⁸
1647 1912 1655 1954 ι
1678 1885 1768 1956 adeo
1790 1903 1829 1956 ut

243 2004 316 2101 ipsi
337 2028 479 2101 quoque
510 2003 628 2079 emuli
655 2005 768 2077 nostri
796 2004 834 2080 id
858 2004 1008 2079 consilio
1035 2030 1102 2078 suo
1128 2005 1261 2082 factum
1283 2029 1360 2078 esse
1387 2005 1620 2102 denegarent,
1642 2018 1677 2075 et
1694 2004 1828 2101 legatus

244 2147 364 2196 coram
383 2123 551 2198 omnibus
563 2124 737 2200 invidiam
750 2129 968 2200 Francorum
982 2149 1090 2223 super
1107 2125 1179 2197 hoc
1192 2126 1345 2199 maxime
1363 2126 1609 2197 detestaretur.
1627 2125 1696 2210 Qui
1710 2127 1828 2198 statim

241 2246 448 2342 poenitentia
462 2245 590 2319 ductus
604 2262 687 2345 post
700 2244 839 2342 aliquos
853 2244 941 2333 dies,
958 2269 1071 2342 quum
1085 2246 1131 2317 ad
1144 2261 1284 2343 tempus
1296 2260 1440 2318 coactus
1453 2245 1673 2316 satisfecisset
1684 2243 1827 2316 illorum

222 2389 225 2394 ·
241 2363 398 2454 invidia,
415 2389 473 2436 me
491 2364 537 2438 de
551 2365 670 2438 alieno
688 2364 859 2440 eductum
878 2365 1095 2438 monasterio
1117 2363 1164 2436 ad
1180 2365 1369 2465 proprium
1389 2365 1539 2452 remisit3
1554 2362 1615 2435 ubi
1633 2364 1705 2436 fere
1723 2380 1827 2461 quot·

241 2500 330 2580 quot
347 2499 448 2558 erunt
473 2483 559 2556 olim
581 2484 676 2580 jam,
700 2496 865 2581 utsupra
884 2483 1051 2572 memini,
1081 2483 1225 2556 infestos
1243 2483 1437 2573 lrabebam3
1465 2508 1578 2581 quum
1604 2508 1730 2556 eorum
1748 2485 1826 2556 vitae

242 2603 425 2702 turpitudo
450 2617 486 2675 et
508 2601 701 2702 impudens
723 2603 966 2674 conversatio·
983 2627 1043 2674 me
1063 2619 1266 2702 suspectum
1285 2604 1427 2702 penitus
1450 2602 1664 2692 haberent¹⁰,
1689 2607 1825 2700 quem¹¹

240 2737 447 2820 arguentem
459 2723 614 2820 graviter
627 2721 876 2794 sustinerent¹¹.
896 2721 1019 2795 Paucis
1033 2735 1152 2796 autem
1172 2722 1298 2819 elapsis
1316 2721 1515 2810 mensibus,
1536 2721 1762 2794 occasionem
1775 2721 1825 2792 eis

240 2842 382 2914 fortuna
394 2841 542 2933 obtulit,
558 2865 630 2940 qtra
643 2865 702 2914 me
712 2839 864 2939 perdere
882 2839 1105 2912 molirentur.
1123 2841 1309 2915 Fortuitu¹³
1323 2865 1479 2938 namque
1493 2840 1581 2912 milri
1599 2840 1755 2936 quadam
1767 2840 1825 2910 die

240 2961 371 3058 legenti
393 2963 548 3034 occurrit
571 2961 732 3058 quedam
753 2960 855 3032 Bedae
875 2963 1049 3036 sententia
1070 2983 1142 3060 qua
1159 2961 1196 3032 in
1215 2960 1438 3058 expositione
1463 2967 1616 3068 Aetnam
1640 2960 1824 3054 Apostolo-

242 3105 323 3150 rum
345 3081 470 3152 asserit
495 3080 706 3176 Dionysium
729 3080 971 3177 areopagitam
994 3079 1264 3152 Corinthiorum
1287 3079 1533 3178 potiusquam
1558 3077 1826 3148 Atheniensium

238 3199 346 3272 fuisse
366 3200 575 3298 episcopum
584 3201 615 3270 ¹⁴.
631 3199 740 3287 Quod
759 3198 862 3272 valde
880 3199 930 3270 eis
942 3199 1162 3271 contrarium
1182 3197 1382 3286 videbatur,
1401 3199 1463 3294 qui
1484 3221 1589 3272 suum
1614 3197 1824 3291 Dionysium

239 3341 313 3390 esse
330 3316 433 3390 illum
451 3319 691 3417 areopagitam
700 3318 879 3414 jaceant,
901 3339 1010 3415 quem
1027 3318 1146 3416 ipsum
1158 3316 1403 3391 atheniensem
1414 3317 1623 3416 episcopum
1636 3329 1733 3410 gesta
1747 3316 1824 3409 ejus

239 3435 343 3510 fuisse
360 3436 610 3536 profitentur¹'.
627 3438 737 3527 Quod
747 3462 861 3536 quum
875 3438 1105 3536 reperissem,
1125 3436 1340 3534 quibusdam
1353 3431 1658 3508 circumstantium
1677 3434 1823 3506 fratrum

240 3559 339 3654 quasi
353 3558 511 3654 jocando
530 3561 741 3649 monstravi,
766 3558 1010 3634 testimonium
1035 3558 1167 3632 scilicet
1189 3557 1278 3631 illud
1296 3555 1414 3648 Bedae,
1435 3555 1535 3653 quod
1554 3553 1662 3628 nobis
1679 3553 1823 3650 objicie-

239 3675 354 3748 batur.
376 3676 527 3750 lllivero
546 3677 650 3752 valde
668 3677 855 3776 indignati,
877 3677 1043 3752 dixerunt
1063 3676 1195 3750 Bedam
1214 3676 1526 3750 mendacissimum
1541 3675 1768 3773 scriptorem,
1790 3689 1824 3744 et

239 3822 277 3868 se
296 3796 529 3873 Hildonium¹⁸
539 3797 707 3870 abbatam
717 3823 823 3872 suum
835 3799 1011 3872 veriorem
1024 3795 1158 3869 habere
1173 3809 1317 3885 testem,
1334 3796 1396 3893 qui
1408 3820 1475 3894 pro
1494 3794 1564 3866 hoc
1578 3793 1823 3890 investigando

240 3917 408 3989 Graeciam
422 3917 485 3988 diu
503 3917 747 4015 perlustravit,
763 3933 799 3990 et
817 3917 869 3990 rei
883 3918 1028 3990 veritate
1046 3916 1177 4011 agnita,
1194 3915 1231 3985 in
1251 3916 1355 4012 gestis
1375 3915 1484 4004 illius,
1501 3939 1580 4012 quae
1598 3914 1820 4011 conscripsit,

239 4037 333 4110 hanc
348 4041 518 4115 voraciter
532 4039 794 4117 dubitationem
811 4039 963 4115 removit
971 4041 1000 4110 ¹⁷.
1014 4036 1117 4112 Unde
1130 4059 1243 4132 quum
1257 4061 1349 4108 unus
1361 4059 1488 4110 eorum
1501 4037 1707 4132 importuna
1719 4035 1825 4106 inter-

242 4161 424 4255 rogatione
437 4160 609 4258 pulsaret,
625 4159 712 4257 quid
731 4160 819 4232 milri
836 4184 943 4258 super
962 4158 1028 4228 hac
1047 4157 1308 4244 controversia,
1331 4155 1432 4230 Bedae
1452 4154 1615 4226 videlicet
1628 4169 1735 4250 atque
1753 4152 1824 4222 Hil-

241 4275 361 4366 donii,
385 4277 584 4369 videretur,
600 4279 789 4377 respondi,
816 4278 917 4352 Bedae
935 4276 1199 4366 auctoritatem,
1224 4274 1324 4370 cujus
1345 4275 1475 4373 scripta
1496 4275 1667 4344 universae
1684 4273 1824 4341 Latino-

241 4421 321 4468 rum
333 4398 560 4495 liequentant
571 4398 770 4490 molestat,
784 4399 976 4496 gratiorem
987 4395 1078 4485 mibi
1089 4394 1212 4467 videri.
1224 4397 1273 4464 Ex
1281 4417 1355 4490 quo
1367 4392 1416 4464 illi
1431 4392 1660 4464 vehementer
1672 4391 1827 4476 accensi,

275 4656 282 4680 ⁴
302 4657 333 4711 Te
350 4658 498 4721 furibundus
520 4661 667 4711 crematum
684 4657 773 4709 desunt
793 4657 818 4708 in
835 4655 921 4708 codice
941 4654 969 4706 Β.
988 4681 1015 4690 .„
1048 4651 1058 4682 ⁸
1075 4653 1262 4718 Tramfereboat
1278 4651 1347 4703 tttts.
1362 4677 1393 4688 -
1414 4649 1522 4702 'Pravo
1544 4648 1689 4698 consuetudo
1708 4645 1780 4696 ttttS.
1797 4671 1824 4682 -

242 4739 445 4800 ’Querimontom
465 4741 535 4793 ttttS.
555 4768 585 4777 -
602 4741 613 4768 ⁸
631 4743 658 4793 ln
676 4739 730 4793 Vita
747 4742 845 4792 Antonii
866 4741 929 4790 inter
950 4739 1016 4790 Vltor
1049 4737 1070 4764 ¹⁰
1083 4739 1187 4788 liaberet
1199 4735 1267 4786 tt-
1280 4734 1301 4762 ¹¹
1317 4737 1386 4797 Quod
1396 4732 1445 4783 ttS.
1457 4731 1529 4784 amb.
1543 4759 1573 4768 -
1586 4729 1752 4781 ''Suatbteret
1763 4729 1824 4779 l).—

242 4825 354 4884 Poenum,
366 4841 442 4893 opera
452 4835 478 4877 et
485 4826 565 4878 studio
575 4823 696 4878 lleriberti
705 4825 834 4893 llosveydi
843 4862 851 4888 ,
861 4823 1015 4888 Antverpiae,
1047 4821 1070 4848 ‘³
1083 4823 1155 4872 Forte
1163 4827 1225 4871 eatm
1235 4819 1306 4871 llldS.
1317 4849 1339 4856 -
1351 4816 1373 4846 ¹⁴
1383 4817 1445 4868 tide
1457 4827 1507 4868 not.
1520 4831 1611 4868 xxxvii.
1624 4841 1657 4854 ·-
1671 4813 1693 4842 ‘⁸
1707 4815 1824 4875 Confiten-

244 4909 316 4966 ttae,
338 4909 436 4970 in-fol.,
457 4927 482 4976 p.
510 4911 541 4960 ³0
553 4909 609 4952 ω’
627 4911 735 4972 Quantas
753 4913 827 4961 rubor
834 4911 927 4974 sociem
941 4923 1015 4958 occu·
1046 4904 1229 4957 turllllS.—¹⁸
1239 4905 1279 4955 Sic
1290 4921 1304 4955 e
1314 4903 1362 4954 lide
1374 4903 1482 4953 omnium
1492 4901 1543 4952 fere
1555 4900 1622 4952 istius
1634 4898 1824 4961 artatiescripto-

239 4995 320 5055 punit!
339 4995 437 5055 monto
444 4997 495 5059 fuit
509 4998 583 5049 anmi
594 4997 760 5058 perturbarat
780 4993 852 5045 atta.
866 5019 892 5030 -·
909 4993 919 5019 ⁵
936 4993 1018 5042 tortu
1048 5008 1112 5042 rum.
1129 4991 1161 5040 At
1173 4990 1197 5040 iu
1209 4987 1335 5042 codicibus
1348 4997 1374 5037 et
1388 4985 1549 5048 editionibus,
1561 4994 1650 5051 preter
1661 4981 1806 5034 Orelliamm
1819 5019 1825 5041 ,

242 5092 287 5126 nott
299 5083 432 5141 eandm
446 5077 517 5129 lillS.
529 5105 563 5116 -
572 5077 586 5106 ⁴
598 5080 673 5130 Parra·
684 5084 751 5131 illam
765 5082 882 5132 oeettmovr'
892 5079 1017 5140 perfidiam
1049 5077 1193 5126 notrorum
1211 5073 1309 5138 tegitur.
1324 5098 1354 5110 -·
1370 5069 1392 5096 '²
1407 5071 1459 5122 lloc
1473 5072 1622 5121 ommam
1642 5068 1738 5117 dublum
1757 5069 1826 5116 solvit

244 5159 290 5211 lter
299 5163 389 5225 injurio
399 5166 503 5228 infando
514 5167 658 5215 collocatam
668 5163 739 5216 llllS.
750 5189 783 5203 -·
795 5162 804 5189 ²
815 5167 917 5225 tanaro
931 5159 1017 5210 tts.-
1048 5157 1120 5211 asts,
1130 5185 1159 5197 ·-
1171 5157 1193 5186 '⁸
1207 5159 1321 5210 Universa
1334 5159 1390 5207 colit
1401 5155 1538 5206 lodnorrm
1548 5153 1659 5204 uectat«
1670 5149 1743 5202 ttltS.
