4510 6108
569 589 613 662 ΙΝ
638 589 772 663 saltu
797 589 959 677 QUtNtA
984 591 1289 668 PENTECOSTES
1314 585 1476 668 SERMO.
1747 599 1817 671 503

232 743 284 800 est
300 729 485 828 apostolis,
502 756 582 828 qum
598 732 767 804 omnibus
783 757 909 806 corum
926 736 1080 825 vicariis,
1095 737 1167 809 boc
1184 753 1238 810 est
1252 738 1442 837 episcopis,
1454 736 1612 810 creditur
1627 763 1704 812 esse
1719 763 1819 811 corn-

231 851 363 940 munis,
381 851 419 922 in
436 851 660 925 remittendis
675 851 809 926 scilicet
823 853 880 924 vel
896 856 1092 928 retinendis
1110 858 1263 932 aliorum
1280 859 1448 957 peccatis.
1467 863 1551 931 Haec
1564 885 1651 932 vero
1667 861 1818 960 Spiritus

229 973 342 1046 sancti
365 974 492 1070 gratia,
513 997 591 1070 quae
612 971 671 1047 die
692 977 921 1046 Pentecostes
944 976 1116 1072 apostolis
1136 993 1189 1050 est
1204 978 1338 1069 infusa,
1357 994 1494 1076 quanto
1508 981 1621 1078 magis
1641 995 1696 1052 cst
1715 1005 1815 1071 rara,

229 1109 331 1166 tanto
344 1093 496 1192 amplius
512 1095 680 1193 pretiosa.
699 1093 796 1181 Quid
810 1095 906 1166 enim
923 1094 990 1166 illae
1006 1097 1117 1192 igneae
1132 1097 1261 1196 linguae
1275 1124 1383 1197 super
1394 1101 1577 1198 apostolos
1589 1117 1814 1200 apparentes,

230 1215 297 1286 nisi
317 1239 495 1287 summam
514 1212 674 1286 hominis
695 1214 899 1311 exprimunt
919 1213 1178 1312 perfectionem
1202 1217 1238 1290 in
1264 1217 1379 1290 tribus
1400 1221 1678 1294 consistentem?
1703 1220 1817 1294 tribus

229 1333 297 1422 his,
316 1335 481 1432 inquam,
500 1359 579 1431 quae
595 1334 632 1404 in
649 1331 818 1405 omnibus
832 1331 939 1405 bonis
956 1332 1144 1409 hominem
1159 1351 1426 1412 consummant.
1442 1342 1525 1410 Haec
1541 1363 1627 1411 vero
1644 1340 1693 1412 ita
1709 1357 1813 1413 sunt:

227 1449 445 1524 llluminatio
466 1451 614 1541 mentis,
629 1475 685 1538 ‚ne
706 1450 912 1548 simplicitas
937 1437 1072 1525 corum¹
1089 1453 1169 1526 ullis
1193 1452 1365 1553 deinceps
1388 1455 1573 1530 oberraret
1599 1455 1817 1532 infidelitatis

227 1568 397 1659 tenebris,
416 1571 507 1642 sicut
522 1584 559 1642 et
574 1571 649 1668 ipse
666 1571 843 1643 Dominus
859 1571 911 1642 eis
926 1571 1158 1668 promittens,
1178 1573 1247 1645 ait¹
1267 1600 1275 1644 :
1297 1601 1315 1642 ιι
1330 1576 1451 1661 Quum
1468 1589 1588 1647 autem
1604 1576 1742 1648 venerit
1757 1577 1816 1648 ille

226 1688 369 1785 spiritus
385 1689 561 1777 veritatis,
579 1687 726 1760 docebit
741 1714 806 1761 vos
823 1713 970 1762 omnem
985 1692 1186 1764 veritatem.
1203 1720 1220 1758 ιι
1239 1691 1310 1764 Sed
1325 1693 1427 1789 quia,
1446 1708 1486 1764 nt
1506 1692 1633 1766 beatus
1652 1695 1816 1766 meminit

229 1811 381 1898 Petrus’,
412 1810 539 1882 melius
567 1823 721 1882 estnon
746 1835 854 1882 nosse
876 1811 972 1886 viam
992 1811 1169 1902 veritatis,
1192 1836 1303 1910 quam
1322 1828 1406 1911 post
1420 1813 1592 1910 'agnitam
1619 1828 1815 1888 retrorsum

224 1928 343 2019 abire,
371 1946 454 2029 post
481 1928 566 2002 fidei
593 1929 711 2001 lucem
735 1953 879 2002 necesse
904 1945 958 2002 est
983 1931 1125 2004 infundi
1150 1931 1333 2008 charitatis
1357 1932 1544 2023 ardorem,
1573 1947 1613 2004 ut
1640 1934 1815 2030 quaejam

224 2048 362 2145 agenda
378 2073 455 2122 esse
470 2073 534 2146 per
550 2053 666 2121 Deum
683 2050 868 2138 novimus,
886 2075 953 2147 per
968 2050 1045 2146 ejus
1064 2073 1227 2124 amorem
1246 2051 1397 2151 implere
1418 2051 1643 2142 studeamus,
1661 2055 1724 2150 qui
1740 2055 1817 2153 Spi-

225 2169 312 2240 ritus
323 2183 466 2240 sanctus
476 2168 694 2265 intelligitur.
710 2168 814 2242 Unde
824 2183 860 2240 et
870 2169 1079 2268 Apostolus³
1092 2198 1100 2242 :
1115 2197 1134 2238 ιι
1146 2169 1321 2260 Charitas,
1332 2199 1350 2240 ιι
1366 2171 1496 2269 inquit,
1517 2199 1535 2240 ιι
1543 2172 1607 2244 Dei
1624 2169 1754 2244 dillusa
1762 2189 1814 2246 est
1890 2248 1894 2256 ,

224 2289 261 2360 in
278 2289 450 2363 cordibus
465 2290 598 2362 nostris
614 2313 680 2386 per
695 2289 867 2387 Spiritum
881 2305 1066 2382 sanctum,
1085 2293 1148 2389 qui
1163 2292 1268 2364 datus
1278 2277 1339 2365 'est
1354 2293 1498 2370 nobis.»
1510 2293 1604 2389 Ignis
1620 2294 1758 2390 itaque,
1777 2295 1813 2365 in

223 2432 298 2505 quo
324 2409 517 2507 dispertitae
537 2424 781 2507 apparuerunt
806 2408 952 2505 linguae,
975 2409 1061 2507 quia
1081 2435 1123 2481 ex
1143 2411 1291 2510 propria
1312 2426 1441 2483 natura
1465 2426 1541 2482 tam
1562 2409 1680 2482 lucem
1704 2411 1814 2484 habet

222 2554 332 2627 quam
357 2529 651 2619 calorem,·duas
678 2529 864 2628 praedictas
897 2531 1026 2627 gratias
1050 2546 1126 2604 tam
1148 2532 1195 2604 de
1220 2531 1482 2604 illuminatione
1507 2529 1608 2621 lidei,
1636 2531 1693 2602 vel
1718 2532 1812 2603 salu·
1906 2541 1914 2557 ⁸

221 2651 386 2723 berrimis
418 2652 662 2741 documentis,
684 2652 862 2749 quamde
887 2651 1172 2726 inflammatione
1198 2653 1381 2728 charitatis
1410 2652 1600 2751 diligenter
1631 2655 1810 2752 exprimit.

222 2775 352 2843 Forma
366 2770 453 2844 ve'ro
470 2772 691 2869 linguarum,
712 2777 791 2870 qu'ae
807 2772 999 2871 dispertitae
1014 2753 1278 2862 memorantur,
1293 2772 1500 2872 predicatio
1515 2789 1571 2845 est
1586 2773 1716 2861 sunna,
1736 2799 1811 2846 non

220 2915 296 2961 uno
317 2900 446 2988 g'enerc
466 2889 610 2987 lingnae,
633 2915 709 2962 non
729 2891 768 2962 in
788 2914 860 2962 una
880 2906 982 2989 parte
1001 2916 1066 2990 per
1086 2891 1269 2990 apostolos
1285 2889 1519 2989 proferenda,
1537 2907 1578 2964 ut
1594 2917 1670 2963 non
1692 2891 1811 2963 solum

219 3011 306 3102 sibi,
328 3012 392 3084 sed
415 3011 585 3084 omnibus
601 3012 742 3084 vivant.
765 3015 852 3084 Duae
872 3013 1006 3110 quippe
1026 3014 1163 3111 priores
1185 3013 1304 3109 gratiae
1323 3012 1512 3084 bominem
1530 3013 1567 3083 in
1590 3037 1628 3106 se
1649 3013 1812 3084 moribus

219 3146 493 3221 consummant,
517 3145 552 3202 et
571 3128 793 3202 beatitudine
814 3131 964 3226 dignum
977 3131 1156 3203 efficiunt.
1180 3127 1251 3202 Sed
1273 3131 1358 3228 quia
1379 3129 1498 3203 adhuc
1519 3129 1712 3228 proedicare
1733 3157 1807 3202 non

218 3249 366 3340 sufficit,
389 3251 491 3349 quasi
512 3251 580 3322 sibi
601 3265 742 3322 tantum
758 3249 893 3323 adhoc
909 3249 1100 3348 proficiens
1117 3277 1192 3326 non
1209 3251 1286 3324 aliis
1301 3251 1402 3322 vivit.
1427 3251 1502 3322 Etsi
1518 3251 1615 3322 enim
1633 3266 1809 3349 praecepta

219 3370 285 3442 Dei
308 3370 383 3466 jam
407 3384 505 3442 tenet
529 3370 566 3440 in
594 3370 685 3460 vita,
707 3370 793 3467 quia
819 3386 941 3442 tamen
967 3370 1045 3442 aliis
1070 3369 1265 3471 praedicare
1286 3395 1362 3441 non
1387 3367 1518 3442 sufficit
1542 3369 1620 3458 illa,
1644 3370 1808 3447 nondum

218 3514 369 3587 magnus
391 3505 446 3561 est
464 3491 502 3561 in
523 3514 636 3586 regno
657 3489 852 3580 coelorum,
871 3489 972 3586 juxta
993 3489 1091 3562 illam
1111 3490 1258 3562 Domini
1279 3489 1514 3561 sententiam*
1534 3517 1542 3559 ε
1564 3518 1581 3558 ιι
1601 3491 1672 3576 Qui
1688 3505 1808 3561 autem

217 3609 340 3680 lecerit
360 3624 397 3680 et
417 3608 581 3681 docuerit
602 3609 653 3679 sic
677 3608 865 3698 homines,
894 3608 955 3679 bic
981 3633 1133 3707 magnus
1161 3607 1350 3680 vocabitur
1377 3608 1414 3678 in
1443 3629 1556 3704 regno
1582 3608 1769 3680 coelorum.
1788 3640 1807 3676 ιι

217 3730 341 3801 Nullus
355 3730 543 3827 quippe'in
560 3729 718 3801 Ecclesia
734 3729 850 3826 major
865 3744 936 3819 est,
960 3753 1070 3826 quam
1088 3730 1151 3826 qui
1171 3743 1349 3825 praecepta
1368 3728 1434 3799 Dei
1451 3727 1608 3800 vivendo
1631 3727 1805 3819 custodit,

216 3864 253 3923 et
271 3850 317 3922 ad
337 3850 576 3922 imitationem
591 3849 646 3922 sui
663 3850 751 3922 alios
766 3848 998 3948 praedicando
1014 3848 1136 3921 trahit.
1160 3847 1257 3933 Quid
1274 3871 1360 3944 ergo
1377 3846 1423 3918 de
1440 3847 1612 3945 apostolis
1628 3851 1807 3922 aestiman-

215 3969 306 4042 dum
326 3983 396 4058 est,
419 3994 576 4067 quorum
596 3968 850 4068 predicatione
866 3965 941 4039 non
958 3991 1041 4066 pars
1056 3990 1130 4038 una
1149 3981 1345 4054 terrarum,
1363 3965 1428 4038 sed
1445 3967 1633 4038 universus
1649 3967 1807 4040 mundus

214 4115 410 4163 conversus
425 4090 537 4166 estad
553 4090 690 4162 Deum?
706 4093 794 4177 Quae
809 4088 939 4161 divinae
954 4087 1054 4160 dona
1070 4087 1241 4184 largitatis
1257 4085 1355 4174 huic,
1368 4111 1479 4184 quam
1495 4087 1663 4176 diximus,
1678 4111 1804 4160 eorum

213 4212 316 4282 trinae
332 4189 451 4308 gratiae
466 4212 599 4310 poterit
614 4210 837 4308 comparari?
859 4213 977 4298 Quam
993 4207 1140 4306 quidem
1155 4223 1197 4279 ut
1212 4207 1366 4307 apostoli
1384 4223 1608 4310 mererentur
1624 4207 1802 4305 accipere,

214 4333 251 4402 in
270 4331 401 4405 coelum
416 4332 581 4431 primitus
596 4331 795 4404 Dominum
811 4329 1004 4428 oportebat
1019 4329 1225 4419 ascendere,
1239 4343 1276 4400 et
1290 4328 1341 4400 sic
1357 4328 1408 4399 eis
1424 4325 1475 4399 ibi
1490 4327 1612 4399 locum
1628 4326 1807 4424 quodam·

213 4452 326 4524 modo
342 4452 637 4540 conversationis,
650 4451 741 4524 sicut
756 4449 832 4550 ipse
847 4451 1073 4549 promiserat,
1091 4473 1232 4548 parare.
1248 4446 1353 4520 Unde
1364 4463 1401 4519 et
1415 4447 1583 4520 Paulus⁵2
1598 4450 1767 4536 «Nostra,
1782 4477 1801 4514 ιι
1883 4519 1889 4530 ,

213 4573 344 4670 inquit,
365 4574 622 4646 «conversatio
637 4574 676 4644 in
692 4571 791 4645 coel'u
806 4587 872 4644 est.
888 4599 906 4641 ιι
925 4569 1012 4643 llluc
1027 4595 1113 4668 ergo
1129 4570 1290 4642 Christus
1301 4567 1512 4642 conscendit
1527 4551 1651 4666 opere,
1663 4583 1704 4639 ut
1718 4593 1801 4640 curn
1870 4667 1875 4680 1

212 4691 367 4788 apostoli
381 4707 616 4790 sequerentur
632 4706 766 4780 mente,
784 4706 821 4764 et
836 4706 938 4764 tanto
954 4691 1137 4764 ardentius
1154 4704 1363 4791 appeterent
1378 4713 1468 4780 esse,
1487 4688 1588 4786 quod
1604 4665 1801 4758 [lominum

211 4836 318 4884 suum
340 4828 517 4886 noverant
539 4813 768 4911 precessisse.
797 4811 902 4884 Unde
922 4827 959 4884 et
983 4811 1172 4912 praedictus
1191 4809 1375 4910 apostolus
1397 4834 1464 4882 nos
1485 4808 1682 4881 adhortans
1702 4808 1797 4878 ait⁸:

245 5088 348 5171 uuis,
359 5123 415 5174 cap.
430 5126 485 5169 ιιι,
498 5127 520 5160 ι.
535 5113 560 5161 t.
572 5135 602 5146 -
612 5108 623 5136 ⁸
634 5111 714 5175 Epist.
730 5107 766 5169 tt,
778 5123 834 5176 cap.
849 5127 879 5168 ιι,
891 5127 915 5162 ι.
929 5113 969 5162 tt.
987 5137 1009 5148 -
1025 5109 1126 5171 'llum
1137 5123 1192 5176 cap.
1204 5124 1227 5170 ιι,
1239 5124 1265 5160 ι.
1277 5109 1337 5160 tu·
1347 5107 1358 5135 ⁴
1369 5104 1467 5174 laub„
1479 5119 1535 5172 cap.
1545 5121 1569 5168 ι,
1585 5121 1608 5158 ιι.
1622 5101 1798 5163 tc.-·rhtt..

210 5211 268 5261 cap.
282 5212 321 5257 ιιι,
333 5213 357 5248 ι.
370 5199 444 5251 20.-
455 5198 466 5226 ¹
477 5199 580 5259 Coton„
589 5213 644 5265 cap.
658 5213 696 5254 ιιι.
709 5213 734 5248 ι.
747 5203 769 5245 t.
