4496 6102
443 645 515 718 412
1043 643 1171 714 PETRI
1197 644 1432 716 xssAEtxttot

446 800 620 858 noverant
636 785 820 856 suscitatos
834 807 928 876 esse,
946 785 1046 881 quasi
1064 797 1226 856 mortuus
1245 811 1319 857 non
1337 801 1458 884 posset
1476 810 1660 883 resurgere
1672 799 1754 884 post
1773 783 1948 876 triduum,
1970 785 2031 880 qui

384 994 388 1000 Ι
445 905 722 1001 quatriduanum
741 905 968 975 suscitaverat
984 908 1166 974 Lazarum.
1184 904 1292 1000 Cujus
1310 905 1456 1004 quidem
1475 906 1693 977 resuscitatio
1715 919 1813 976 tanto
1832 903 2032 1000 diligentius

444 1025 621 1124 descripta
633 1040 687 1097 est
698 1025 744 1096 ab
757 1024 985 1121 evangelista,
1000 1040 1135 1120 quanto
1149 1024 1289 1123 plenius
1302 1042 1432 1099 nostrae
1445 1026 1565 1098 salutis
1577 1027 1736 1099 continet
1749 1025 1928 1121 mysteria,
1943 1048 2033 1121 quos

444 1147 604 1244 quotidie
615 1147 735 1219 divina
750 1145 990 1218 misericordia
1004 1144 1154 1235 feliciae,
1174 1161 1213 1217 ut
1226 1147 1393 1234 diximus,
1407 1147 1624 1218 resuscitata
1638 1161 1754 1217 morte
1766 1145 1909 1233 animae,
1924 1167 2032 1241 quarn

444 1282 529 1339 tunc
548 1283 583 1339 et
601 1267 711 1340 semel
728 1273 897 1338 Lazarum
917 1292 936 1338 a
956 1266 1117 1364 corporis
1136 1281 1262 1340 morte.
1290 1271 1440 1338 Lazarus
1458 1268 1612 1366 quippe,
1633 1282 1674 1337 ut
1691 1266 1862 1356 diximus,
1881 1264 1955 1360 jam
1977 1287 2030 1334 se-

443 1387 579 1486 pultus,
601 1403 636 1460 et
652 1386 910 1486 quatriduanus
927 1402 1109 1476 mortuus,
1124 1385 1223 1456 illum
1240 1386 1411 1483 significat
1426 1401 1668 1484 peecatorem,
1685 1387 1746 1484 qui
1759 1385 1866 1483 longa
1882 1407 2031 1455 eonsue-

442 1507 565 1579 tudine
582 1507 718 1607 peccati
735 1507 877 1578 interim
903 1506 1060 1601 dejectus
1078 1520 1130 1577 est
1148 1506 1183 1576 in
1210 1505 1451 1604 profundum,
1472 1521 1512 1577 ut
1529 1507 1565 1577 in
1584 1506 1645 1578 illo
1662 1505 1842 1603 profundo
1860 1518 2028 1600 tanquam

440 1628 478 1698 iu
495 1627 661 1727 sepulcro
677 1643 856 1726 putrescat
871 1626 1148 1725 quatriduanus,
1163 1651 1231 1698 nec
1251 1651 1291 1698 se
1308 1642 1448 1700 tantum
1465 1628 1660 1728 perimens,
1675 1650 1799 1699 verum
1816 1627 1923 1696 etiam
1943 1623 2030 1694 alios

441 1748 605 1847 exemplo
622 1749 722 1846 quasi
738 1748 863 1820 foetore
880 1747 1037 1844 quodam
1055 1772 1126 1818 suae
1143 1745 1340 1845 putredinis
1357 1772 1604 1846 corrumpens.
1627 1745 1730 1817 Unde
1747 1761 1782 1818 et
1800 1745 1892 1816 bene
1908 1744 2028 1815 loetere

439 1866 650 1939 describitur
667 1869 768 1964 quasi
784 1867 1053 1965 quatriduanus.
1073 1870 1235 1954 Quatuor
1251 1868 1347 1938 enlm
1363 1868 1439 1939 dies
1457 1891 1547 1963 quos
1568 1867 1604 1938 in
1622 1878 1858 1937 monumento
1879 1862 2025 1953 habuit,

440 1988 703 2060 universitatem
731 2003 959 2086 peecatorum
989 1987 1210 2084 exprimunt,
1232 1986 1362 2084 quibus
1378 1988 1527 2085 quisque
1547 1986 1721 2085 pessimus
1745 1999 1798 2056 est
1824 1983 2024 2072 involutus,
2081 2003 2084 2011 ’

440 2122 610 2205 tanquam
625 2109 661 2180 in
678 2108 740 2180 illo
756 2107 938 2206 profundo
962 2108 1131 2178 vitiorum
1152 2107 1328 2206 sepultus,
1349 2107 1395 2178 de
1419 2133 1495 2206 quo
1517 2108 1686 2207 scriptum
1708 2109 1804 2177 est²=
1827 2109 2029 2176 «Peccator

332 2213 334 2219 ’
441 2251 553 2324 quum
569 2229 607 2300 in
623 2226 843 2327 profundum
860 2227 1028 2298 vitiorum
1046 2227 1200 2317 venerit,
1219 2241 1443 2317 contemnet,
1463 2255 1479 2294 n
1496 2226 1579 2324 quia
1597 2249 1709 2321 quum
1726 2225 1762 2294 in
1780 2223 1886 2320 longa
1903 2223 2027 2320 persti-

440 2347 521 2418 terit
532 2346 792 2418 eonsuetndine
810 2344 1001 2450 peccandi,
1022 2369 1100 2440 quae
1112 2345 1185 2440 jam
1202 2347 1236 2417 ei
1253 2345 1342 2418 lacta
1360 2361 1413 2418 est
1429 2348 1530 2444 quasi
1548 2345 1655 2418 altera
1670 2359 1811 2433 natura,
1829 2343 1927 2440 gravi
1940 2343 2027 2438 jugo

439 2465 558 2563 ipsum
583 2464 771 2564 deprimit,
799 2463 991 2536 salutiferas
1017 2461 1176 2535 fidelium
1199 2463 1463 2538 exhortationes
1489 2464 1544 2535 vel
1568 2463 1688 2535 divina
1707 2463 1843 2533 monita
1858 2485 2027 2560 respuens

439 2588 649 2658 contemnit.
668 2586 771 2658 Unde
786 2587 853 2685 ipsi
868 2587 1104 2658 necessarium
1118 2599 1191 2675 est,
1209 2601 1249 2657 nt
1262 2611 1329 2684 pro
1346 2586 1438 2658 illius
1455 2584 1693 2658 obstinatione
1704 2584 1849 2656 devotio
1868 2583 2026 2655 fidelium

312 2696 318 2714 ’
437 2706 652 2798 intercedat,
677 2713 716 2777 ut
742 2708 943 2780 interventu
969 2730 1094 2778 eorum
1123 2704 1250 2778 divinae
1274 2709 1391 2805 gratiae
1414 2723 1615 2807 respectum
1637 2721 1856 2804 assequatur,
1880 2729 1954 2802 quo
1979 2703 2027 2774 illi

437 2827 654 2924 poenitentiae
671 2830 822 2928 gemitus
845 2830 1046 2928 inspiretur,
1066 2842 1102 2899 et
1117 2837 1311 2902 conversus
1327 2829 1493 2901 salvetur.
1514 2826 1618 2899 Unde
1636 2825 1729 2898 bene
1746 2850 1813 2925 pro
1833 2823 1939 2896 fratre
1965 2829 2028 2894 La-

438 2971 520 3018 zaro
537 2949 698 3020 sanando
715 2974 857 3021 sorores
873 2948 948 3046 ejus
966 2949 1253 3038 intervenerunt,
1274 2949 1349 3045 ejus
1370 2936 1612 3019 infirmitatem
1627 2946 1784 3017 Domino
1809 2943 2024 3014 nuntiando.

439 3071 555 3154 Quem
573 3066 620 3139 ad
638 3067 923 3141 subveniendum
946 3069 1153 3158 invitantes,
1170 3069 1253 3140 satis
1265 3069 1336 3139 hoc
1353 3093 1429 3138 esse
1446 3078 1683 3156 consuerunt,
1703 3078 1743 3136 ut
1760 3064 1915 3134 Domino
1933 3087 2028 3134 nun-

436 3190 565 3260 tiarent
590 3190 695 3260 amici
717 3190 771 3261 sui
789 3205 959 3276 mortem,
984 3204 1019 3260 et
1041 3189 1223 3286 propriam
1245 3187 1291 3259 de
1312 3187 1516 3259 infirmitate
1534 3185 1649 3257 fratris
1671 3179 1942 3256 desolationem.
1970 3183 2029 3254 Sic

436 3311 533 3380 enim
550 3309 761 3382 mandantes
778 3308 961 3381 dixerunt:
983 3307 1194 3397 «Domine,
1216 3333 1298 3380 ecee
1321 3333 1429 3406 quem
1455 3331 1553 3379 amas
1570 3304 1780 3377 infirmatur.
1799 3333 1816 3371 n
1836 3309 1908 3376 Nec
1925 3302 2029 3374 addi-

435 3428 590 3499 derunt:
610 3429 696 3500 Veni
717 3443 752 3500 et
776 3453 862 3500 cura
886 3452 991 3515 eum3
1020 3451 1087 3498 nee
1113 3441 1186 3497 tam
1212 3425 1351 3499 orando
1374 3451 1483 3523 quam
1508 3423 1709 3497 nuntiando
1736 3422 1835 3520 quod
1858 3421 2030 3494 volebant

436 3547 716 3644 postulaverunt.
735 3549 825 3618 Satis
846 3547 942 3618 enim
967 3545 1198 3618 crediderunt
1218 3547 1375 3617 Domino
1397 3546 1561 3616 nuntiare
1582 3545 1793 3616 anxietatem
1819 3543 1924 3612 amici
1950 3544 2026 3631 sui,

436 3680 542 3763 atque
561 3691 680 3757 suam;
701 3682 870 3763 tanquam
888 3664 977 3738 illud
994 3665 1225 3765 proverbium
1237 3665 1484 3737 attendentes:
1504 3695 1521 3733 n
1533 3666 1672 3736 Amicus
1688 3678 1723 3735 et
1738 3661 1899 3734 medicus
1910 3663 1947 3732 in
1962 3687 2032 3733 ne-

439 3787 601 3857 cessitate
613 3785 823 3885 probantur.
834 3815 849 3852 u
862 3785 965 3857 Unde
979 3787 1062 3857 satis
1073 3785 1534 3858 aestimaveruntamicitiam
1544 3783 1739 3880 fieriquum
1748 3781 1890 3854 dicunt:
1907 3812 1925 3848 u
1939 3787 2033 3854 Eece

439 3928 548 4000 quem
564 3928 673 3975 amas.
692 3932 708 3969 x
722 3908 848 4000 Magna
862 3902 992 3975 fiducia
1004 3928 1125 3974 earum
1142 3905 1180 3976 in
1193 3904 1262 3975 hae
1276 3927 1339 3975 sua
1352 3905 1523 4001 petitione
1536 3902 1731 4001 plurimum
1745 3927 1812 3972 nos
1823 3899 2031 3989 confirmat,

439 4037 480 4094 ut
494 4023 582 4094 nihil
596 4023 795 4095 haesitantes
811 4023 1001 4094 aDomino
1020 4024 1216 4094 necessaria
1235 4037 1440 4094 constanter
1455 4021 1688 4122 postulemus.
1702 4019 1947 4092 Interveniunt
1959 4045 2033 4119 pro

438 4142 581 4216 infirmo
601 4143 765 4217 nondum
790 4157 952 4232 mortuo,
971 4143 1054 4240 quia
1076 4143 1164 4214 vivis
1185 4143 1322 4233 adhue,
1346 4167 1419 4214 non
1438 4141 1614 4214 defunctis
1632 4138 1842 4239 supplicatio
1865 4139 2031 4211 fidelium

438 4265 580 4364 proficit
603 4280 641 4337 ut
661 4263 839 4336 salubrem
856 4263 1100 4398 poenitentiam
1119 4261 1286 4334 habeant.

490 4391 527 4456 ln
546 4386 654 4457 Maria
668 4401 703 4458 et
718 4384 856 4455 Martha
875 4384 1029 4454 universi
1019 4381 1168 4454 fideles
1184 4383 1551 4482 comprehenduntur,
1573 4397 1645 4453 tam
1661 4380 1946 4479 contemplativae
1964 4384 2035 4454 sei-

385 4559 387 4564 .
439 4504 520 4578 hcet
533 4522 612 4576 vrtae
627 4529 737 4603 quam
755 4505 887 4576 activae.
908 4507 1068 4590 Quarum
1087 4503 1265 4574 orationes
1278 4503 1367 4575 dum
1383 4501 1447 4574 sibi
1461 4501 1739 4598 conjunguntur,
1756 4500 1856 4572 facile
1869 4525 1938 4598 pro
1953 4501 2036 4574 aliis

374 4671 376 4676 .
440 4651 584 4724 quoque
596 4626 789 4724 impetrant
801 4647 880 4720 quae
892 4623 1027 4694 illinon
1041 4638 1234 4694 merentur.
1248 4626 1292 4693 Et
1305 4622 1504 4693 notandum
1517 4621 1631 4742 quod,
1642 4620 1853 4693 adveniente
1867 4623 2036 4695 Domino

441 4748 664 4836 Bethaniam,
692 4745 828 4816 Martha
852 4746 1006 4815 occurrit
1024 4742 1085 4814 illi.
1109 4743 1218 4813 Maria
1242 4757 1362 4814 autem
1381 4727 1655 4814 domisedebat.
1678 4745 1820 4838 Exque
1838 4740 2039 4839 diligenter
2221 4615 2222 4824 l

441 4874 637 4943 activorum
651 4884 686 4941 et
700 4867 1062 4965 contemplativorum
1076 4867 1146 4938 vita
1160 4865 1382 4938 describitur.
1394 4866 1504 4938 hctivi
1515 4866 1647 4964 quippe
1660 4879 1743 4935 sunt
1747 4864 1829 4961 ,qui
1839 4865 1932 4936 circa
1942 4891 2038 4964 pro·

441 4993 526 5066 ximi
544 5014 686 5062 causam
704 4988 857 5060 maxime
870 4988 1047 5086 occupati,
1063 4985 1272 5086 temporalia
1286 4985 1382 5058 bona
1402 4999 1613 5084 procurant,
1628 4999 1667 5055 ut
1682 4967 1840 5056 habeant
1856 4983 1956 5056 unde
1971 4988 2040 5056 tri-

473 5273 481 5301 ¹
502 5269 616 5335 «impius
626 5283 700 5332 quum
711 5265 735 5315 iu
748 5261 894 5331 protundum
906 5263 1000 5314 venerit
1011 5275 1183 5329 peccatorum,
1196 5271 1344 5314 conmmnct.
1357 5279 1369 5305 n
1386 5260 1485 5326 (Pron,
1497 5276 1552 5327 cap.
1566 5277 1638 5322 xvnr,
1650 5277 1672 5312 v.
1687 5259 1722 5323 t.)
