4536 6102
460 625 532 698 628
1053 617 1181 692 PETRl
1207 617 1441 692 ABAELARDl

461 778 514 834 ter
527 767 665 860 Moyses
677 758 865 833 attendens
878 756 1015 857 populo
1025 756 1074 829 illi
1089 756 1223 830 carnali
1235 773 1271 830 et
1284 759 1466 856 corporeis
1481 756 1646 829 sensibus
1659 755 1796 846 dedito,
1811 779 1878 828 neu
1889 755 2036 854 spiritali

457 881 688 976 intelligentia
699 879 867 978 praedito,
883 879 984 976 juxta
1000 903 1190 952 numerum
1207 880 1366 977 quinque
1381 903 1551 950 sensuum
1567 878 1639 951 hoc
1654 893 1757 950 vetus
1771 881 2035 950 Testamentum

458 1002 494 1070 in
522 1002 681 1098 quinque
704 999 802 1071 libris
826 996 982 1071 scribere
1006 998 1186 1089 decrevit,
1205 997 1251 1070 ab
1267 999 1346 1098 ipso
1362 998 1492 1071 divinae
1507 998 1698 1071 creationis
1724 996 1871 1070 exordio
1893 1021 2036 1070 sumens

457 1119 663 1208 exordium,
690 1119 889 1190 naturalem
915 1118 1061 1216 quidem
1088 1117 1252 1190 ordinem
1276 1119 1313 1188 in
1339 1118 1410 1190 hoc
1436 1131 1646 1216 prosecutus
1670 1143 1678 1189 ι
1703 1116 1801 1188 unde
1824 1117 1918 1189 bene
1942 1114 2035 1189 hanc

457 1239 571 1337 ipsam
587 1241 663 1335 ejus
678 1239 924 1337 operationem
939 1238 1124 1336 prophetae
1138 1237 1245 1335 hujus
1260 1238 1447 1310 materiam
1463 1237 1695 1334 assignamus.

506 1361 662 1431 Intentio
677 1383 764 1431 vero
781 1373 834 1431 est
850 1383 893 1431 ea
911 1381 1021 1456 quam
1041 1359 1299 1456 praemisimus,
1318 1356 1450 1429 horum
1472 1355 1636 1460 videlieet
1661 1355 1868 1430 narratione
1891 1353 1948 1426 vel
1973 1353 2037 1427 do-

456 1479 571 1549 ctrina
587 1478 767 1551 carnalem
783 1476 902 1550 adhuc
917 1477 1093 1576 populum
1109 1501 1152 1550 ex
1166 1474 1364 1549 visibilibus
1391 1475 1517 1548 saltem
1544 1475 1713 1576 operibus
1733 1475 1779 1548 ad
1800 1474 1936 1547 cultum
1958 1473 2036 1547 alli·

456 1620 536 1668 cere
553 1597 737 1688 divinum,
757 1612 796 1668 ut
812 1621 853 1668 ex
870 1595 926 1668 his
940 1594 1107 1668 videlicet
1121 1595 1234 1668 bomo
1249 1595 1422 1693 intelligat
1436 1610 1610 1694 quantam
1625 1599 1702 1668 Deo
1719 1594 1850 1668 debeat
1865 1593 2036 1666 obedien-

456 1718 560 1808 tiam,
575 1741 685 1815 quem
700 1719 775 1816 ipse
792 1731 828 1789 et
844 1716 890 1789 ad
906 1717 1099 1813 imaginem
1114 1739 1217 1789 suam
1232 1718 1367 1788 creavit
1382 1731 1419 1788 et
1433 1718 1471 1788 in
1487 1715 1656 1815 paradiso
1671 1715 1888 1788 collocatum
1903 1717 2035 1788 eaeteris

455 1838 611 1936 praelecit
627 1839 797 1909 creaturis
813 1851 986 1935 tauquam
1001 1851 1149 1937 propter
1169 1861 1253 1908 eum
1268 1835 1424 1910 conditis
1445 1837 1637 1927 universis,
1656 1836 1748 1909 sieut
1762 1837 1937 1934 scriptum
1953 1849 2005 1908 est
2023 1865 2031 1906 :

457 1986 475 2024 a
493 1958 624 2029 Omnia
646 1957 825 2055 subjecisti
850 1957 918 2029 sub
945 1955 1099 2055 pedibus
1119 1957 1212 2053 ejus,
1235 1969 1305 2028 etc.
1316 1960 1326 1996 ¹
1339 1984 1356 2024 a
1372 1959 1490 2044 Quem
1504 1957 1619 2030 'etiam
1634 1971 1718 2056 post
1732 1954 1878 2055 culpam
1893 1979 1916 2027 a
1931 1978 2034 2053 para·

455 2076 534 2148 diso
551 2078 703 2172 ejectum
719 2074 903 2147 benefieiis
914 2077 986 2149 suis
999 2098 1074 2147 non
1090 2075 1267 2166 destituit3
1284 2074 1348 2148 sed
1361 2099 1445 2148 eum
1456 2075 1568 2148 modo
1585 2100 1651 2176 per
1665 2099 1792 2174 aspera
1806 2073 2032 2171 corrigendo,

454 2193 566 2267 modo
583 2193 798 2295 perblanda
814 2193 1053 2284 attrahendo,
1073 2193 1185 2268 modo
1206 2193 1283 2292 lege
1304 2193 1538 2286 instruendo,
1565 2195 1677 2268 modo
1700 2196 1879 2269 miramdis
1904 2194 2035 2268 confir·

455 2312 610 2402 mando,
631 2312 742 2384 modo
758 2313 865 2385 minis
882 2312 1116 2404 deterrendo,
1135 2313 1247 2387 modo
1263 2315 1561 2413 promissionibus
1577 2313 1784 2404 alliciendo,
1801 2339 1942 2388 summa
1953 2341 2035 2388 eum

455 2430 693 2502 sollieitudine
710 2431 755 2502 ad
773 2432 915 2503 veniam
932 2456 1007 2504 non
1023 2447 1139 2506 cessat
1157 2433 1323 2506 invitare,
1341 2437 1429 2522 Quae
1446 2432 1594 2531 quidem
1610 2435 1751 2526 omnia,
1770 2449 1810 2506 ut
1825 2434 1961 2532 praelati
1976 2459 2034 2507 su-

454 2573 553 2637 mus,
572 2548 732 2646 diligenti
749 2552 955 2624 narratione
971 2551 1018 2625 ab
1034 2553 1114 2652 ipso
1131 2551 1259 2626 mundi
1274 2553 1424 2627 exordio
1439 2577 1554 2652 usque
1569 2551 1616 2627 ad
1631 2567 1796 2653 tempora
1814 2578 1880 2627 sua
1900 2557 2035 2650 Moyses

454 2685 664 2768 prosecutus
681 2671 730 2742 ita
745 2695 891 2744 exorsus
907 2685 973 2744 est.

1005 2878 1008 2888 '
1033 2895 1079 2944 nr
1101 2895 1212 2944 orsas
1234 2887 1352 2944 rama
1372 2895 1456 2944 nm.

505 3057 577 3128 «ln
596 3057 775 3156 principio
791 3057 926 3129 creavit
941 3053 1037 3130 Deus
1053 3057 1184 3131 coelum
1200 3071 1235 3130 et
1252 3072 1397 3131 terram.
1413 3085 1431 3126 a
1445 3047 1534 3130 Coeli
1547 3064 1583 3129 et
1595 3070 1697 3130 terrae
1710 3057 1858 3129 nomine
1872 3056 2033 3131 hocloco

453 3190 608 3275 quatuor
629 3173 806 3252 elementa
824 3178 1084 3280 comprehendi
1104 3179 1271 3273 arbitror,
1292 3179 1482 3278 exquibus
1497 3195 1669 3279 tanquam
1691 3181 1862 3253 materiali
1880 3181 2034 3278 primor-

454 3296 516 3368 dio
537 3310 664 3368 caetera
686 3298 809 3368 omnia
834 3321 989 3397 corpora
1008 3313 1150 3370 constat
1169 3323 1246 3371 esse
1268 3297 1482 3398 composita.
1509 3298 1648 3372 Coelum
1671 3298 1819 3396 quidem
1844 3297 1919 3370 duo
1947 3297 2035 3372 levia

453 3415 648 3503 elementa,
668 3417 787 3511 ignem
801 3411 967 3487 videlicet
983 3432 1090 3515 atque
1106 3441 1225 3490 aerem
1241 3415 1342 3491 dicit.
1363 3414 1510 3516 Reliqua
1525 3443 1612 3491 vero
1626 3417 1700 3490 duo
1715 3443 1793 3516 quae
1806 3417 1926 3515 gravia
1939 3433 2032 3510 sunt,

453 3549 588 3606 terram
604 3531 815 3629 generaliter
832 3551 949 3608 vocat.
968 3536 1107 3608 Coelum
1122 3533 1256 3638 quippe
1274 3554 1347 3612 tam
1363 3563 1508 3613 aereum
1524 3539 1693 3630 dicimus,
1708 3535 1809 3639 juxta
1823 3539 1932 3631 illud,
1949 3565 2036 3612 «vo

453 3650 570 3724 lucres
583 3651 680 3740 eoeli,
697 3681 713 3719 n
728 3678 836 3750 quarn
852 3654 1047 3728 aethereum
1056 3657 1157 3754 quod
1174 3672 1227 3730 est
1242 3653 1399 3756 igneum.
1416 3655 1520 3732 Unde
1535 3683 1609 3732 non
1624 3655 1822 3757 incongrue
1832 3670 1907 3732 tam
1919 3683 2034 3733 aerem

454 3797 564 3870 quam
589 3773 708 3869 ignem
733 3773 864 3847 coelum
880 3775 939 3848 bic
955 3779 1133 3850 nominat.
1151 3779 1300 3853 Constat
1318 3775 1426 3852 etiam
1443 3771 1573 3854 eoelum
1590 3771 1805 3872 aethereum,
1823 3807 1898 3878 quo
1915 3781 2035 3882 purior
2067 3831 2070 3836 -

454 3906 507 3963 est
534 3891 643 3988 ignis,
663 3891 793 3964 coelum
817 3891 964 3993 proprie
986 3896 1100 3970 solere
1123 3896 1208 3971 dici.
1228 3896 1334 3972 Unde
1355 3898 1483 3971 merito
1507 3924 1641 3972 nomen
1667 3897 1766 3990 ooeli,
1784 3899 1885 3998 quod
1901 3913 2033 3999 quanto

452 4009 579 4106 purior
594 4024 647 4082 est
662 4010 771 4106 ignis,
791 4027 891 4084 tanto
909 4011 1051 4086 levioris
1066 4030 1121 4088 est
1136 4031 1288 4107 naturae,
1306 4041 1374 4116 pro
1392 4016 1557 4108 duobus,
1576 4033 1617 4090 ut
1634 4011 1793 4109 dictum,
1812 4017 1952 4091 levibus
1967 4018 2035 4090 ele·

453 4131 602 4218 mentis,
622 4131 702 4226 igne
719 4131 852 4204 scilieet
869 4149 976 4230 atque
997 4159 1100 4227 aere,
1115 4136 1175 4209 hic
1190 4137 1349 4237 positum
1366 4163 1442 4211 esse
1458 4137 1678 4236 intelligitur.
1697 4139 1796 4211 Sicut
1814 4164 1834 4210 e
1855 4140 2034 4213 contrario

453 4273 518 4348 per
534 4263 686 4337 terram,
708 4248 809 4348 cujus
826 4253 979 4325 maxime
996 4247 1111 4352 gravis
1128 4271 1182 4329 est
1197 4271 1234 4330 et
1248 4257 1455 4358 ponderosa
1475 4273 1625 4350 natura,
1644 4273 1718 4332 tam
1741 4273 1875 4332 temam
1900 4262 2032 4359 ipsam,

454 4393 562 4465 quam
586 4371 618 4439 ei
648 4369 888 4444 adhaerentem
911 4397 1042 4472 aquam
1070 4375 1298 4453 determinat.
1331 4383 1413 4451 Haec
1436 4379 1557 4478 itaque
1581 4394 1738 4478 quatuor
1758 4379 1938 4456 elementa
1958 4397 2032 4456 tan·

454 4510 563 4584 quam
581 4502 791 4560 caeterorum
808 4515 1003 4590 corporum
1019 4495 1195 4595 principia
1212 4500 1329 4568 Deum
1345 4495 1382 4569 in
1400 4497 1578 4598 principio
1595 4499 1718 4572 fecisse
1734 4501 1963 4598 praenuntiat.

504 4611 547 4676 Et
564 4607 633 4679 tale
650 4610 817 4705 estquod
834 4610 938 4703 dicit,
960 4642 978 4681 a
993 4611 1029 4684 in
1049 4617 1246 4715 principio,
1263 4645 1280 4686 n
1300 4613 1330 4688 si
1349 4613 1483 4689 diceret
1498 4634 1581 4691 ante
1597 4617 1657 4692 illa
1672 4621 1796 4692 omnia
1811 4645 1892 4718 quae
1915 4643 2040 4694 conse·

454 4740 606 4823 quanter
626 4743 831 4819 enumerat,
850 4745 885 4802 et
906 4732 951 4803 de
972 4758 1129 4831 quorum
1150 4736 1259 4809 etiam
1276 4739 1589 4810 consummatione
1609 4738 1844 4838 postmodum
1864 4732 2035 4811 subdit¹:

456 4874 475 4913 «
491 4847 600 4942 lgitur
616 4848 763 4945 perlecti
779 4866 863 4923 sunt
884 4853 986 4945 coeli,
1005 4870 1074 4928 etc.
1095 4885 1113 4924 n
1135 4851 1217 4929 Tale
1241 4871 1296 4929 est
1319 4857 1419 4956 quod
1444 4852 1533 4933 dicit
1554 4860 1591 4930 in
1612 4859 1791 4959 principio
1811 4860 2039 4956 sequentium

455 4988 628 5063 operum,
647 4991 689 5039 ae
705 4969 734 5039 si
750 4969 906 5062 diceret,
928 4973 964 5045 in
986 4973 1166 5077 principio
1184 4975 1330 5070 mundi;
1348 4977 1387 5052 id
1403 4993 1475 5070 est,
1493 4993 1686 5078 antequam
1706 4977 1906 5078 quidquam
1921 4979 1967 5052 de
1982 4977 2041 5050 bis

490 5203 498 5232 ⁴
514 5203 601 5258 Psalm
614 5223 655 5259 mr
665 5246 671 5269 ,
682 5223 706 5259 r.
717 5211 742 5261 8.
753 5210 804 5251 -'
815 5213 912 5276 Gener„
925 5229 983 5282 cap.
995 5230 1026 5279 ιι,
1037 5231 1063 5268 v.
1075 5221 1097 5268 t.
