4510 6108
651 566 696 640 nt
721 567 875 639 uranus
899 567 1191 642 nocanonuu
1216 521 1378 643 senno.
1732 563 1805 638 tor

226 707 324 777 mus?
339 731 406 778 nec
423 723 544 779 utrum
565 709 721 782 salubria
743 711 814 782 sint
839 711 896 783 vel
919 714 1049 785 nociva
1074 714 1250 786 discutere
1274 716 1454 788 valemus?
1479 713 1625 788 Duabus
1650 710 1806 807 denique

225 829 351 918 causis,
362 829 480 902 verbis
489 857 634 928 quoque
643 833 789 904 Domini
798 848 938 906 constat
950 836 1141 926 orandum,
1155 852 1195 907 ut
1207 837 1278 908 hoc
1290 837 1455 909 videlieet
1465 837 1512 908 ad
1526 837 1600 932 ejus
1613 833 1804 920 bonorem,

225 950 321 1021 etad
338 966 499 1022 nostram
515 951 577 1024 fiat
593 953 793 1025 utilitatem.
808 954 861 1025 Ad
875 954 950 1052 ejus
966 955 1114 1053 quidem
1129 957 1324 1046 honorem,
1342 983 1455 1055 quum
1471 956 1571 1055 quod
1588 955 1634 1028 ab
1650 955 1729 1052 ipso
1746 975 1808 1050 po·

224 1069 413 1162 stulamus,
432 1072 477 1144 ab
493 1075 572 1172 ipso
588 1075 707 1173 potius
723 1100 833 1174 quam
849 1101 870 1148 a
886 1077 990 1148 nobis
1006 1077 1077 1149 hoc
1093 1103 1169 1150 esse
1186 1059 1360 1152 fateamur
1375 1079 1475 1177 quod
1491 1079 1662 1177 petimus;
1682 1089 1717 1146 et
1732 1075 1807 1170 ejus

226 1196 343 1290 gratiae
358 1195 478 1294 potius
493 1221 603 1293 quam
618 1197 741 1268 virtuti
757 1213 887 1270 nostrae
907 1199 978 1270 boc
999 1215 1186 1298 acceptum
1205 1201 1416 1272 tribuamus.
1436 1200 1490 1270 Ad
1511 1198 1699 1270 utilitatem
1719 1219 1809 1292 quo·

225 1339 295 1411 que
311 1331 471 1388 nostram
487 1317 597 1388 verba
612 1343 758 1416 quoque
783 1320 1099 1410 commendantur,
1118 1345 1231 1418 quum
1256 1320 1434 1392 intellecta
1459 1297 1690 1390 devotionem
1714 1315 1808 1387 exci-

226 1447 318 1522 tant,
338 1451 373 1505 et
389 1437 705 1534 compunctionem
722 1454 910 1534 generant,
929 1453 1029 1510 uteo
1052 1439 1185 1511 facilius
1207 1439 1398 1511 audiantur
1415 1464 1435 1510 a
1450 1438 1627 1525 Domin0,
1649 1461 1723 1533 quo
1744 1434 1807 1504 de·

227 1555 343 1624 votius
359 1555 590 1653 proferuntur
606 1583 626 1629 a
643 1559 760 1630 nobis.
780 1560 877 1632 Solet
893 1561 1027 1658 quippe
1044 1560 1243 1632 dolentium
1259 1561 1331 1632 boc
1352 1585 1428 1632 esse
1449 1557 1610 1632 naturale
1630 1557 1688 1628 vel
1708 1557 1809 1654 quasi

225 1675 428 1772 proprium,
442 1693 482 1748 ut
494 1704 607 1775 quum
616 1679 686 1751 boc
703 1679 800 1751 unde
817 1680 941 1752 dolent
957 1681 1075 1752 verbis
1093 1683 1313 1780 exprimunt,
1329 1684 1406 1780 ipsa
1416 1683 1453 1752 in
1465 1682 1515 1752 eis
1525 1679 1636 1752 verba
1645 1677 1810 1749 dolorem

226 1796 441 1887 accendant,
460 1813 495 1868 et
515 1801 588 1870 suis
609 1801 842 1897 querimoniis
863 1827 964 1874 mens
981 1818 1217 1901 compuncta,
1237 1804 1339 1875 facile
1354 1816 1567 1901 prorumpat
1583 1802 1620 1872 in
1637 1800 1810 1896 lacrymas

226 1939 267 1986 ex
283 1914 369 2012 ipsis
385 1917 456 1987 suis
472 1911 561 2015 quas
577 1919 685 1990 refert
701 1921 861 1992 miseriis.
881 1921 938 1992 Sic
955 1936 991 1992 et
1006 1922 1219 2019 poenitentes
1240 1947 1353 2019 quum
1374 1924 1410 1992 in
1433 1920 1656 1993 orationibus
1672 1919 1748 2006 ¹suis
1769 1941 1812 1988 ea

226 2061 305 2133 quae
320 2039 577 2110 commiserunt
594 2040 769 2129 referunt,
785 2043 859 2139 ipsa
879 2065 1004 2112 eorum
1021 2041 1244 2140 verba'quasi
1262 2042 1426 2141 quaedam
1443 2043 1657 2140 punctiones
1674 2055 1811 2111 mentes
1829 2115 1833 2125 ,

227 2159 444 2252 gementium
460 2159 673 2248 vulnerant,
691 2175 732 2230 ut
747 2158 923 2256 lacrymas
939 2160 1024 2232 inde
1040 2160 1264 2259 producant,
1284 2178 1319 2233 et
1336 2161 1590 2234 medullatum¹
1606 2158 1663 2232 vel
1678 2160 1811 2257 pingue

227 2279 439 2352 sacrificium
456 2281 621 2351 offerant.
1292 2287 1295 2296 “
1688 2363 1693 2376 ,

274 2401 423 2470 Constat
446 2413 566 2471 autern
592 2401 795 2484 orationem
821 2398 1042 2471 dominicam
1057 2414 1133 2472 tam
1150 2425 1171 2472 a
1186 2400 1353 2471 Mattbaeo
1375 2423 1485 2497 quam
1506 2403 1638 2471 aLuca
1659 2397 1814 2470 conscri-

227 2533 326 2617 ptam
341 2544 434 2610 esse,
454 2521 517 2592 sed
533 2519 579 2592 ab
595 2519 657 2590 illo
673 2519 831 2618 plenius,
854 2520 1009 2618 quinon
1030 2519 1149 2592 solum
1170 2519 1403 2615 evangelista,
1425 2544 1553 2590 verum
1573 2533 1609 2589 et
1630 2516 1813 2616 apostolus

227 2640 341 2739 ipsam
357 2667 399 2712 ex
417 2666 479 2712 ore
496 2641 641 2712 Domini
660 2641 832 2728 audierit,
856 2640 1003 2738 quando
1024 2665 1105 2712 eam
1126 2641 1302 2712 Dominus
1323 2641 1360 2710 in
1382 2655 1507 2711 monte
1528 2640 1596 2738 ipsi
1616 2639 1814 2738 ceterisque

227 2763 331 2834 simul
357 2763 527 2861 apostolis
552 2763 729 2835 tradidit'.
756 2762 860 2834 Unde
882 2787 979 2833 nunc
1000 2785 1080 2833 eam
1096 2761 1273 2859 praecipue
1290 2776 1413 2832 nostra
1428 2760 1657 2859 prosequitur
1674 2758 1813 2856 exposi-

230 2883 298 2972 tio,
314 2909 394 2981 quae
410 2884 605 2981 plurimum
622 2883 858 2972 auctoritatis,
878 2883 969 2953 sicut
984 2896 1020 2952 et
1040 2881 1268 2979 perfeetionis
1291 2879 1417 2970 babet,
1435 2881 1472 2950 in
1495 2893 1632 2977 septem
1651 2876 1814 2951 videlicet

226 3001 458 3098 petitionibus
474 3003 656 3092 distincta,
675 3025 789 3100 quum
804 2999 864 3071 illa
879 3003 981 3071 Lucae
996 3000 1156 3099 quinque
1172 3000 1217 3070 sit
1233 3012 1421 3088 contenta,
1440 3023 1519 3096 quae
1535 3022 1610 3069 non
1628 2995 1812 3096 apostolis,

228 3123 290 3195 sed
311 3123 455 3195 cuidam
472 3123 648 3222 discipulo
665 3137 886 3195 memoratur
901 3121 1044 3193 tradita.
1064 3121 1121 3191 Sic
1137 3121 1273 3218 quippe
1289 3121 1325 3190 in
1343 3121 1422 3218 ipso
1438 3120 1612 3216 seriptum
1628 3142 1704 3189 csse
1720 3121 1816 3189 Luca
1841 3205 1846 3214 Ι

229 3244 457 3315 meminimus
473 3243 519 3316 de
534 3245 715 3314 Domino⁸
733 3275 741 3313 ι
765 3247 944 3314 «Factum
960 3256 1030 3332 est,
1049 3241 1138 3312 dum
1154 3241 1229 3339 ipse
1245 3255 1337 3311 esset
1353 3241 1390 3310 in
1407 3239 1569 3337 quodam
1584 3237 1666 3310 loco
1687 3262 1811 3329 orans,

229 3377 268 3434 ut
284 3364 446 3453 cessavit,
460 3363 548 3436 dixit
562 3375 712 3436 unus‘ex
724 3362 906 3462 discipulis
918 3363 994 3458 ejus
1009 3361 1170 3433 adeum:
1186 3359 1388 3448 «Domine,
1404 3360 1494 3431 doce
1506 3383 1574 3430 nos
1588 3382 1709 3448 orare,
1724 3358 1816 3430 sicut

233 3511 251 3550 a
262 3498 298 3554 et
313 3489 467 3556 loannes
484 3484 608 3556 docuit
624 3483 816 3582 discipulos
832 3507 929 3554 snos.
944 3511 962 3550 n
982 3487 1026 3552 Et
1042 3481 1090 3552 ait
1105 3480 1186 3552 illis.
1200 3484 1347 3567 «Quum
1365 3479 1491 3567 oratis,
1510 3478 1617 3549 dicite
1637 3508 1644 3547 ;
1667 3489 1685 3546 t<
1698 3482 1813 3568 Pater,

234 3635 251 3672 a
261 3605 500 3678 sanctificetur
509 3631 643 3677 nomen
653 3620 768 3677 tuum.
782 3603 955 3675 adveniat
967 3627 1118 3698 regnum
1128 3615 1245 3690 tuum,
1259 3601 1322 3671 frat
1334 3599 1499 3672 voluntas
1507 3615 1570 3670 tua
1579 3599 1712 3670 sicutin
1725 3596 1816 3670 coelo

235 3742 300 3798 «et
315 3729 469 3799 interra.
482 3731 615 3797 Panem
631 3739 796 3796 nostrum
812 3723 1065 3820 quotidianum
1081 3719 1128 3790 da
1145 3719 1250 3791 nobis
1267 3719 1389 3808 hodie,
1402 3734 1438 3790 et
1457 3718 1598 3790 dimitte
1614 3715 1720 3790 nobis
1736 3741 1818 3816 pec·

234 3877 251 3914 a
265 3860 486 3936 catanostra,
503 3847 678 3944 siqnidem
690 3860 724 3916 et
740 3845 808 3943 ipsi
822 3842 1033 3913 dimittimus
1050 3841 1151 3909 omni
1168 3838 1313 3946 debenti
1330 3839 1448 3910 nobis.
1462 3843 1505 3909 Et
1520 3863 1568 3910 ne
1585 3863 1652 3910 nos
1668 3837 1818 3911 inducas

235 3997 251 4035 a
265 3967 301 4038 in
318 3967 598 4038 tentationem.»
613 3965 798 4037 Matthaeus
813 3987 900 4033 vero
907 3960 1139 4031 'dominicam
1155 3957 1356 4030 orationem
1373 3958 1544 4056 apostolis
1560 3973 1733 4056 tanquam
1748 3959 1816 4030 do·

232 4088 391 4160 ctoribus
407 4103 444 4159 et
458 4086 729 4186 perfectioribus
745 4083 935 4184 perfectius
960 4080 1145 4169 traditam,
1172 4103 1252 4150 earn
1268 4079 1446 4150 interserit
1462 4079 1621 4150 sermoni
1638 4079 1685 4150 ad
1700 4104 1762 4152 eos
1779 4082 1816 4151 in

234 4223 355 4278 monte
370 4207 514 4298 babitu,
532 4233 641 4305 quem
658 4221 692 4277 et
708 4204 957 4304 perfectiorem
974 4226 1050 4273 esse
1066 4214 1207 4271 constat
1225 4223 1336 4296 quam
1357 4197 1415 4270 ille
1432 4198 1557 4287 fuerit,
1577 4221 1685 4294 quem
1707 4202 1817 4271 Lucas

234 4325 338 4398 refert
359 4327 395 4398 in
418 4325 675 4425 campestribus
692 4324 738 4396 ad
759 4323 882 4394 turbas
903 4321 1050 4392 factum.
1070 4319 1127 4390 Sic
1142 4319 1276 4416 quippe
1292 4317 1466 4416 scriptum
1491 4332 1545 4388 est
1569 4317 1606 4388 in
1627 4315 1814 4406 Matthiae,

234 4447 390 4516 Domino
408 4445 453 4516 ad
470 4444 652 4543 apostolos
669 4443 830 4515 dicente‘
849 4470 857 4512 :
880 4444 1034 4527 «Quum
1051 4439 1178 4527 oratis,
1198 4461 1273 4508 non
1291 4436 1387 4507 eritis
1409 4438 1502 4508 sicut
1524 4434 1737 4534 hypocritae,
1755 4437 1819 4532 qui

235 4579 368 4654 amant,
382 4565 419 4635 in
432 4565 619 4662 synagogis
631 4579 666 4635 et
678 4565 715 4635 in
729 4562 866 4659 angulis
877 4560 1076 4660 platearum
1090 4569 1238 4648 stantes,
1256 4580 1359 4628 orare
1376 4571 1416 4628 ut
1431 4556 1621 4628 videantur
1637 4553 1684 4627 ab
1699 4555 1818 4627 homi·

237 4684 353 4756 nibus.
371 4691 480 4756 Amen
491 4685 574 4756 dieo
586 4683 707 4773 vobis,
723 4695 937 4780 receperunt
950 4678 1154 4751 mercedem
1168 4701 1284 4750 suam.
1296 4681 1347 4749 Tu
1361 4693 1480 4748 autem
1491 4701 1605 4774 quum
1618 4673 1752 4766 orabis,
1766 4676 1820 4748 in-

237 4818 291 4874 tra
306 4805 343 4874 in
360 4803 566 4876 cubiculum
582 4818 698 4893 tuum,
712 4817 748 4874 et
763 4801 885 4874 clauso
902 4800 995 4871 ostio
1011 4813 1088 4888 tuo,
1109 4821 1173 4868 ora
1189 4812 1329 4895 patrem
1346 4811 1450 4868 tuum
1466 4797 1502 4867 in
1520 4793 1761 4868 absconditol.
1776 4797 1820 4866 Et
1888 4779 1893 4790 ’

272 5105 279 5130 “
298 5105 338 5156 Sic
354 5105 415 5157 flod,
438 5105 529 5159 Victor.
542 5131 560 5144 -
575 5107 605 5156 Ut
624 5109 780 5157 medullatum
802 5103 867 5156 Edit.
891 5103 962 5156 bmb.
976 5129 1006 5141 —·
1048 5099 1167 5163 ⁸llattb..
1187 5115 1242 5168 cap.
1266 5116 1304 5164 n,
1327 5117 1349 5150 v.
1366 5101 1390 5150 9.
1403 5126 1434 5137 -
1448 5097 1459 5128 ⁸
1473 5101 1515 5151 Sic
1526 5097 1588 5150 eod.
1600 5097 1821 5151 Vico-Ammo

240 5187 394 5242 'Dudlden'e
406 5191 468 5243 Cod.
485 5191 635 5244 vimen-¹
655 5191 726 5255 buc,
744 5206 800 5257 cap.
824 5207 865 5252 rn,
888 5205 912 5239 v.
936 5195 959 5239 1.
978 5213 1008 5224 -·
1047 5186 1113 5239 Edit.
1124 5185 1194 5237 dmb.
