4536 6102
483 589 554 662 546
1081 585 1210 656 PE'l'Rl
1237 583 1467 656 ABAELARDl

482 754 502 802 a
517 754 631 829 puero
651 751 774 828 speras
792 727 978 816 auxilium,
997 752 1076 825 quae
1092 752 1157 826 per
1172 751 1367 799 commune
1382 725 1564 800 damnans
1574 725 1771 822 judicium?
1789 729 1860 800 Sed
1876 731 1962 827 qnia
1976 736 2059 805 scri·

481 864 584 949 ptum
599 847 714 944 legisti
729 847 775 918 de
790 861 854 920 tuo
870 862 907 918 et
921 849 1086 919 omnium
1102 847 1324 919 Salvatore¹:
1343 874 1361 914 ι(
1375 850 1466 916 Puer
1480 860 1586 918 nattis
1602 860 1656 917 est
1674 845 1793 936 nobis,
1806 862 1892 938 eto,
1906 877 1924 916 t
1944 875 1989 921 ne
2001 851 2060 922 dif-

481 969 571 1040 fidas
587 992 671 1038 eum
688 981 722 1038 te
738 991 802 1066 per
818 966 916 1038 hunc
931 991 1083 1064 puerum
1098 965 1252 1056 salvare,
1271 989 1381 1062 quem
1397 979 1437 1036 ut
1452 989 1578 1036 omnes
1594 963 1707 1038 salvet
1722 990 1876 1063 puerum
1893 967 1970 1040 lieri
1986 995 2061 1042 cre-

482 1089 624 1161 dideras
635 1114 678 1161 ex
693 1087 783 1184 lege.
803 1091 883 1158 Non
900 1087 1063 1160 attendes
1072 1089 1175 1187 pueri
1190 1101 1343 1175 aetatem,
1354 1086 1417 1158 sed
1429 1087 1677 1184 praesidentem
1689 1112 1803 1185 puero
1818 1089 2001 1179 deitatem,
2018 1092 2060 1164 de

481 1210 582 1306 cujus
598 1209 760 1307 potentia
774 1208 949 1306 scriptum
965 1208 1196 1278 meministi¹2
1213 1206 1356 1296 «Dixit,
1375 1220 1411 1276 et
1431 1205 1524 1278 sacta
1542 1221 1643 1294 sunt3
1666 1208 1868 1298 mandavit,
1892 1225 1928 1281 ct
1948 1195 2061 1283 cicata

481 1343 576 1400 sunt.
595 1356 613 1396 n
641 1326 836 1399 Confidens
860 1328 1036 1416 Domin0,
1060 1341 1166 1424 atque
1191 1326 1292 1396 omni
1316 1324 1447 1396 auxilio
1468 1325 1637 1398 destituta
1661 1340 1789 1423 praeter
1810 1327 1954 1418 divino,
1977 1328 2061 1400 illud

481 1446 635 1544 apostoli
647 1446 772 1543 jamin
788 1461 823 1517 te
838 1444 1060 1544 completum
1074 1445 1280 1544 experiris⁸2
1296 1444 1363 1514 «Si
1378 1437 1474 1514 Deus
1489 1468 1557 1542 pro
1573 1442 1692 1533 nobis,
1706 1443 1787 1540 quis
1802 1458 1931 1516 contra
1946 1447 2030 1516 nos?
2040 1477 2059 1514 s

446 1635 452 1652 ,
481 1567 566 1640 Filia
581 1567 686 1658 Juda,
705 1582 745 1638 ut
760 1567 837 1665 ipse
852 1565 978 1638 Daniel
994 1564 1197 1664 profitetur,
1216 1564 1312 1637 etde
1328 1565 1427 1659 regio
1443 1565 1615 1660 sanguine
1626 1563 1735 1652 clara,
1754 1579 1862 1662 atque
1878 1565 2061 1636 dominicas

481 1689 581 1786 stirpi
597 1712 662 1786 per
676 1687 930 1782 cognationem
945 1686 1151 1782 conjuncta,
1165 1707 1275 1782 quem
1288 1683 1405 1756 suetas
1416 1683 1583 1756 habitura
1598 1699 1805 1780 cognatum,
1813 1685 1891 1781 jaun
1901 1685 1939 1756 in
1950 1709 2062 1782 agone

483 1823 545 1880 tuo
561 1809 743 1906 praesentis
758 1807 973 1905 propitium3
998 1821 1038 1876 ut
1053 1803 1154 1902 quod
1169 1827 1290 1901 speres
1307 1803 1353 1876 de
1373 1803 1486 1876 salute
1502 1805 1641 1892 animae,
1650 1804 1726 1899 jam
1734 1806 1927 1902 experiaris
1937 1807 1975 1876 in
1984 1831 2059 1877 cor-

483 1926 580 2024 poris
595 1924 824 2013 liberatione,
847 1938 889 1994 ut
913 1921 1152 1995 ex.beneficio
1169 1923 1302 1993 minori
1317 1923 1449 1992 certior
1465 1921 1627 1994 reddaris
1643 1922 1689 1993 de
1705 1922 1851 2018 majori,
1870 1923 1967 1995 etde
1982 1949 2058 2022 per·

482 2045 648 2141 ceptione
662 2042 845 2140 amplioris
855 2043 974 2139 gratiae
983 2043 1016 2113 ei
1031 2065 1173 2140 semper
1181 2040 1324 2113 studeas
1333 2040 1525 2113 deservire.
1537 2039 1706 2130 Audistis,
1719 2043 1874 2138 virgines
1882 2057 1918 2114 et
1926 2068 2060 2140 sponsas
2096 2089 2098 2092 -

482 2164 628 2254 Christi,
647 2165 817 2236 virtutem
838 2162 935 2234 laioae
955 2164 1170 2259 conjugatae,
1193 2185 1304 2259 quam
1324 2185 1346 2233 a
1363 2161 1466 2232 vobis
1486 2162 1533 2232 de
1553 2161 1702 2250 lecnrlo,
1725 2177 1766 2232 ut
1786 2161 1957 2252 diximus,
1982 2163 2059 2233 loris

482 2285 628 2380 egressis
640 2282 819 2355 voluimus
828 2283 988 2381 conspici
995 2309 1006 2372 x3
1023 2297 1063 2353 ut
1076 2305 1156 2354 eam
1170 2282 1305 2354 scilicet
1317 2282 1509 2372 imitantes,
1526 2305 1700 2380 sponsum
1711 2296 1870 2353 vestrum
1883 2283 2059 2380 reperiatis

482 2404 519 2473 in
535 2403 633 2494 vico,
651 2425 761 2500 quem
776 2401 935 2474 fortassis
951 2425 1026 2473 non
1041 2401 1181 2474 habetis
1197 2403 1235 2473 in
1251 2401 1419 2476 claustro.
1443 2401 1611 2490 Audistis,
1630 2416 1666 2473 et
1680 2425 1759 2491 vos,
1777 2417 1853 2474 tam
1868 2401 2059 2500 presbyteri

482 2546 592 2618 quam
611 2521 743 2610 clerici,
762 2520 938 2616 judicium
953 2535 1129 2611 vestrum,
1148 2522 1318 2618 quicirca
1336 2544 1486 2618 sponsas
1506 2521 1572 2592 Dei
1592 2520 1712 2618 aliqua
1727 2520 1774 2594 de
1790 2544 1897 2593 causa
1915 2545 2058 2592 conver·

482 2655 617 2729 santes,
635 2639 692 2712 vel
713 2640 763 2711 eis
788 2639 1032 2712 familiaritate
1043 2639 1202 2737 qualibet
1223 2639 1462 2728 adhaerentes,
1481 2654 1583 2712 tanto
1600 2643 1714 2712 aDeo
1729 2638 1871 2736 lougius
1886 2639 2057 2726 receditis,

482 2774 618 2856 quanto
646 2760 696 2830 eis
728 2761 879 2858 turpiter
913 2758 1065 2857 amplius
1097 2759 1359 2857 propinquatis.
1387 2757 1565 2831 Maculam
1594 2758 1751 2830 hominis
1780 2773 1902 2830 torum
1933 2783 2060 2857 pressu·

483 2892 620 2948 mentes
635 2877 851 2975 presbyteri,
870 2877 1035 2974 dignam,
1054 2891 1095 2948 ut
1109 2877 1246 2950 dictum
1262 2892 1332 2967 est,
1352 2879 1477 2950 mortis
1493 2878 1707 2950 sententiam
1722 2894 1950 2976 exceperunt.
1969 2877 2059 2966 Quid

482 3021 544 3068 eos
560 3011 704 3068 maneat
719 2996 950 3096 perpendite,
963 2997 1025 3093 qui
1041 2997 1230 3095 proprium
1245 2997 1312 3068 Dei
1327 2996 1460 3068 lectum
1476 3021 1551 3068 non
1567 3010 1738 3068 verentur
1751 2996 1926 3095 polluere.
1945 3001 2060 3085 Quum

482 3119 579 3217 apud
591 3120 686 3216 ipsas
702 3119 891 3190 missarum
907 3117 1082 3190 solemnia
1096 3116 1295 3208 celebratis,
1313 3117 1371 3190 vel
1386 3117 1433 3190 ad
1449 3116 1609 3190 infirmas
1624 3118 1748 3190 venire
1763 3118 1947 3214 cogimini,
1958 3143 2059 3217 saepe,

482 3252 523 3309 ut
542 3237 669 3326 audio,
690 3261 814 3310 earum
830 3238 886 3309 ori
906 3236 1041 3309 hostias
1064 3237 1245 3336 porrigitis
1270 3237 1439 3310 manibus
1457 3237 1545 3327 illis,
1568 3237 1700 3334 quibus
1719 3239 1877 3336 ipsarum
1894 3253 1993 3312 natos
2009 3237 2062 3310 vel

483 3358 670 3430 obscoenas
685 3373 804 3456 partes
820 3371 1044 3429 contrectare
1059 3354 1193 3427 soletis.
1217 3357 1254 3426 Si
1274 3358 1451 3455 corruptis
1466 3357 1683 3430 monialibus
1699 3359 1757 3428 vix
1770 3381 1795 3429 a
1808 3360 1940 3431 sanctis
1954 3359 2063 3457 patri·

362 3467 367 3470 ’
482 3475 550 3546 bus
567 3474 766 3547 remedium
781 3473 999 3570 indulgetur,
1016 3474 1165 3572 quidde
1181 3475 1266 3572 ipsis
1280 3474 1508 3546 sentiendum
1525 3491 1578 3548 est
1593 3475 1885 3574 corruptoribus?
1901 3481 2064 3565 Quorum

483 3617 585 3664 sexus
601 3617 675 3690 quo
692 3592 899 3665 naturaliter
914 3607 968 3663 est
983 3592 1123 3680 sortior,
1142 3607 1243 3663 tanto
1260 3606 1296 3664 et
1311 3617 1439 3666 eorum
1453 3593 1572 3692 lapsus
1588 3593 1840 3668 damndrilior.
1856 3601 1907 3667 Ac
1922 3622 1968 3668 ne
1983 3621 2066 3695 pro·

483 3710 615 3782 lixitate
631 3725 706 3782 tam
718 3708 957 3782 abhorrendae
964 3709 1111 3782 maculae
1125 3707 1235 3782 finem
1251 3712 1365 3783 nostri
1374 3711 1549 3784 foedemus
1564 3714 1753 3804 sermonis,
1764 3712 1897 3785 suffieit
1907 3715 2068 3812 unisque

483 3852 588 3900 suum
613 3853 680 3900 nos
703 3829 931 3928 proposuisse
951 3827 1145 3925 judicium,
1168 3828 1271 3901 etde
1291 3831 1484 3928 propositae
1498 3829 1656 3902 historiae
1672 3831 1815 3927 judiciis
1829 3855 1853 3903 a
1870 3832 2007 3903 minori
2022 3831 2068 3903 ad

484 3948 597 4044 majus
612 3949 759 4021 traxisse
773 3962 1036 4045 argumentum.
1055 3949 1236 4023 Dominus
1248 3949 1337 4046 ipse,
1349 3973 1491 4022 sorores
1503 3949 1705 4039 carissimae,
1716 3951 1779 4048 qui
1793 3951 1887 4022 sicut
1902 3951 2068 4040 aud'mu's,

483 4066 600 4138 cubile
626 4066 783 4139 hominis
806 4066 959 4138 servavit
978 4065 1264 4157 immaculatum,
1290 4068 1479 4166 proprium
1497 4092 1608 4165 quem
1627 4068 1660 4140 ei
1679 4069 1913 4140 consecrast'n
1933 4069 2071 4142 lectum

483 4185 661 4258 custodiat
675 4185 1013 4274 incontaminatum,
1027 4200 1062 4258 et
1076 4184 1186 4281 longe
1201 4184 1335 4258 avobis
1350 4185 1483 4283 releget
1498 4186 1746 4260 fornicatiouis
1755 4187 1939 4285 spiritum
1961 4187 2073 4284 etqui

483 4304 596 4376 sancti
616 4304 792 4402 propositi
810 4303 914 4376 vobis
932 4303 1118 4401 inspiravit
1138 4303 1378 4394 voluntatem,
1401 4307 1477 4403 ipse
1498 4305 1750 4403 perseverandi
1774 4303 1908 4378 tribuat
1923 4305 2076 4378 faculta-

484 4435 570 4494 tem.
590 4426 715 4494 Arnen.
1787 4419 1793 4434 ’

518 4663 526 4692 “
546 4687 559 4706 ·
569 4663 683 4718 Paruulus
692 4663 759 4714 enim
769 4673 840 4716 natur
851 4671 892 4716 cst
902 4663 998 4718 nobis.»
1011 4663 1097 4731 (latin
1107 4677 1163 4729 cap.
1176 4679 1218 4728 rx,
1228 4680 1252 4714 v.
1263 4666 1338 4730 ta-
1348 4663 1359 4692 ⁹
1369 4665 1459 4720 Palm.
1472 4681 1557 4730 unt,
1568 4681 1591 4718 r.
1605 4666 1663 4717 9.-
1675 4664 1686 4693 ¹
1696 4666 1778 4724 Rom,
1789 4677 1844 4730 rap.
1858 4679 1914 4726 uu,
1928 4679 1957 4714 v.
1972 4667 2018 4716 31.
