4496 6102
726 635 770 710 lN
795 635 954 709 unuln
980 636 1136 710 DOMlNl
1161 635 1323 710 SERMO.
1744 625 1816 698 371

282 784 450 880 'Superest
470 793 608 867 autem,
634 793 672 850 ut
692 780 800 850 tertiae
824 778 1096 878 respondentes,
1117 795 1326 878 praesentem
1344 799 1490 876 operam
1513 795 1815 846 consummemus.

233 906 309 973 Cur
324 898 488 970 videlicet
506 898 681 970 Dominus
704 897 818 996 legem
837 896 981 990 finiens,
1002 913 1038 970 et
1053 899 1283 998 Evangelium
1307 896 1498 986 inchoans,
1523 895 1599 992 ipsa
1616 892 1722 964 etiarn
1740 913 1819 988 quae

237 1021 350 1093 finivit
368 1019 492 1116 legalia
509 1021 679 1118 suscepit,
700 1021 802 1116 quasi
820 1044 887 1092 nos
906 1044 972 1091 suo
990 1019 1184 1092 adhortans
1202 1019 1383 1117 exemplo,
1404 1033 1444 1088 ut
1462 1042 1482 1088 a
1499 1015 1577 1112 lege
1590 1013 1816 1111 incipientes,

237 1139 273 1209 in
292 1139 484 1237 Evangelio
502 1163 807 1228 consummemur,
829 1163 895 1210 nec
914 1139 963 1209 sic
981 1139 1027 1210 ad
1045 1163 1139 1210 nova
1160 1154 1382 1211 transeamus
1399 1146 1635 1222 sacramenta,
1658 1143 1697 1202 ut
1714 1127 1820 1200 dere-

235 1257 438 1358 linquamus
453 1261 609 1357 antiqua.
631 1263 675 1330 Et
689 1260 840 1358 quippe,
857 1273 895 1330 ut
908 1259 1077 1334 Salomon
1090 1261 1172 1332 ait¹:
1192 1289 1208 1328 11
1223 1259 1326 1330 Oculi
1335 1255 1506 1355 sapientis
1519 1255 1555 1324 in
1570 1253 1685 1351 capite
1699 1250 1817 1345 ejus.»

237 1379 344 1466 Quod
358 1381 460 1480 quasi
476 1404 659 1478 exponens
679 1380 896 1478 apostolus':
921 1381 1021 1467 «Qui
1042 1381 1128 1452 dicit
1145 1405 1181 1452 se
1199 1381 1236 1451 in
1256 1380 1413 1469 Christo,
1429 1406 1446 1445 1
1467 1376 1600 1474 inquit,
1623 1403 1642 1442 11
1655 1397 1817 1467 manere,

236 1497 343 1570 debet
355 1499 445 1571 sicut
459 1498 516 1570 ille
529 1497 723 1570 ambulavit
738 1513 773 1570 et
786 1500 861 1597 ipse
876 1498 1071 1572 ambulare.
1086 1529 1103 1566 >r
1118 1502 1215 1571 Sicut
1229 1524 1313 1596 ergo
1328 1499 1520 1587 Dominus,
1532 1497 1597 1593 qui
1609 1495 1690 1566 ait⁸z
1710 1523 1727 1562 11
1741 1498 1819 1566 Non

236 1622 317 1694 veni
336 1620 474 1692 solvere
491 1620 624 1718 legem,
645 1618 707 1691 sed
724 1619 937 1721 adimplere,
951 1647 969 1690 »
988 1635 1071 1721 post
1082 1622 1393 1694 circumcisionem
1412 1619 1566 1717 suscepit
1583 1616 1817 1719 baptismum,

236 1753 317 1836 post
335 1739 461 1810 veteris
480 1735 621 1809 Paschae
639 1735 851 1810 sacrificium
870 1738 1060 1813 celebravit
1078 1764 1234 1829 novum3
1260 1741 1308 1810 ita
1330 1763 1398 1809 nos
1413 1739 1488 1834 ejus
1508 1737 1649 1833 vestigia
1669 1760 1819 1834 sequen·

237 1869 305 1947 tes,
325 1857 371 1928 ab
388 1857 444 1928 his
463 1856 628 1947 minime,
648 1858 804 1955 inquies,
833 1861 1000 1931 convenit
1017 1858 1220 1949 declinare„
1235 1859 1305 1930 Sed
1328 1857 1366 1930 id
1381 1858 1541 1957 profecto
1565 1871 1659 1928 recte
1685 1855 1820 1928 dicere-

237 1991 306 2064 tur,
326 1978 357 2049 si
379 1977 504 2050 eadem
523 2002 620 2049 nunc
642 1979 679 2050 in
700 1978 804 2050 nobis
821 1981 913 2051 ratio
936 1995 1042 2070 esset,
1064 2005 1143 2079 quae
1163 1981 1199 2051 in
1222 1980 1282 2052 illo
1303 1979 1489 2078 quondam
1509 1978 1632 2050 extitit.
1663 1981 1707 2048 Ut
1725 1978 1821 2049 enim

237 2100 444 2174 scandalum
462 2099 672 2191 declinaret,
693 2117 729 2172 et
746 2101 817 2173 hoc
833 2101 953 2200 quoad
971 2125 1175 2200 possemus,
1191 2101 1328 2175 vitandi
1345 2102 1497 2174 formam
1512 2099 1617 2208 nobis
1629 2099 1819 2200 praeberet,

237 2222 382 2318 antiqua
398 2220 554 2320 suscepit
574 2235 805 2292 sacramenta.
830 2220 994 2318 Alioquin
1012 2235 1133 2320 aperte
1151 2246 1231 2293 reus
1254 2220 1339 2318 legis
1359 2220 1574 2309 crederetur,
1596 2233 1631 2290 et
1648 2243 1668 2290 a
1686 2221 1822 2292 semine
1896 2231 1897 2236 ’
1980 2253 1985 2262 ·

237 2338 385 2413 Abrahae
398 2352 433 2410 et
444 2353 520 2410 toto
533 2337 737 2410 ludaeorum
749 2340 885 2438 populo
897 2341 1040 2438 penitus
1051 2339 1203 2431 alienus,
1219 2337 1316 2412 unde
1328 2340 1525 2445 promissus
1538 2338 1818 2436 exspectabatur.

234 2465 338 2530 Juxta
356 2481 511 2554 namque
529 2457 676 2528 Domini
695 2458 923 2546 sententiam,
945 2459 1105 2556 quisquis
1126 2460 1161 2529 in
1184 2457 1252 2530 illis
1271 2460 1500 2530 circumcisus
1522 2483 1596 2530 non
1620 2459 1751 2550 fuerat,
1776 2461 1822 2534 de

233 2579 372 2680 populo
391 2604 457 2651 suo
475 2577 630 2679 peribat,
647 2604 759 2676 quum
777 2581 855 2651 sine
872 2579 944 2651 hoc
964 2595 1187 2651 sacramento
1207 2605 1315 2652 nemo
1334 2594 1420 2652 tunc
1436 2595 1557 2678 posset
1573 2585 1824 2654 connumerari

234 2704 253 2769 J
258 2697 382 2788 udaeis,
404 2698 494 2768 sicut
511 2722 578 2770 nec
597 2696 708 2769 modo
726 2698 803 2768 sine
821 2697 998 2796 baptismo
1017 2697 1229 2770 christianis.
1248 2698 1351 2770 Unde
1367 2713 1402 2769 et
1420 2691 1491 2796 pro
1504 2699 1672 2770 scandalo
1685 2700 1824 2772 Judaeo·

233 2842 314 2888 rum
336 2815 482 2887 vitando
501 2816 538 2886 in
557 2815 707 2887 exordio
729 2817 906 2888 nascentis
928 2815 1109 2906 Ecclesiae,
1135 2815 1300 2887 nondum
1323 2816 1525 2912 evangelica
1546 2819 1691 2891 veritate
1714 2818 1823 2890 robo-

233 2953 330 3024 rata,
351 2938 387 3007 in
408 2951 545 3008 tantum
563 2936 716 3036 apostoli
744 2937 930 3034 superfluis
953 2938 1028 3034 jam
1054 2937 1140 3034 legis
1163 2938 1331 3037 operibus
1350 2937 1591 3036 ‚dispensative
1614 2939 1660 3012 ad
1683 2958 1823 3040 tempus

232 3070 512 3146 consenserunt,
534 3071 574 3126 ut
594 3055 820 3156 Paulusipse
836 3058 1013 3128 maximus
1033 3057 1120 3154 legis
1140 3072 1347 3156 persecutor
1364 3057 1589 3130 Timotheum
1609 3059 1824 3160 discipulum

231 3176 504 3251 circumcideret
512 3180 535 3270 ⁴,
554 3193 589 3250 et
606 3179 681 3278 ipse
698 3178 931 3278 postmodum
945 3203 988 3252 ex
1005 3178 1154 3250 consilio
1174 3178 1313 3272 Jacobi,
1330 3180 1440 3277 etqui
1455 3180 1710 3280 Hierosolymis
1723 3204 1824 3261 erant

233 3298 413 3390 fidelium,
440 3301 628 3400 assumptis
649 3299 864 3397 quibusdam
888 3300 963 3373 aliis
984 3302 1066 3372 viris
1089 3301 1287 3374 secundum
1307 3305 1552 3374 Nazaraeorum
1573 3306 1680 3378 ritum
1703 3307 1824 3381 obser·

233 3446 319 3494 vare
331 3447 369 3493 se
380 3421 494 3520 legem
511 3419 722 3494 exhiberet⁸.
737 3424 808 3509 Qui
820 3439 939 3496 tamen
956 3422 1188 3523 postmodum
1200 3423 1246 3496 de
1257 3424 1333 3523 ipsa
1347 3423 1432 3522 legis
1444 3424 1668 3527 simulatione
1680 3431 1823 3501 Petrum

231 3541 421 3614 manifeste
439 3543 581 3638 arguit⁸,
600 3541 662 3614 ubi
674 3543 749 3638 jam
767 3542 930 3616 videlicet
950 3544 1190 3642 evangelicam
1213 3545 1396 3616 veritatem
1415 3543 1663 3618 confirmatam
1680 3573 1756 3620 esse
1769 3550 1825 3621 in-

230 3661 391 3734 tellexit:
408 3663 556 3736 diversis
572 3665 692 3762 itaque
700 3665 751 3737 de
764 3667 898 3755 causis,
921 3665 985 3739 sed
999 3668 1157 3764 utrisque
1173 3665 1458 3757 rationabilibus,
1477 3670 1573 3740 Deus
1590 3683 1664 3740 tam
1680 3672 1825 3769 antiqua

228 3807 347 3879 quam
370 3806 464 3854 nova
486 3784 640 3882 suscepit
659 3799 892 3857 sacramenta.
917 3783 977 3856 llla
1000 3786 1151 3883 quippe,
1175 3794 1216 3856 ut
1236 3779 1455 3876 dictumest,
1476 3811 1543 3886 pro
1558 3787 1705 3860 vitando
1724 3814 1825 3862 scan-

227 3901 341 3990 dalo,
361 3899 437 3973 baec
457 3902 494 3973 in
517 3917 647 3974 nostrae
667 3903 872 3975 imitationis
884 3902 1062 4003 exemplo
1083 3903 1181 3974 Sicut
1197 3904 1293 3974 enim
1312 3903 1488 3976 mediator
1505 3905 1571 3976 Dei
1589 3922 1624 3979 et
1636 3906 1827 3980 hominum

224 4022 350 4094 factus
368 4021 456 4094 duas
477 4024 513 4094 in
534 4048 573 4095 se
586 4039 736 4112 ‚naturas
751 4022 894 4113 habuit,
916 4022 1074 4095 divinam
1093 4022 1225 4094 scilicet
1242 4037 1348 4120 atque
1366 4023 1578 4116 humanam,
1596 4050 1685 4122 quas
1701 4053 1827 4099 recon-

222 4141 357 4214 ciliare
378 4143 494 4214 venit:
512 4144 561 4214 ita
581 4143 673 4215 duos
692 4143 846 4242 populos
866 4141 934 4216 sibi
952 4125 1191 4240 conjungens,
1208 4157 1244 4214 et
1263 4145 1365 4241 quasi
1383 4142 1474 4215 duos
1490 4145 1642 4242 parietes
1657 4145 1746 4243 lapis
1762 4171 1826 4218 an-

219 4261 368 4360 gularis
381 4261 567 4361 colligans,
584 4278 657 4335 tam
675 4265 839 4364 priorum
854 4263 1014 4336 fidelium
1028 4288 1137 4360 quam
1153 4265 1394 4364 posteriorum
1412 4281 1632 4337 sacramenta
1648 4267 1821 4366 suscepit:

219 4398 272 4455 ut
292 4382 393 4479 juxta
413 4382 500 4457 illud
516 4383 675 4483 Apostoli
682 4389 704 4476 ⁷,
727 4413 744 4454 11
760 4383 929 4456 omnibus
945 4385 1067 4456 omnia
1085 4384 1219 4477 factus²
1237 4409 1364 4457 omnes
1385 4384 1649 4458 lucrifaceret.»
1674 4388 1711 4458 Si
1730 4389 1827 4459 enim

216 4528 269 4576 se
286 4526 310 4572 a
323 4503 555 4576 sacramentis
572 4503 776 4576 Judaeorum
797 4503 1008 4576 subtrahens
1029 4528 1091 4575 eos
1110 4503 1379 4595 scandalizaret,
1399 4505 1511 4602 magis
1531 4505 1594 4577 eos'
1613 4530 1634 4576 a
1653 4530 1691 4578 se
1713 4505 1828 4606 repel-

214 4623 344 4713 leret,
362 4647 471 4720 quarn
485 4622 554 4696 sibi
565 4623 733 4696 alliceret.
750 4624 918 4722 Quisquis
932 4625 1029 4696 enim
1042 4623 1088 4696 ab
1101 4623 1157 4696 his
1170 4624 1263 4697 inter
1276 4650 1367 4724 quos
1380 4625 1483 4717 vivit,
1500 4624 1705 4700 dissimilem
1719 4628 1828 4699 vitam

212 4743 353 4841 eligit,
383 4744 495 4841 magis
519 4769 646 4816 eorum
669 4743 940 4818 fanffliaritatem
965 4743 1031 4817 sibi
1055 4744 1159 4817 tollit.
1186 4744 1290 4818 Unde
1312 4761 1347 4818 et
1368 4746 1485 4844 angeli
1509 4746 1717 4820 hominibus
1742 4748 1829 4820 olim

211 4880 472 4966 apparentes,
488 4891 600 4964 quum
615 4891 682 4938 nec
693 4864 850 4964 hospitio
869 4891 935 4940 nec
953 4865 1035 4939 cibo
1052 4881 1212 4965 egerent,
1226 4865 1303 4940 haec
1319 4882 1439 4940 tamen
1458 4893 1525 4967 pro
1544 4871 1749 4942 necessitate
1766 4897 1831 4970 po-

255 5081 266 5108 ¹
295 5081 401 5142 Recte„
413 5097 468 5148 cap.
483 5099 550 5146 11,1.
566 5086 606 5136 11.
615 5082 668 5121 -“
681 5083 751 5137 Joau.
763 5085 791 5148 l,
806 5099 861 5153 cap.
876 5101 944 5147 11,1.
959 5087 1018 5136 6.-
1059 5101 1084 5136 1.
1101 5087 1139 5138 n.
1151 5113 1184 5124 -
1197 5085 1206 5112 ³
1221 5085 1357 5139 «Omnibus
1368 5087 1449 5138 omnia
1459 5085 1539 5139 factus
1550 5103 1619 5150 111111,
1631 5099 1658 5140 ut
1671 5097 1756 5141 mnes
1765 5088 1832 5140 lace-

206 5169 224 5197 *
249 5167 440 5233 1111111.,1ερ.
456 5184 479 5229 1,
496 5183 519 5218 v.
535 5167 1018 5237 tt.-⁴Act.Apost.,cap.xu‚nt.
1059 5172 1516 5240 1111111111.ι((1111111.,οαρ.11.1.
1530 5171 1601 5238 22.)·
1642 5194 1654 5220 ι

209 5282 251 5294 -
269 5253 284 5280 ⁸
300 5250 383 5312 111111,
399 5268 454 5318 cap.
477 5269 560 5314 11,1.
584 5255 611 5303 13
630 5263 655 5304 et
672 5269 743 5320 sq·
763 5254 881 5315 ‘Gutum
902 5272 958 5322 cap.
983 5273 1018 5322 11,

361 5355 372 5399 1
1667 5342 1710 5403 48
