<?xml version="1.0" encoding="UTF-8"?>
<!DOCTYPE html PUBLIC "-//W3C//DTD XHTML 1.0 Transitional//EN"
    "http://www.w3.org/TR/xhtml1/DTD/xhtml1-transitional.dtd">
<html xmlns="http://www.w3.org/1999/xhtml" xml:lang="en" lang="en">
 <head>
  <title>
</title>
<meta http-equiv="Content-Type" content="text/html;charset=utf-8" />
  <meta name='ocr-system' content='tesseract 3.04.00' />
  <meta name='ocr-capabilities' content='ocr_page ocr_carea ocr_par ocr_line ocrx_word'/>
</head>
<body>
  <div class='ocr_page' id='page_1' title='image "./petriablardiope01despgoog_0215.png"; bbox 0 0 4520 6104; ppageno 0'>
   <div class='ocr_carea' id='block_1_1' title="bbox 492 629 1636 702">
    <p class='ocr_par' dir='ltr' id='par_1_1' title="bbox 492 629 1636 702">
     <span class='ocr_line' id='line_1_1' title="bbox 492 629 1636 702; baseline 0.001 -3"><span class='ocrx_word' id='word_1_1' title='bbox 492 633 562 700; x_wconf 77' lang='lat'>200</span> <span class='ocrx_word' id='word_1_2' title='bbox 918 629 1045 701; x_wconf 78' lang='lat' dir='ltr'>PE&#39;l&#39;Rl</span> <span class='ocrx_word' id='word_1_3' title='bbox 1073 630 1305 702; x_wconf 72' lang='lat' dir='ltr'>tumultun</span> <span class='ocrx_word' id='word_1_4' title='bbox 1332 631 1386 700; x_wconf 86' lang='grc' dir='ltr'>ΕΤ</span> <span class='ocrx_word' id='word_1_5' title='bbox 1411 629 1636 701; x_wconf 83' lang='lat' dir='ltr'>HELOlSSAE</span> 
     </span>
    </p>
   </div>
   <div class='ocr_carea' id='block_1_2' title="bbox 489 767 2178 5048">
    <p class='ocr_par' dir='ltr' id='par_1_2' title="bbox 489 767 2178 5048">
     <span class='ocr_line' id='line_1_2' title="bbox 489 767 2059 868; baseline 0.001 -31"><span class='ocrx_word' id='word_1_6' title='bbox 489 769 605 864; x_wconf 90' lang='lat' dir='ltr'>ipsum</span> <span class='ocrx_word' id='word_1_7' title='bbox 622 768 689 840; x_wconf 90' lang='lat' dir='ltr'>illis</span> <span class='ocrx_word' id='word_1_8' title='bbox 707 783 759 840; x_wconf 90' lang='lat' dir='ltr'>cst</span> <span class='ocrx_word' id='word_1_9' title='bbox 778 769 914 855; x_wconf 89' lang='lat' dir='ltr'>cultus,</span> <span class='ocrx_word' id='word_1_10' title='bbox 935 769 1035 866; x_wconf 92' lang='lat' dir='ltr'>quod</span> <span class='ocrx_word' id='word_1_11' title='bbox 1054 787 1136 842; x_wconf 92' lang='lat' dir='ltr'>sunt</span> <span class='ocrx_word' id='word_1_12' title='bbox 1149 771 1300 842; x_wconf 86' lang='lat' dir='ltr'>incultae.</span> <span class='ocrx_word' id='word_1_13' title='bbox 1318 775 1547 868; x_wconf 87' lang='lat' dir='ltr'>Quaecunque</span> <span class='ocrx_word' id='word_1_14' title='bbox 1561 771 1666 867; x_wconf 87' lang='lat' dir='ltr'>igitur</span> <span class='ocrx_word' id='word_1_15' title='bbox 1679 769 1775 842; x_wconf 89' lang='lat' dir='ltr'>hunc</span> <span class='ocrx_word' id='word_1_16' title='bbox 1786 769 1919 868; x_wconf 83' lang='lat' dir='ltr'>appetit</span> <span class='ocrx_word' id='word_1_17' title='bbox 1931 767 2059 843; x_wconf 89' lang='lat' dir='ltr'>cultum</span> 
     </span>
     <span class='ocr_line' id='line_1_3' title="bbox 491 888 2057 990; baseline 0.003 -35"><span class='ocrx_word' id='word_1_18' title='bbox 491 888 543 958; x_wconf 90' lang='lat' dir='ltr'>vel</span> <span class='ocrx_word' id='word_1_19' title='bbox 567 913 639 960; x_wconf 91' lang='lat' dir='ltr'>non</span> <span class='ocrx_word' id='word_1_20' title='bbox 659 891 775 963; x_wconf 85' lang='lat' dir='ltr'>renuit</span> <span class='ocrx_word' id='word_1_21' title='bbox 794 889 975 980; x_wconf 87' lang='lat' dir='ltr'>oblatum,</span> <span class='ocrx_word' id='word_1_22' title='bbox 997 893 1165 964; x_wconf 87' lang='lat' dir='ltr'>castitatis</span> <span class='ocrx_word' id='word_1_23' title='bbox 1186 891 1303 990; x_wconf 81' lang='lat' dir='ltr'>perdit</span> <span class='ocrx_word' id='word_1_24' title='bbox 1323 893 1577 964; x_wconf 89' lang='lat' dir='ltr'>testimonium.</span> <span class='ocrx_word' id='word_1_25' title='bbox 1599 895 1643 963; x_wconf 83' lang='lat' dir='ltr'>Et</span> <span class='ocrx_word' id='word_1_26' title='bbox 1661 913 1882 988; x_wconf 66' lang='lat' dir='ltr'>quacunque</span> <span class='ocrx_word' id='word_1_27' title='bbox 1895 888 1972 961; x_wconf 89' lang='lat' dir='ltr'>talis</span> <span class='ocrx_word' id='word_1_28' title='bbox 1985 905 2057 975; x_wconf 91' lang='lat' dir='ltr'>est,</span> 
     </span>
     <span class='ocr_line' id='line_1_4' title="bbox 489 1007 2059 1108; baseline 0.001 -31"><span class='ocrx_word' id='word_1_29' title='bbox 489 1033 563 1078; x_wconf 92' lang='lat' dir='ltr'>non</span> <span class='ocrx_word' id='word_1_30' title='bbox 583 1033 620 1078; x_wconf 89' lang='lat' dir='ltr'>se</span> <span class='ocrx_word' id='word_1_31' title='bbox 638 1008 799 1106; x_wconf 78' lang='lat' dir='ltr'>religioni</span> <span class='ocrx_word' id='word_1_32' title='bbox 815 1035 1033 1108; x_wconf 77' lang='lat' dir='ltr'>praeparare,</span> <span class='ocrx_word' id='word_1_33' title='bbox 1063 1010 1124 1082; x_wconf 88' lang='lat' dir='ltr'>sed</span> <span class='ocrx_word' id='word_1_34' title='bbox 1144 1011 1367 1087; x_wconf 79' lang='lat' dir='ltr'>fornicationi</span> <span class='ocrx_word' id='word_1_35' title='bbox 1383 1011 1566 1099; x_wconf 88' lang='lat' dir='ltr'>credatur,</span> <span class='ocrx_word' id='word_1_36' title='bbox 1593 1023 1751 1082; x_wconf 87' lang='lat' dir='ltr'>nectam</span> <span class='ocrx_word' id='word_1_37' title='bbox 1769 1007 1931 1080; x_wconf 89' lang='lat' dir='ltr'>monialis</span> <span class='ocrx_word' id='word_1_38' title='bbox 1957 1031 2059 1104; x_wconf 91' lang='lat' dir='ltr'>quam</span> 
     </span>
     <span class='ocr_line' id='line_1_5' title="bbox 491 1128 2062 1230; baseline 0 -32"><span class='ocrx_word' id='word_1_39' title='bbox 491 1130 653 1200; x_wconf 74' lang='lat' dir='ltr'>meretrix</span> <span class='ocrx_word' id='word_1_40' title='bbox 674 1145 871 1219; x_wconf 80' lang='lat' dir='ltr'>censeatur,</span> <span class='ocrx_word' id='word_1_41' title='bbox 892 1131 949 1202; x_wconf 91' lang='lat' dir='ltr'>cui</span> <span class='ocrx_word' id='word_1_42' title='bbox 966 1147 1001 1202; x_wconf 87' lang='lat' dir='ltr'>et</span> <span class='ocrx_word' id='word_1_43' title='bbox 1019 1131 1094 1230; x_wconf 90' lang='lat' dir='ltr'>ipse</span> <span class='ocrx_word' id='word_1_44' title='bbox 1113 1130 1229 1202; x_wconf 91' lang='lat' dir='ltr'>cultus</span> <span class='ocrx_word' id='word_1_45' title='bbox 1250 1147 1304 1204; x_wconf 90' lang='lat' dir='ltr'>est</span> <span class='ocrx_word' id='word_1_46' title='bbox 1321 1146 1492 1227; x_wconf 87' lang='lat' dir='ltr'>tanquam</span> <span class='ocrx_word' id='word_1_47' title='bbox 1507 1129 1647 1202; x_wconf 89' lang='lat' dir='ltr'>lenonis</span> <span class='ocrx_word' id='word_1_48' title='bbox 1667 1129 1908 1226; x_wconf 75' lang='lat' dir='ltr'>praeconium,</span> <span class='ocrx_word' id='word_1_49' title='bbox 1929 1129 1990 1224; x_wconf 92' lang='lat' dir='ltr'>qui</span> <span class='ocrx_word' id='word_1_50' title='bbox 2014 1128 2062 1198; x_wconf 89' lang='lat' dir='ltr'>in·</span> 
     </span>
     <span class='ocr_line' id='line_1_6' title="bbox 490 1247 2063 1348; baseline -0.002 -29"><span class='ocrx_word' id='word_1_51' title='bbox 490 1265 626 1322; x_wconf 90' lang='lat' dir='ltr'>cestum</span> <span class='ocrx_word' id='word_1_52' title='bbox 645 1250 763 1347; x_wconf 89' lang='lat' dir='ltr'>prodit</span> <span class='ocrx_word' id='word_1_53' title='bbox 781 1252 960 1338; x_wconf 89' lang='lat' dir='ltr'>animum,</span> <span class='ocrx_word' id='word_1_54' title='bbox 981 1253 1070 1322; x_wconf 91' lang='lat' dir='ltr'>sicut</span> <span class='ocrx_word' id='word_1_55' title='bbox 1088 1252 1257 1348; x_wconf 90' lang='lat' dir='ltr'>scriptum</span> <span class='ocrx_word' id='word_1_56' title='bbox 1278 1257 1351 1323; x_wconf 87' lang='lat' dir='ltr'>est¹</span> <span class='ocrx_word' id='word_1_57' title='bbox 1374 1280 1382 1322; x_wconf 74' lang='grc' dir='ltr'><strong><em>ε</em></strong></span> <span class='ocrx_word' id='word_1_58' title='bbox 1406 1281 1423 1318; x_wconf 95' lang='grc' dir='ltr'>ιι</span> <span class='ocrx_word' id='word_1_59' title='bbox 1443 1251 1598 1322; x_wconf 79' lang='lat' dir='ltr'>Amictus</span> <span class='ocrx_word' id='word_1_60' title='bbox 1616 1249 1796 1346; x_wconf 84' lang='lat' dir='ltr'>corporis,</span> <span class='ocrx_word' id='word_1_61' title='bbox 1819 1263 1855 1320; x_wconf 89' lang='lat' dir='ltr'>et</span> <span class='ocrx_word' id='word_1_62' title='bbox 1872 1249 1962 1319; x_wconf 88' lang='lat' dir='ltr'>risus</span> <span class='ocrx_word' id='word_1_63' title='bbox 1981 1247 2063 1318; x_wconf 87' lang='lat' dir='ltr'>den·</span> 
     </span>
     <span class='ocr_line' id='line_1_7' title="bbox 491 1369 2178 1466; baseline 0.003 -28"><span class='ocrx_word' id='word_1_64' title='bbox 491 1371 602 1455; x_wconf 92' lang='lat' dir='ltr'>tium,</span> <span class='ocrx_word' id='word_1_65' title='bbox 628 1385 663 1442; x_wconf 88' lang='lat' dir='ltr'>et</span> <span class='ocrx_word' id='word_1_66' title='bbox 681 1371 857 1466; x_wconf 87' lang='lat' dir='ltr'>ingressus</span> <span class='ocrx_word' id='word_1_67' title='bbox 873 1371 1030 1444; x_wconf 87' lang='lat' dir='ltr'>hominis</span> <span class='ocrx_word' id='word_1_68' title='bbox 1047 1371 1233 1444; x_wconf 89' lang='lat' dir='ltr'>enuntiant</span> <span class='ocrx_word' id='word_1_69' title='bbox 1248 1370 1294 1442; x_wconf 90' lang='lat' dir='ltr'>dc</span> <span class='ocrx_word' id='word_1_70' title='bbox 1317 1371 1391 1443; x_wconf 92' lang='lat' dir='ltr'>illo.</span> <span class='ocrx_word' id='word_1_71' title='bbox 1411 1399 1429 1440; x_wconf 78' lang='lat' dir='ltr'>a</span> <span class='ocrx_word' id='word_1_72' title='bbox 1452 1371 1615 1466; x_wconf 79' lang='lat' dir='ltr'>[egimus</span> <span class='ocrx_word' id='word_1_73' title='bbox 1634 1369 1829 1440; x_wconf 88' lang='lat' dir='ltr'>Dominum</span> <span class='ocrx_word' id='word_1_74' title='bbox 1848 1369 1883 1438; x_wconf 92' lang='lat' dir='ltr'>in</span> <span class='ocrx_word' id='word_1_75' title='bbox 1906 1372 2060 1454; x_wconf 90' lang='lat' dir='ltr'>loanne,</span> <span class='ocrx_word' id='word_1_76' title='bbox 2174 1431 2178 1443; x_wconf 95' lang='lat'>.</span> 
     </span>
     <span class='ocr_line' id='line_1_8' title="bbox 493 1489 2063 1589; baseline 0.001 -31"><span class='ocrx_word' id='word_1_77' title='bbox 493 1504 528 1558; x_wconf 91' lang='lat' dir='ltr'>ut</span> <span class='ocrx_word' id='word_1_78' title='bbox 543 1489 618 1585; x_wconf 89' lang='lat' dir='ltr'>jam</span> <span class='ocrx_word' id='word_1_79' title='bbox 636 1513 742 1586; x_wconf 90' lang='lat' dir='ltr'>supra</span> <span class='ocrx_word' id='word_1_80' title='bbox 758 1491 1004 1580; x_wconf 88' lang='lat' dir='ltr'>meminimus,</span> <span class='ocrx_word' id='word_1_81' title='bbox 1028 1490 1196 1564; x_wconf 86' lang='lat' dir='ltr'>vilitatem</span> <span class='ocrx_word' id='word_1_82' title='bbox 1213 1515 1275 1562; x_wconf 91' lang='lat' dir='ltr'>seu</span> <span class='ocrx_word' id='word_1_83' title='bbox 1295 1492 1519 1589; x_wconf 74' lang='lat' dir='ltr'>asperitatem</span> <span class='ocrx_word' id='word_1_84' title='bbox 1540 1491 1689 1564; x_wconf 85' lang='lat' dir='ltr'>vestium</span> <span class='ocrx_word' id='word_1_85' title='bbox 1714 1490 1831 1588; x_wconf 87' lang='lat' dir='ltr'>potius</span> <span class='ocrx_word' id='word_1_86' title='bbox 1852 1512 1961 1586; x_wconf 88' lang='lat' dir='ltr'>quam</span> <span class='ocrx_word' id='word_1_87' title='bbox 1979 1511 2063 1560; x_wconf 78' lang='lat' dir='ltr'>esce</span> 
     </span>
     <span class='ocr_line' id='line_1_9' title="bbox 491 1608 2063 1708; baseline -0.002 -31"><span class='ocrx_word' id='word_1_88' title='bbox 491 1608 760 1680; x_wconf 79' lang='lat' dir='ltr'>commendasse</span> <span class='ocrx_word' id='word_1_89' title='bbox 782 1625 887 1707; x_wconf 87' lang='lat' dir='ltr'>atque</span> <span class='ocrx_word' id='word_1_90' title='bbox 912 1610 1097 1684; x_wconf 86' lang='lat' dir='ltr'>laudasse:</span> <span class='ocrx_word' id='word_1_91' title='bbox 1118 1639 1137 1678; x_wconf 93' lang='grc' dir='ltr'>ιι</span> <span class='ocrx_word' id='word_1_92' title='bbox 1150 1610 1246 1698; x_wconf 90' lang='lat' dir='ltr'>Quid</span> <span class='ocrx_word' id='word_1_93' title='bbox 1260 1612 1409 1700; x_wconf 89' lang='lat' dir='ltr'>exiistis,</span> <span class='ocrx_word' id='word_1_94' title='bbox 1429 1639 1447 1678; x_wconf 78' lang='lat' dir='ltr'>a</span> <span class='ocrx_word' id='word_1_95' title='bbox 1463 1611 1622 1708; x_wconf 81' lang='lat' dir='ltr'>inquit²,</span> <span class='ocrx_word' id='word_1_96' title='bbox 1647 1639 1665 1677; x_wconf 92' lang='grc' dir='ltr'>ιι</span> <span class='ocrx_word' id='word_1_97' title='bbox 1680 1610 1716 1680; x_wconf 92' lang='lat' dir='ltr'>in</span> <span class='ocrx_word' id='word_1_98' title='bbox 1730 1609 1908 1683; x_wconf 89' lang='lat' dir='ltr'>desertum</span> <span class='ocrx_word' id='word_1_99' title='bbox 1922 1608 2063 1682; x_wconf 84' lang='lat' dir='ltr'>videre?</span> 
     </span>
     <span class='ocr_line' id='line_1_10' title="bbox 492 1727 2066 1827; baseline 0.001 -32"><span class='ocrx_word' id='word_1_100' title='bbox 492 1727 675 1798; x_wconf 88' lang='lat' dir='ltr'>bominem</span> <span class='ocrx_word' id='word_1_101' title='bbox 694 1727 859 1802; x_wconf 89' lang='lat' dir='ltr'>mollibus</span> <span class='ocrx_word' id='word_1_102' title='bbox 878 1729 1070 1802; x_wconf 84' lang='lat' dir='ltr'>vestitum?</span> <span class='ocrx_word' id='word_1_103' title='bbox 1088 1758 1106 1797; x_wconf 76' lang='lat' dir='ltr'>a</span> <span class='ocrx_word' id='word_1_104' title='bbox 1132 1729 1245 1802; x_wconf 86' lang='lat' dir='ltr'>Habet</span> <span class='ocrx_word' id='word_1_105' title='bbox 1267 1731 1362 1802; x_wconf 93' lang='lat' dir='ltr'>enim</span> <span class='ocrx_word' id='word_1_106' title='bbox 1385 1754 1647 1827; x_wconf 88' lang='lat' dir='ltr'>nonnunquam</span> <span class='ocrx_word' id='word_1_107' title='bbox 1664 1753 1749 1802; x_wconf 88' lang='lat' dir='ltr'>usus</span> <span class='ocrx_word' id='word_1_108' title='bbox 1767 1729 2004 1826; x_wconf 86' lang='lat' dir='ltr'>pretiosorum</span> <span class='ocrx_word' id='word_1_109' title='bbox 2018 1728 2066 1796; x_wconf 91' lang='lat' dir='ltr'>ci·</span> 
     </span>
     <span class='ocr_line' id='line_1_11' title="bbox 493 1846 2067 1948; baseline 0.002 -31"><span class='ocrx_word' id='word_1_110' title='bbox 493 1847 621 1918; x_wconf 89' lang='lat' dir='ltr'>borum</span> <span class='ocrx_word' id='word_1_111' title='bbox 641 1847 763 1920; x_wconf 90' lang='lat' dir='ltr'>utilem</span> <span class='ocrx_word' id='word_1_112' title='bbox 777 1848 932 1946; x_wconf 85' lang='lat' dir='ltr'>aliquam</span> <span class='ocrx_word' id='word_1_113' title='bbox 943 1847 1267 1948; x_wconf 81' lang='lat' dir='ltr'>dispensationem„</span> <span class='ocrx_word' id='word_1_114' title='bbox 1281 1849 1344 1922; x_wconf 89' lang='lat' dir='ltr'>sed</span> <span class='ocrx_word' id='word_1_115' title='bbox 1355 1851 1504 1922; x_wconf 87' lang='lat' dir='ltr'>vestium</span> <span class='ocrx_word' id='word_1_116' title='bbox 1518 1849 1665 1921; x_wconf 89' lang='lat' dir='ltr'>nullam.</span> <span class='ocrx_word' id='word_1_117' title='bbox 1682 1853 1769 1936; x_wconf 82' lang='lat' dir='ltr'>Quae</span> <span class='ocrx_word' id='word_1_118' title='bbox 1781 1846 1943 1921; x_wconf 88' lang='lat' dir='ltr'>videlicet</span> <span class='ocrx_word' id='word_1_119' title='bbox 1955 1861 2067 1924; x_wconf 84' lang='lat' dir='ltr'>vestes</span> 
     </span>
     <span class='ocr_line' id='line_1_12' title="bbox 492 1963 2066 2064; baseline -0.001 -27"><span class='ocrx_word' id='word_1_120' title='bbox 492 1982 626 2063; x_wconf 91' lang='lat' dir='ltr'>quanto</span> <span class='ocrx_word' id='word_1_121' title='bbox 656 1982 737 2038; x_wconf 88' lang='lat' dir='ltr'>sunt</span> <span class='ocrx_word' id='word_1_122' title='bbox 765 1969 1010 2064; x_wconf 84' lang='lat' dir='ltr'>pretiosiores,</span> <span class='ocrx_word' id='word_1_123' title='bbox 1043 1982 1141 2040; x_wconf 86' lang='lat' dir='ltr'>tanto</span> <span class='ocrx_word' id='word_1_124' title='bbox 1161 1969 1275 2039; x_wconf 88' lang='lat' dir='ltr'>carius</span> <span class='ocrx_word' id='word_1_125' title='bbox 1295 1968 1565 2059; x_wconf 87' lang='lat' dir='ltr'>custodiuntur,</span> <span class='ocrx_word' id='word_1_126' title='bbox 1591 1982 1625 2040; x_wconf 92' lang='lat' dir='ltr'>et</span> <span class='ocrx_word' id='word_1_127' title='bbox 1655 1968 1772 2042; x_wconf 86' lang='lat' dir='ltr'>minus</span> <span class='ocrx_word' id='word_1_128' title='bbox 1792 1963 2005 2064; x_wconf 80' lang='lat' dir='ltr'>proliciunt,</span> <span class='ocrx_word' id='word_1_129' title='bbox 2035 1979 2066 2036; x_wconf 93' lang='lat' dir='ltr'>et</span> 
     </span>
     <span class='ocr_line' id='line_1_13' title="bbox 492 2086 2068 2185; baseline -0.001 -28"><span class='ocrx_word' id='word_1_130' title='bbox 492 2101 671 2158; x_wconf 89' lang='lat' dir='ltr'>ementem</span> <span class='ocrx_word' id='word_1_131' title='bbox 691 2087 842 2185; x_wconf 89' lang='lat' dir='ltr'>amplius</span> <span class='ocrx_word' id='word_1_132' title='bbox 867 2103 1034 2184; x_wconf 89' lang='lat' dir='ltr'>gravant,</span> <span class='ocrx_word' id='word_1_133' title='bbox 1056 2102 1092 2160; x_wconf 88' lang='lat' dir='ltr'>et</span> <span class='ocrx_word' id='word_1_134' title='bbox 1110 2111 1181 2185; x_wconf 80' lang='lat' dir='ltr'>prae</span> <span class='ocrx_word' id='word_1_135' title='bbox 1202 2087 1391 2161; x_wconf 78' lang='lat' dir='ltr'>subtilitate</span> <span class='ocrx_word' id='word_1_136' title='bbox 1411 2088 1465 2159; x_wconf 89' lang='lat' dir='ltr'>sui</span> <span class='ocrx_word' id='word_1_137' title='bbox 1487 2086 1621 2159; x_wconf 87' lang='lat' dir='ltr'>facilius</span> <span class='ocrx_word' id='word_1_138' title='bbox 1640 2101 1789 2184; x_wconf 90' lang='lat' dir='ltr'>possunt</span> <span class='ocrx_word' id='word_1_139' title='bbox 1809 2087 2013 2184; x_wconf 89' lang='lat' dir='ltr'>corrumpi,</span> <span class='ocrx_word' id='word_1_140' title='bbox 2036 2101 2068 2156; x_wconf 87' lang='lat' dir='ltr'>et</span> 
     </span>
     <span class='ocr_line' id='line_1_14' title="bbox 492 2205 2067 2305; baseline 0 -29"><span class='ocrx_word' id='word_1_141' title='bbox 492 2210 609 2280; x_wconf 87' lang='lat' dir='ltr'>minus</span> <span class='ocrx_word' id='word_1_142' title='bbox 629 2207 772 2304; x_wconf 81' lang='lat' dir='ltr'>corpori</span> <span class='ocrx_word' id='word_1_143' title='bbox 790 2205 947 2305; x_wconf 86' lang='lat' dir='ltr'>praebent</span> <span class='ocrx_word' id='word_1_144' title='bbox 966 2207 1126 2279; x_wconf 84' lang='lat' dir='ltr'>lomenti.</span> <span class='ocrx_word' id='word_1_145' title='bbox 1149 2206 1240 2278; x_wconf 90' lang='lat' dir='ltr'>Nulli</span> <span class='ocrx_word' id='word_1_146' title='bbox 1266 2232 1352 2280; x_wconf 84' lang='lat' dir='ltr'>vero</span> <span class='ocrx_word' id='word_1_147' title='bbox 1371 2208 1479 2305; x_wconf 91' lang='lat' dir='ltr'>panni</span> <span class='ocrx_word' id='word_1_148' title='bbox 1503 2208 1613 2304; x_wconf 89' lang='lat' dir='ltr'>magis</span> <span class='ocrx_word' id='word_1_149' title='bbox 1635 2229 1743 2303; x_wconf 86' lang='lat' dir='ltr'>quam</span> <span class='ocrx_word' id='word_1_150' title='bbox 1769 2205 1859 2302; x_wconf 83' lang='lat' dir='ltr'>nigri</span> <span class='ocrx_word' id='word_1_151' title='bbox 1883 2205 2067 2301; x_wconf 74' lang='lat' dir='ltr'>lugubrem</span> 
     </span>
     <span class='ocr_line' id='line_1_15' title="bbox 492 2324 2066 2424; baseline -0.001 -26"><span class='ocrx_word' id='word_1_152' title='bbox 492 2328 705 2424; x_wconf 73' lang='lat' dir='ltr'>poenitentiae</span> <span class='ocrx_word' id='word_1_153' title='bbox 721 2326 882 2398; x_wconf 88' lang='lat' dir='ltr'>habiturn</span> <span class='ocrx_word' id='word_1_154' title='bbox 904 2326 1052 2406; x_wconf 82' lang='lat' dir='ltr'>decent,</span> <span class='ocrx_word' id='word_1_155' title='bbox 1074 2351 1140 2398; x_wconf 88' lang='lat' dir='ltr'>nec</span> <span class='ocrx_word' id='word_1_156' title='bbox 1158 2326 1248 2398; x_wconf 89' lang='lat' dir='ltr'>adeo</span> <span class='ocrx_word' id='word_1_157' title='bbox 1267 2329 1405 2424; x_wconf 87' lang='lat' dir='ltr'>sponsis</span> <span class='ocrx_word' id='word_1_158' title='bbox 1428 2326 1555 2400; x_wconf 88' lang='lat' dir='ltr'>Christi</span> <span class='ocrx_word' id='word_1_159' title='bbox 1573 2325 1682 2424; x_wconf 82' lang='lat' dir='ltr'>pelles</span> <span class='ocrx_word' id='word_1_160' title='bbox 1695 2324 1820 2422; x_wconf 75' lang='lat' dir='ltr'>atique</span> <span class='ocrx_word' id='word_1_161' title='bbox 1836 2325 2066 2412; x_wconf 89' lang='lat' dir='ltr'>conveniunt,</span> 
     </span>
     <span class='ocr_line' id='line_1_16' title="bbox 491 2443 2067 2546; baseline -0.001 -30"><span class='ocrx_word' id='word_1_162' title='bbox 491 2449 579 2518; x_wconf 88' lang='lat' dir='ltr'>sicut</span> <span class='ocrx_word' id='word_1_163' title='bbox 598 2447 755 2542; x_wconf 74' lang='lat' dir='ltr'>agninae:</span> <span class='ocrx_word' id='word_1_164' title='bbox 774 2461 813 2516; x_wconf 91' lang='lat' dir='ltr'>ut</span> <span class='ocrx_word' id='word_1_165' title='bbox 830 2448 909 2546; x_wconf 90' lang='lat' dir='ltr'>ipso</span> <span class='ocrx_word' id='word_1_166' title='bbox 928 2471 1072 2542; x_wconf 90' lang='lat' dir='ltr'>quoque</span> <span class='ocrx_word' id='word_1_167' title='bbox 1088 2445 1210 2519; x_wconf 90' lang='lat' dir='ltr'>habitu</span> <span class='ocrx_word' id='word_1_168' title='bbox 1235 2469 1365 2542; x_wconf 88' lang='lat' dir='ltr'>agnum</span> <span class='ocrx_word' id='word_1_169' title='bbox 1384 2471 1557 2544; x_wconf 88' lang='lat' dir='ltr'>sponsum</span> <span class='ocrx_word' id='word_1_170' title='bbox 1575 2446 1750 2542; x_wconf 84' lang='lat' dir='ltr'>virginum</span> <span class='ocrx_word' id='word_1_171' title='bbox 1773 2443 1906 2516; x_wconf 86' lang='lat' dir='ltr'>indutae</span> <span class='ocrx_word' id='word_1_172' title='bbox 1924 2443 2067 2516; x_wconf 85' lang='lat' dir='ltr'>videan-</span> 
     </span>
     <span class='ocr_line' id='line_1_17' title="bbox 491 2561 2070 2655; baseline 0 -22"><span class='ocrx_word' id='word_1_173' title='bbox 491 2579 570 2655; x_wconf 89' lang='lat' dir='ltr'>tur,</span> <span class='ocrx_word' id='word_1_174' title='bbox 594 2562 649 2635; x_wconf 91' lang='lat' dir='ltr'>vel</span> <span class='ocrx_word' id='word_1_175' title='bbox 670 2563 818 2637; x_wconf 85' lang='lat' dir='ltr'>induere</span> <span class='ocrx_word' id='word_1_176' title='bbox 838 2579 1061 2637; x_wconf 87' lang='lat' dir='ltr'>moneantur.</span> <span class='ocrx_word' id='word_1_177' title='bbox 1086 2563 1169 2638; x_wconf 86' lang='lat' dir='ltr'>Vela</span> <span class='ocrx_word' id='word_1_178' title='bbox 1189 2589 1274 2636; x_wconf 88' lang='lat' dir='ltr'>vero</span> <span class='ocrx_word' id='word_1_179' title='bbox 1293 2587 1416 2636; x_wconf 91' lang='lat' dir='ltr'>earum</span> <span class='ocrx_word' id='word_1_180' title='bbox 1435 2589 1508 2636; x_wconf 91' lang='lat' dir='ltr'>non</span> <span class='ocrx_word' id='word_1_181' title='bbox 1528 2563 1573 2635; x_wconf 91' lang='lat' dir='ltr'>de</span> <span class='ocrx_word' id='word_1_182' title='bbox 1592 2565 1724 2653; x_wconf 91' lang='lat' dir='ltr'>serico,</span> <span class='ocrx_word' id='word_1_183' title='bbox 1745 2564 1808 2636; x_wconf 84' lang='lat' dir='ltr'>sed</span> <span class='ocrx_word' id='word_1_184' title='bbox 1823 2562 1869 2635; x_wconf 90' lang='lat' dir='ltr'>de</span> <span class='ocrx_word' id='word_1_185' title='bbox 1885 2565 1995 2634; x_wconf 89' lang='lat' dir='ltr'>tincto</span> <span class='ocrx_word' id='word_1_186' title='bbox 2009 2561 2070 2636; x_wconf 90' lang='lat' dir='ltr'>ali-</span> 
     </span>
     <span class='ocr_line' id='line_1_18' title="bbox 491 2683 2071 2782; baseline -0.001 -26"><span class='ocrx_word' id='word_1_187' title='bbox 491 2711 563 2780; x_wconf 93' lang='lat' dir='ltr'>qno</span> <span class='ocrx_word' id='word_1_188' title='bbox 591 2685 686 2757; x_wconf 85' lang='lat' dir='ltr'>lineo</span> <span class='ocrx_word' id='word_1_189' title='bbox 712 2710 832 2782; x_wconf 89' lang='lat' dir='ltr'>panno</span> <span class='ocrx_word' id='word_1_190' title='bbox 852 2685 948 2758; x_wconf 86' lang='lat' dir='ltr'>fiant.</span> <span class='ocrx_word' id='word_1_191' title='bbox 978 2691 1059 2758; x_wconf 90' lang='lat' dir='ltr'>Duo</span> <span class='ocrx_word' id='word_1_192' title='bbox 1076 2701 1195 2758; x_wconf 88' lang='lat' dir='ltr'>autem</span> <span class='ocrx_word' id='word_1_193' title='bbox 1219 2685 1382 2758; x_wconf 89' lang='lat' dir='ltr'>velorum</span> <span class='ocrx_word' id='word_1_194' title='bbox 1401 2710 1530 2782; x_wconf 85' lang='lat' dir='ltr'>genera</span> <span class='ocrx_word' id='word_1_195' title='bbox 1552 2684 1829 2774; x_wconf 86' lang='lat' dir='ltr'>essevolumus,</span> <span class='ocrx_word' id='word_1_196' title='bbox 1851 2683 1977 2756; x_wconf 84' lang='lat' dir='ltr'>utalia</span> <span class='ocrx_word' id='word_1_197' title='bbox 2001 2685 2071 2754; x_wconf 88' lang='lat' dir='ltr'>sint</span> 
     </span>
     <span class='ocr_line' id='line_1_19' title="bbox 491 2805 2072 2903; baseline -0.001 -27"><span class='ocrx_word' id='word_1_198' title='bbox 491 2805 621 2876; x_wconf 88' lang='lat' dir='ltr'>scilicet</span> <span class='ocrx_word' id='word_1_199' title='bbox 640 2807 815 2902; x_wconf 88' lang='lat' dir='ltr'>virginum</span> <span class='ocrx_word' id='word_1_200' title='bbox 832 2806 906 2900; x_wconf 77' lang='lat' dir='ltr'>Jam</span> <span class='ocrx_word' id='word_1_201' title='bbox 929 2805 1070 2903; x_wconf 89' lang='lat' dir='ltr'>abipso</span> <span class='ocrx_word' id='word_1_202' title='bbox 1089 2821 1392 2896; x_wconf 89' lang='lat' dir='ltr'>consecratarum,</span> <span class='ocrx_word' id='word_1_203' title='bbox 1418 2805 1485 2878; x_wconf 89' lang='lat' dir='ltr'>alia</span> <span class='ocrx_word' id='word_1_204' title='bbox 1500 2830 1586 2900; x_wconf 84' lang='lat' dir='ltr'>vero</span> <span class='ocrx_word' id='word_1_205' title='bbox 1607 2805 1764 2876; x_wconf 89' lang='lat' dir='ltr'>minime.</span> <span class='ocrx_word' id='word_1_206' title='bbox 1786 2808 1874 2890; x_wconf 81' lang='lat' dir='ltr'>Quae</span> <span class='ocrx_word' id='word_1_207' title='bbox 1895 2827 1982 2874; x_wconf 88' lang='lat' dir='ltr'>vero</span> <span class='ocrx_word' id='word_1_208' title='bbox 2010 2829 2072 2900; x_wconf 92' lang='lat' dir='ltr'>pu·</span> 
     </span>
     <span class='ocr_line' id='line_1_20' title="bbox 491 2923 2071 3024; baseline -0.002 -28"><span class='ocrx_word' id='word_1_209' title='bbox 491 2926 684 2996; x_wconf 80' lang='lat' dir='ltr'>dictarum³</span> <span class='ocrx_word' id='word_1_210' title='bbox 702 2941 784 2997; x_wconf 91' lang='lat' dir='ltr'>sunt</span> <span class='ocrx_word' id='word_1_211' title='bbox 805 2927 1002 3022; x_wconf 89' lang='lat' dir='ltr'>virginum,</span> <span class='ocrx_word' id='word_1_212' title='bbox 1023 2927 1137 2998; x_wconf 87' lang='lat' dir='ltr'>crucis</span> <span class='ocrx_word' id='word_1_213' title='bbox 1155 2925 1222 2998; x_wconf 88' lang='lat' dir='ltr'>sibi</span> <span class='ocrx_word' id='word_1_214' title='bbox 1243 2928 1382 3023; x_wconf 89' lang='lat' dir='ltr'>signum</span> <span class='ocrx_word' id='word_1_215' title='bbox 1407 2925 1563 2998; x_wconf 87' lang='lat' dir='ltr'>habeant</span> <span class='ocrx_word' id='word_1_216' title='bbox 1588 2925 1818 3024; x_wconf 74' lang='lat' dir='ltr'>impressum,</span> <span class='ocrx_word' id='word_1_217' title='bbox 1847 2949 1920 3020; x_wconf 89' lang='lat' dir='ltr'>quc</span> <span class='ocrx_word' id='word_1_218' title='bbox 1938 2923 2071 2996; x_wconf 87' lang='lat' dir='ltr'>scilicet</span> 
     </span>
     <span class='ocr_line' id='line_1_21' title="bbox 491 3044 2070 3142; baseline -0.004 -23"><span class='ocrx_word' id='word_1_219' title='bbox 491 3047 573 3142; x_wconf 87' lang='lat' dir='ltr'>ipsae</span> <span class='ocrx_word' id='word_1_220' title='bbox 595 3045 792 3140; x_wconf 86' lang='lat' dir='ltr'>integritate</span> <span class='ocrx_word' id='word_1_221' title='bbox 812 3069 957 3141; x_wconf 88' lang='lat' dir='ltr'>quoque</span> <span class='ocrx_word' id='word_1_222' title='bbox 975 3044 1135 3140; x_wconf 85' lang='lat' dir='ltr'>corporis</span> <span class='ocrx_word' id='word_1_223' title='bbox 1161 3045 1206 3117; x_wconf 92' lang='lat' dir='ltr'>ad</span> <span class='ocrx_word' id='word_1_224' title='bbox 1232 3045 1411 3117; x_wconf 87' lang='lat' dir='ltr'>Christum</span> <span class='ocrx_word' id='word_1_225' title='bbox 1439 3047 1591 3117; x_wconf 83' lang='lat' dir='ltr'>maxime</span> <span class='ocrx_word' id='word_1_226' title='bbox 1614 3045 1791 3142; x_wconf 83' lang='lat' dir='ltr'>pertinere</span> <span class='ocrx_word' id='word_1_227' title='bbox 1812 3057 2070 3130; x_wconf 72' lang='lat' dir='ltr'>monstrentur,</span> 
     </span>
     <span class='ocr_line' id='line_1_22' title="bbox 490 3162 2073 3262; baseline 0 -28"><span class='ocrx_word' id='word_1_228' title='bbox 490 3181 527 3234; x_wconf 92' lang='lat' dir='ltr'>et</span> <span class='ocrx_word' id='word_1_229' title='bbox 544 3166 634 3236; x_wconf 90' lang='lat' dir='ltr'>sicut</span> <span class='ocrx_word' id='word_1_230' title='bbox 649 3165 685 3234; x_wconf 91' lang='lat' dir='ltr'>in</span> <span class='ocrx_word' id='word_1_231' title='bbox 705 3165 973 3236; x_wconf 88' lang='lat' dir='ltr'>consecratione</span> <span class='ocrx_word' id='word_1_232' title='bbox 992 3163 1123 3236; x_wconf 90' lang='lat' dir='ltr'>distare</span> <span class='ocrx_word' id='word_1_233' title='bbox 1143 3191 1162 3237; x_wconf 91' lang='lat' dir='ltr'>a</span> <span class='ocrx_word' id='word_1_234' title='bbox 1181 3165 1338 3255; x_wconf 65' lang='lat' dir='ltr'>(asteris,</span> <span class='ocrx_word' id='word_1_235' title='bbox 1360 3166 1407 3236; x_wconf 89' lang='lat' dir='ltr'>ita</span> <span class='ocrx_word' id='word_1_236' title='bbox 1427 3180 1461 3236; x_wconf 89' lang='lat' dir='ltr'>et</span> <span class='ocrx_word' id='word_1_237' title='bbox 1480 3164 1551 3236; x_wconf 91' lang='lat' dir='ltr'>hoc</span> <span class='ocrx_word' id='word_1_238' title='bbox 1574 3163 1715 3236; x_wconf 85' lang='lat' dir='ltr'>habitus</span> <span class='ocrx_word' id='word_1_239' title='bbox 1734 3165 1835 3262; x_wconf 85' lang='lat' dir='ltr'>signo</span> <span class='ocrx_word' id='word_1_240' title='bbox 1850 3162 2073 3260; x_wconf 84' lang='lat' dir='ltr'>distinguan-</span> 
     </span>
     <span class='ocr_line' id='line_1_23' title="bbox 492 3265 2073 3380; baseline 0.001 -29"><span class='ocrx_word' id='word_1_241' title='bbox 492 3265 562 3369; x_wconf 89' lang='lat' dir='ltr'>tnr,</span> <span class='ocrx_word' id='word_1_242' title='bbox 579 3305 652 3377; x_wconf 91' lang='lat' dir='ltr'>quo</span> <span class='ocrx_word' id='word_1_243' title='bbox 672 3298 706 3352; x_wconf 93' lang='lat' dir='ltr'>et</span> <span class='ocrx_word' id='word_1_244' title='bbox 723 3283 855 3378; x_wconf 90' lang='lat' dir='ltr'>quique</span> <span class='ocrx_word' id='word_1_245' title='bbox 873 3281 1033 3353; x_wconf 85' lang='lat' dir='ltr'>fidelium</span> <span class='ocrx_word' id='word_1_246' title='bbox 1047 3284 1174 3371; x_wconf 88' lang='lat' dir='ltr'>territi,</span> <span class='ocrx_word' id='word_1_247' title='bbox 1195 3284 1304 3380; x_wconf 88' lang='lat' dir='ltr'>magis</span> <span class='ocrx_word' id='word_1_248' title='bbox 1317 3283 1533 3355; x_wconf 88' lang='lat' dir='ltr'>abhorreant</span> <span class='ocrx_word' id='word_1_249' title='bbox 1549 3283 1586 3354; x_wconf 91' lang='lat' dir='ltr'>in</span> <span class='ocrx_word' id='word_1_250' title='bbox 1605 3283 1929 3380; x_wconf 86' lang='lat' dir='ltr'>concupiscentiam</span> <span class='ocrx_word' id='word_1_251' title='bbox 1947 3305 2073 3353; x_wconf 87' lang='lat' dir='ltr'>earum</span> 
     </span>
     <span class='ocr_line' id='line_1_24' title="bbox 493 3399 2076 3499; baseline -0.001 -29"><span class='ocrx_word' id='word_1_252' title='bbox 493 3399 733 3472; x_wconf 84' lang='lat' dir='ltr'>exardescere.</span> <span class='ocrx_word' id='word_1_253' title='bbox 762 3405 839 3471; x_wconf 90' lang='lat' dir='ltr'>Hoc</span> <span class='ocrx_word' id='word_1_254' title='bbox 863 3415 981 3472; x_wconf 89' lang='lat' dir='ltr'>autem</span> <span class='ocrx_word' id='word_1_255' title='bbox 999 3403 1139 3496; x_wconf 89' lang='lat' dir='ltr'>signum</span> <span class='ocrx_word' id='word_1_256' title='bbox 1161 3402 1339 3498; x_wconf 87' lang='lat' dir='ltr'>virginalis</span> <span class='ocrx_word' id='word_1_257' title='bbox 1364 3401 1547 3474; x_wconf 75' lang='lat' dir='ltr'>munditiae</span> <span class='ocrx_word' id='word_1_258' title='bbox 1570 3402 1605 3472; x_wconf 89' lang='lat' dir='ltr'>in</span> <span class='ocrx_word' id='word_1_259' title='bbox 1626 3401 1829 3474; x_wconf 81' lang='lat' dir='ltr'>summitate</span> <span class='ocrx_word' id='word_1_260' title='bbox 1846 3401 1970 3499; x_wconf 85' lang='lat' dir='ltr'>capitis</span> <span class='ocrx_word' id='word_1_261' title='bbox 1993 3425 2076 3470; x_wconf 89' lang='lat' dir='ltr'>can·</span> 
     </span>
     <span class='ocr_line' id='line_1_25' title="bbox 492 3517 2076 3618; baseline 0.003 -30"><span class='ocrx_word' id='word_1_262' title='bbox 492 3519 585 3590; x_wconf 79' lang='lat' dir='ltr'>uiuis</span> <span class='ocrx_word' id='word_1_263' title='bbox 613 3543 817 3617; x_wconf 90' lang='lat' dir='ltr'>expressum</span> <span class='ocrx_word' id='word_1_264' title='bbox 847 3517 914 3590; x_wconf 85' lang='lat' dir='ltr'>tilis</span> <span class='ocrx_word' id='word_1_265' title='bbox 932 3520 1031 3615; x_wconf 90' lang='lat' dir='ltr'>virgo</span> <span class='ocrx_word' id='word_1_266' title='bbox 1050 3520 1216 3616; x_wconf 84' lang='lat' dir='ltr'>gestabit,</span> <span class='ocrx_word' id='word_1_267' title='bbox 1241 3536 1276 3592; x_wconf 92' lang='lat' dir='ltr'>et</span> <span class='ocrx_word' id='word_1_268' title='bbox 1295 3521 1365 3593; x_wconf 93' lang='lat' dir='ltr'>hoc</span> <span class='ocrx_word' id='word_1_269' title='bbox 1386 3521 1605 3607; x_wconf 89' lang='lat' dir='ltr'>nullatcnus,</span> <span class='ocrx_word' id='word_1_270' title='bbox 1623 3535 1813 3617; x_wconf 88' lang='lat' dir='ltr'>antequam</span> <span class='ocrx_word' id='word_1_271' title='bbox 1836 3519 2076 3618; x_wconf 86' lang='lat' dir='ltr'>abepiscopo</span> 
     </span>
     <span class='ocr_line' id='line_1_26' title="bbox 493 3638 2076 3736; baseline 0 -28"><span class='ocrx_word' id='word_1_272' title='bbox 493 3651 745 3725; x_wconf 89' lang='lat' dir='ltr'>consecretur,</span> <span class='ocrx_word' id='word_1_273' title='bbox 774 3653 909 3734; x_wconf 90' lang='lat' dir='ltr'>gestare</span> <span class='ocrx_word' id='word_1_274' title='bbox 925 3654 1124 3736; x_wconf 71' lang='lat' dir='ltr'>praesumat.</span> <span class='ocrx_word' id='word_1_275' title='bbox 1150 3639 1252 3710; x_wconf 89' lang='lat' dir='ltr'>Nulla</span> <span class='ocrx_word' id='word_1_276' title='bbox 1271 3655 1389 3712; x_wconf 88' lang='lat' dir='ltr'>autem</span> <span class='ocrx_word' id='word_1_277' title='bbox 1412 3640 1479 3710; x_wconf 89' lang='lat' dir='ltr'>alia</span> <span class='ocrx_word' id='word_1_278' title='bbox 1496 3639 1572 3712; x_wconf 88' lang='lat' dir='ltr'>vela</span> <span class='ocrx_word' id='word_1_279' title='bbox 1589 3638 1660 3712; x_wconf 91' lang='lat' dir='ltr'>hoc</span> <span class='ocrx_word' id='word_1_280' title='bbox 1682 3641 1783 3736; x_wconf 87' lang='lat' dir='ltr'>signo</span> <span class='ocrx_word' id='word_1_281' title='bbox 1801 3640 1965 3736; x_wconf 86' lang='lat' dir='ltr'>insignita</span> <span class='ocrx_word' id='word_1_282' title='bbox 1991 3643 2076 3712; x_wconf 88' lang='lat' dir='ltr'>sint.</span> 
     </span>
     <span class='ocr_line' id='line_1_27' title="bbox 492 3756 2076 3857; baseline 0.001 -31"><span class='ocrx_word' id='word_1_283' title='bbox 492 3759 664 3828; x_wconf 85' lang='lat' dir='ltr'>lnterulas</span> <span class='ocrx_word' id='word_1_284' title='bbox 684 3756 837 3828; x_wconf 90' lang='lat' dir='ltr'>mundas</span> <span class='ocrx_word' id='word_1_285' title='bbox 849 3757 895 3829; x_wconf 90' lang='lat' dir='ltr'>ad</span> <span class='ocrx_word' id='word_1_286' title='bbox 907 3782 1052 3829; x_wconf 89' lang='lat' dir='ltr'>carnem</span> <span class='ocrx_word' id='word_1_287' title='bbox 1070 3759 1249 3848; x_wconf 86' lang='lat' dir='ltr'>habeant,</span> <span class='ocrx_word' id='word_1_288' title='bbox 1270 3759 1455 3857; x_wconf 89' lang='lat' dir='ltr'>inquibus</span> <span class='ocrx_word' id='word_1_289' title='bbox 1472 3762 1577 3832; x_wconf 84' lang='lat' dir='ltr'>etiam</span> <span class='ocrx_word' id='word_1_290' title='bbox 1591 3760 1713 3832; x_wconf 83' lang='lat' dir='ltr'>cinctae</span> <span class='ocrx_word' id='word_1_291' title='bbox 1726 3784 1867 3857; x_wconf 87' lang='lat' dir='ltr'>semper</span> <span class='ocrx_word' id='word_1_292' title='bbox 1877 3758 2076 3832; x_wconf 90' lang='lat' dir='ltr'>dormiant.</span> 
     </span>
     <span class='ocr_line' id='line_1_28' title="bbox 493 3876 2081 3976; baseline 0.003 -30"><span class='ocrx_word' id='word_1_293' title='bbox 493 3877 725 3950; x_wconf 88' lang='lat' dir='ltr'>Culcitrarum</span> <span class='ocrx_word' id='word_1_294' title='bbox 745 3901 890 3973; x_wconf 89' lang='lat' dir='ltr'>quoque</span> <span class='ocrx_word' id='word_1_295' title='bbox 910 3876 1094 3949; x_wconf 89' lang='lat' dir='ltr'>mollitiem</span> <span class='ocrx_word' id='word_1_296' title='bbox 1113 3879 1167 3950; x_wconf 92' lang='lat' dir='ltr'>vel</span> <span class='ocrx_word' id='word_1_297' title='bbox 1188 3879 1433 3952; x_wconf 82' lang='lat' dir='ltr'>linteaminum</span> <span class='ocrx_word' id='word_1_298' title='bbox 1456 3903 1562 3950; x_wconf 89' lang='lat' dir='ltr'>usum</span> <span class='ocrx_word' id='word_1_299' title='bbox 1579 3878 1727 3950; x_wconf 80' lang='lat' dir='ltr'>infirmae</span> <span class='ocrx_word' id='word_1_300' title='bbox 1744 3880 1899 3976; x_wconf 88' lang='lat' dir='ltr'>ipsarum</span> <span class='ocrx_word' id='word_1_301' title='bbox 1917 3903 1992 3950; x_wconf 90' lang='lat' dir='ltr'>non</span> <span class='ocrx_word' id='word_1_302' title='bbox 2014 3903 2081 3950; x_wconf 91' lang='lat' dir='ltr'>ne·</span> 
     </span>
     <span class='ocr_line' id='line_1_29' title="bbox 493 3996 2083 4096; baseline 0 -28"><span class='ocrx_word' id='word_1_303' title='bbox 493 4021 616 4092; x_wconf 87' lang='lat' dir='ltr'>gamus</span> <span class='ocrx_word' id='word_1_304' title='bbox 643 4012 787 4068; x_wconf 75' lang='lat' dir='ltr'>naturae.</span> <span class='ocrx_word' id='word_1_305' title='bbox 818 3997 969 4092; x_wconf 73' lang='lat' dir='ltr'>Singula</span> <span class='ocrx_word' id='word_1_306' title='bbox 996 4021 1082 4068; x_wconf 91' lang='lat' dir='ltr'>vero</span> <span class='ocrx_word' id='word_1_307' title='bbox 1112 3998 1294 4070; x_wconf 86' lang='lat' dir='ltr'>dormiant</span> <span class='ocrx_word' id='word_1_308' title='bbox 1322 4014 1357 4070; x_wconf 91' lang='lat' dir='ltr'>et</span> <span class='ocrx_word' id='word_1_309' title='bbox 1383 3997 1586 4070; x_wconf 89' lang='lat' dir='ltr'>comedant.</span> <span class='ocrx_word' id='word_1_310' title='bbox 1612 3997 1713 4070; x_wconf 88' lang='lat' dir='ltr'>Nulla</span> <span class='ocrx_word' id='word_1_311' title='bbox 1740 3999 1880 4096; x_wconf 90' lang='lat' dir='ltr'>penitus</span> <span class='ocrx_word' id='word_1_312' title='bbox 1898 3996 2083 4094; x_wconf 85' lang='lat' dir='ltr'>indignari</span> 
     </span>
     <span class='ocr_line' id='line_1_30' title="bbox 494 4116 2084 4214; baseline 0.003 -28"><span class='ocrx_word' id='word_1_313' title='bbox 494 4130 702 4214; x_wconf 80' lang='lat' dir='ltr'>praesumat,</span> <span class='ocrx_word' id='word_1_314' title='bbox 719 4117 747 4186; x_wconf 92' lang='lat' dir='ltr'>si</span> <span class='ocrx_word' id='word_1_315' title='bbox 766 4131 879 4188; x_wconf 85' lang='lat' dir='ltr'>vestes</span> <span class='ocrx_word' id='word_1_316' title='bbox 899 4116 954 4187; x_wconf 92' lang='lat' dir='ltr'>vel</span> <span class='ocrx_word' id='word_1_317' title='bbox 975 4141 1196 4214; x_wconf 63' lang='lat' dir='ltr'>quaecunque</span> <span class='ocrx_word' id='word_1_318' title='bbox 1219 4116 1286 4189; x_wconf 88' lang='lat' dir='ltr'>alia</span> <span class='ocrx_word' id='word_1_319' title='bbox 1309 4116 1375 4190; x_wconf 90' lang='lat' dir='ltr'>sibi</span> <span class='ocrx_word' id='word_1_320' title='bbox 1400 4117 1447 4204; x_wconf 82' lang='lat' dir='ltr'>ab</span> <span class='ocrx_word' id='word_1_321' title='bbox 1464 4117 1640 4214; x_wconf 90' lang='lat' dir='ltr'>aliquibus</span> <span class='ocrx_word' id='word_1_322' title='bbox 1657 4120 1879 4206; x_wconf 87' lang='lat' dir='ltr'>transmissa,</span> <span class='ocrx_word' id='word_1_323' title='bbox 1898 4117 1975 4206; x_wconf 86' lang='lat' dir='ltr'>alii,</span> <span class='ocrx_word' id='word_1_324' title='bbox 1997 4143 2084 4214; x_wconf 76' lang='lat' dir='ltr'>qnae</span> 
     </span>
     <span class='ocr_line' id='line_1_31' title="bbox 494 4227 2086 4334; baseline 0.003 -30"><span class='ocrx_word' id='word_1_325' title='bbox 494 4233 645 4331; x_wconf 86' lang='lat' dir='ltr'>amplius</span> <span class='ocrx_word' id='word_1_326' title='bbox 662 4233 816 4331; x_wconf 85' lang='lat' dir='ltr'>indiget,</span> <span class='ocrx_word' id='word_1_327' title='bbox 837 4227 1081 4308; x_wconf 82' lang='lat' dir='ltr'>concedantur</span> <span class='ocrx_word' id='word_1_328' title='bbox 1100 4237 1238 4324; x_wconf 76' lang='lat' dir='ltr'>sorori3</span> <span class='ocrx_word' id='word_1_329' title='bbox 1265 4235 1329 4308; x_wconf 91' lang='lat' dir='ltr'>sed</span> <span class='ocrx_word' id='word_1_330' title='bbox 1351 4252 1435 4308; x_wconf 91' lang='lat' dir='ltr'>tunc</span> <span class='ocrx_word' id='word_1_331' title='bbox 1452 4237 1606 4310; x_wconf 84' lang='lat' dir='ltr'>maxime</span> <span class='ocrx_word' id='word_1_332' title='bbox 1623 4236 1796 4334; x_wconf 83' lang='lat' dir='ltr'>gaudeat,</span> <span class='ocrx_word' id='word_1_333' title='bbox 1817 4261 1930 4334; x_wconf 91' lang='lat' dir='ltr'>quum</span> <span class='ocrx_word' id='word_1_334' title='bbox 1953 4237 1991 4308; x_wconf 90' lang='lat' dir='ltr'>in</span> <span class='ocrx_word' id='word_1_335' title='bbox 2017 4263 2086 4309; x_wconf 89' lang='lat' dir='ltr'>so-</span> 
     </span>
     <span class='ocr_line' id='line_1_32' title="bbox 494 4353 2082 4454; baseline 0.002 -28"><span class='ocrx_word' id='word_1_336' title='bbox 494 4356 584 4427; x_wconf 88' lang='lat' dir='ltr'>roris</span> <span class='ocrx_word' id='word_1_337' title='bbox 603 4354 807 4426; x_wconf 87' lang='lat' dir='ltr'>necessitate</span> <span class='ocrx_word' id='word_1_338' title='bbox 826 4353 981 4426; x_wconf 82' lang='lat' dir='ltr'>fructum</span> <span class='ocrx_word' id='word_1_339' title='bbox 998 4354 1161 4427; x_wconf 88' lang='lat' dir='ltr'>habuerit</span> <span class='ocrx_word' id='word_1_340' title='bbox 1180 4353 1431 4452; x_wconf 75' lang='lat' dir='ltr'>eleemosynae,</span> <span class='ocrx_word' id='word_1_341' title='bbox 1449 4356 1505 4428; x_wconf 88' lang='lat' dir='ltr'>vel</span> <span class='ocrx_word' id='word_1_342' title='bbox 1519 4381 1555 4428; x_wconf 83' lang='lat' dir='ltr'>se</span> <span class='ocrx_word' id='word_1_343' title='bbox 1570 4357 1762 4454; x_wconf 86' lang='lat' dir='ltr'>respexerit</span> <span class='ocrx_word' id='word_1_344' title='bbox 1773 4379 1847 4428; x_wconf 90' lang='lat' dir='ltr'>non</span> <span class='ocrx_word' id='word_1_345' title='bbox 1860 4355 1977 4428; x_wconf 89' lang='lat' dir='ltr'>solum</span> <span class='ocrx_word' id='word_1_346' title='bbox 1993 4357 2082 4444; x_wconf 92' lang='lat' dir='ltr'>sibi,</span> 
     </span>
     <span class='ocr_line' id='line_1_33' title="bbox 493 4471 2146 4573; baseline 0.002 -28"><span class='ocrx_word' id='word_1_347' title='bbox 493 4473 556 4546; x_wconf 84' lang='lat' dir='ltr'>sed</span> <span class='ocrx_word' id='word_1_348' title='bbox 583 4473 658 4544; x_wconf 90' lang='lat' dir='ltr'>aliis</span> <span class='ocrx_word' id='word_1_349' title='bbox 682 4474 812 4544; x_wconf 88' lang='lat' dir='ltr'>vivere.</span> <span class='ocrx_word' id='word_1_350' title='bbox 837 4471 999 4568; x_wconf 80' lang='lat' dir='ltr'>Alioquin</span> <span class='ocrx_word' id='word_1_351' title='bbox 1019 4474 1064 4545; x_wconf 90' lang='lat' dir='ltr'>ad</span> <span class='ocrx_word' id='word_1_352' title='bbox 1087 4489 1215 4546; x_wconf 87' lang='lat' dir='ltr'>sanctae</span> <span class='ocrx_word' id='word_1_353' title='bbox 1233 4476 1409 4548; x_wconf 87' lang='lat' dir='ltr'>societatis</span> <span class='ocrx_word' id='word_1_354' title='bbox 1427 4475 1680 4548; x_wconf 84' lang='lat' dir='ltr'>fraternitatem</span> <span class='ocrx_word' id='word_1_355' title='bbox 1706 4499 1779 4546; x_wconf 92' lang='lat' dir='ltr'>non</span> <span class='ocrx_word' id='word_1_356' title='bbox 1805 4476 1981 4573; x_wconf 90' lang='lat' dir='ltr'>pertinet,</span> <span class='ocrx_word' id='word_1_357' title='bbox 2009 4502 2085 4549; x_wconf 91' lang='lat' dir='ltr'>nec</span> <span class='ocrx_word' id='word_1_358' title='bbox 2137 4483 2146 4496; x_wconf 88' lang='lat'>&#39;</span> 
     </span>
     <span class='ocr_line' id='line_1_34' title="bbox 494 4593 2087 4693; baseline 0.005 -31"><span class='ocrx_word' id='word_1_359' title='bbox 494 4593 718 4689; x_wconf 89' lang='lat' dir='ltr'>proprietatis</span> <span class='ocrx_word' id='word_1_360' title='bbox 740 4593 921 4689; x_wconf 90' lang='lat' dir='ltr'>sacrilegio</span> <span class='ocrx_word' id='word_1_361' title='bbox 943 4608 1050 4664; x_wconf 75' lang='lat' dir='ltr'>caret.</span> <span class='ocrx_word' id='word_1_362' title='bbox 1074 4593 1241 4666; x_wconf 90' lang='lat' dir='ltr'>Sufficere</span> <span class='ocrx_word' id='word_1_363' title='bbox 1262 4609 1381 4668; x_wconf 86' lang='lat' dir='ltr'>autem</span> <span class='ocrx_word' id='word_1_364' title='bbox 1401 4594 1448 4666; x_wconf 91' lang='lat' dir='ltr'>ad</span> <span class='ocrx_word' id='word_1_365' title='bbox 1467 4619 1598 4693; x_wconf 87' lang='lat' dir='ltr'>eorpus</span> <span class='ocrx_word' id='word_1_366' title='bbox 1614 4593 1878 4692; x_wconf 89' lang='lat' dir='ltr'>contegendum</span> <span class='ocrx_word' id='word_1_367' title='bbox 1895 4596 2087 4670; x_wconf 85' lang='lat' dir='ltr'>credimus</span> 
     </span>
     <span class='ocr_line' id='line_1_35' title="bbox 494 4710 2088 4814; baseline 0.003 -33"><span class='ocrx_word' id='word_1_368' title='bbox 494 4710 701 4798; x_wconf 90' lang='lat' dir='ltr'>interulam,</span> <span class='ocrx_word' id='word_1_369' title='bbox 721 4712 927 4808; x_wconf 84' lang='lat' dir='ltr'>pelliceam,</span> <span class='ocrx_word' id='word_1_370' title='bbox 948 4727 1089 4809; x_wconf 88' lang='lat' dir='ltr'>togam,</span> <span class='ocrx_word' id='word_1_371' title='bbox 1113 4729 1148 4786; x_wconf 90' lang='lat' dir='ltr'>et</span> <span class='ocrx_word' id='word_1_372' title='bbox 1172 4738 1284 4808; x_wconf 89' lang='lat' dir='ltr'>quum</span> <span class='ocrx_word' id='word_1_373' title='bbox 1311 4712 1463 4785; x_wconf 91' lang='lat' dir='ltr'>multum</span> <span class='ocrx_word' id='word_1_374' title='bbox 1487 4714 1744 4812; x_wconf 85' lang='lat' dir='ltr'>exasperaverit</span> <span class='ocrx_word' id='word_1_375' title='bbox 1772 4713 1901 4810; x_wconf 84' lang='lat' dir='ltr'>frigus,</span> <span class='ocrx_word' id='word_1_376' title='bbox 1929 4714 2088 4814; x_wconf 84' lang='lat' dir='ltr'>insuper</span> 
     </span>
     <span class='ocr_line' id='line_1_36' title="bbox 495 4829 2086 4931; baseline 0.004 -31"><span class='ocrx_word' id='word_1_377' title='bbox 495 4829 714 4900; x_wconf 89' lang='lat' dir='ltr'>mantellum.</span> <span class='ocrx_word' id='word_1_378' title='bbox 738 4835 820 4917; x_wconf 92' lang='lat' dir='ltr'>Quo</span> <span class='ocrx_word' id='word_1_379' title='bbox 838 4830 1001 4902; x_wconf 89' lang='lat' dir='ltr'>videlicet</span> <span class='ocrx_word' id='word_1_380' title='bbox 1018 4833 1186 4907; x_wconf 89' lang='lat' dir='ltr'>mantello</span> <span class='ocrx_word' id='word_1_381' title='bbox 1202 4858 1269 4931; x_wconf 92' lang='lat' dir='ltr'>pro</span> <span class='ocrx_word' id='word_1_382' title='bbox 1288 4832 1470 4931; x_wconf 90' lang='lat' dir='ltr'>opertorio</span> <span class='ocrx_word' id='word_1_383' title='bbox 1484 4856 1629 4929; x_wconf 90' lang='lat' dir='ltr'>quoque</span> <span class='ocrx_word' id='word_1_384' title='bbox 1649 4834 1700 4906; x_wconf 90' lang='lat' dir='ltr'>uti</span> <span class='ocrx_word' id='word_1_385' title='bbox 1714 4833 1873 4929; x_wconf 87' lang='lat' dir='ltr'>jacentes</span> <span class='ocrx_word' id='word_1_386' title='bbox 1886 4846 2086 4931; x_wconf 90' lang='lat' dir='ltr'>poterunt.</span> 
     </span>
     <span class='ocr_line' id='line_1_37' title="bbox 495 4945 2092 5048; baseline 0.006 -32"><span class='ocrx_word' id='word_1_387' title='bbox 495 4945 683 5045; x_wconf 88' lang='lat' dir='ltr'>Oportebit</span> <span class='ocrx_word' id='word_1_388' title='bbox 698 4962 816 5020; x_wconf 88' lang='lat' dir='ltr'>autem</span> <span class='ocrx_word' id='word_1_389' title='bbox 832 4973 898 5047; x_wconf 94' lang='lat' dir='ltr'>pro</span> <span class='ocrx_word' id='word_1_390' title='bbox 917 4948 1139 5024; x_wconf 80' lang='lat' dir='ltr'>infestatione</span> <span class='ocrx_word' id='word_1_391' title='bbox 1152 4952 1326 5024; x_wconf 85' lang='lat' dir='ltr'>vermium</span> <span class='ocrx_word' id='word_1_392' title='bbox 1339 4950 1395 5023; x_wconf 87' lang='lat' dir='ltr'>vel</span> <span class='ocrx_word' id='word_1_393' title='bbox 1408 4952 1610 5048; x_wconf 89' lang='lat' dir='ltr'>gravamine</span> <span class='ocrx_word' id='word_1_394' title='bbox 1628 4951 1788 5025; x_wconf 90' lang='lat' dir='ltr'>sordium</span> <span class='ocrx_word' id='word_1_395' title='bbox 1801 4951 2092 5044; x_wconf 88' lang='lat' dir='ltr'>abluendarum,</span> 
     </span>
    </p>
   </div>
   <div class='ocr_carea' id='block_1_3' title="bbox 530 5225 1919 5298">
    <p class='ocr_par' dir='ltr' id='par_1_3' title="bbox 530 5225 1919 5298">
     <span class='ocr_line' id='line_1_38' title="bbox 530 5225 1919 5298; baseline 0.001 -16"><span class='ocrx_word' id='word_1_396' title='bbox 530 5227 538 5256; x_wconf 82' lang='lat'>¹</span> <span class='ocrx_word' id='word_1_397' title='bbox 559 5225 649 5282; x_wconf 58' lang='lat'>&amp;0150</span> <span class='ocrx_word' id='word_1_398' title='bbox 661 5240 715 5290; x_wconf 71' lang='lat'><strong>⁰³1&gt;-</strong></span> <span class='ocrx_word' id='word_1_399' title='bbox 728 5241 781 5284; x_wconf 65' lang='grc' dir='ltr'>ΙΙΙ,</span> <span class='ocrx_word' id='word_1_400' title='bbox 798 5245 818 5276; x_wconf 68' lang='lat' dir='ltr'>r,</span> <span class='ocrx_word' id='word_1_401' title='bbox 832 5230 871 5284; x_wconf 69' lang='lat'>27·</span> <span class='ocrx_word' id='word_1_402' title='bbox 883 5255 914 5266; x_wconf 93' lang='lat'><em>-</em></span> <span class='ocrx_word' id='word_1_403' title='bbox 926 5229 936 5256; x_wconf 83' lang='lat'><em>¹</em></span> <span class='ocrx_word' id='word_1_404' title='bbox 947 5231 1043 5293; x_wconf 72' lang='lat' dir='ltr'>Maru..</span> <span class='ocrx_word' id='word_1_405' title='bbox 1052 5247 1107 5298; x_wconf 82' lang='lat' dir='ltr'>cap.</span> <span class='ocrx_word' id='word_1_406' title='bbox 1120 5249 1144 5284; x_wconf 83' lang='lat' dir='ltr'>xx</span> <span class='ocrx_word' id='word_1_407' title='bbox 1153 5271 1160 5294; x_wconf 90' lang='lat'>,</span> <span class='ocrx_word' id='word_1_408' title='bbox 1169 5248 1193 5284; x_wconf 90' lang='lat' dir='ltr'>v.</span> <span class='ocrx_word' id='word_1_409' title='bbox 1205 5236 1229 5283; x_wconf 85' lang='lat' dir='ltr'>ll.</span> <span class='ocrx_word' id='word_1_410' title='bbox 1242 5259 1268 5270; x_wconf 90' lang='lat'><em>-</em></span> <span class='ocrx_word' id='word_1_411' title='bbox 1285 5231 1295 5259; x_wconf 84' lang='lat'>⁸</span> <span class='ocrx_word' id='word_1_412' title='bbox 1307 5232 1347 5283; x_wconf 88' lang='lat' dir='ltr'>Sic</span> <span class='ocrx_word' id='word_1_413' title='bbox 1359 5232 1418 5284; x_wconf 88' lang='lat' dir='ltr'>edit.</span> <span class='ocrx_word' id='word_1_414' title='bbox 1430 5230 1651 5298; x_wconf 63' lang='lat' dir='ltr'>emungendum</span> <span class='ocrx_word' id='word_1_415' title='bbox 1665 5233 1726 5286; x_wconf 83' lang='lat' dir='ltr'>torte</span> <span class='ocrx_word' id='word_1_416' title='bbox 1736 5236 1919 5296; x_wconf 65' lang='lat' dir='ltr'>mancum.</span> 
     </span>
    </p>
   </div>
   <div class='ocr_carea' id='block_1_4' title="bbox 0 0 2274 6100">
    <p class='ocr_par' dir='ltr' id='par_1_4' title="bbox 0 0 2274 6100">
     <span class='ocr_line' id='line_1_39' title="bbox 0 0 2274 6100; baseline 0 0"><span class='ocrx_word' id='word_1_417' title='bbox 0 0 2274 6100; x_wconf 95' lang='lat' dir='ltr'> </span> 
     </span>
    </p>
   </div>
  </div>
 </body>
</html>
