4486 6100
466 683 474 694 '
583 713 671 786 cun
697 712 824 786 rann
850 715 1084 787 tuncrum
1110 663 1432 790 soumotvtsus
1507 692 1511 701 '
1699 717 1797 787 -asa

219 856 303 955 quia
322 855 372 926 ibi
385 852 450 924 luit
460 878 525 951 per
537 867 592 923 tot
605 852 695 924 dies.
713 855 770 924 Sic
784 868 819 925 et
827 879 939 952 quum
957 859 1096 928 Marcus
1114 857 1200 928 dixit
1217 883 1235 922 α
1250 855 1372 946 hodie,
1392 886 1410 923 u
1432 869 1575 927 noctem
1595 856 1700 926 etiarn
1715 881 1799 926 cum

220 999 285 1047 suo
309 972 366 1044 die
390 971 676 1071 comprehendit.
702 971 809 1060 Quod
834 998 919 1044 vero
943 972 1123 1069 adjunxit,
1152 1003 1170 1043 ιι
1198 976 1236 1044 in
1261 990 1367 1046 noete
1395 975 1479 1065 hac,
1514 1003 1530 1041 u
1560 989 1704 1081 noctem
1726 997 1800 1045 non

221 1109 378 1191 tempus,
406 1093 470 1164 sed
493 1091 711 1163 imminentis
738 1094 853 1164 noctis
875 1091 1124 1164 adversitatem
1147 1093 1245 1164 dixit.
1273 1097 1318 1165 Ut
1343 1119 1427 1165 vero
1452 1110 1601 1190 utraque
1623 1091 1803 1164 solvamus

222 1214 267 1286 de
289 1201 370 1309 galli
394 1225 499 1282 cautu
522 1210 635 1298 dicta,
658 1235 836 1308 ponamus
854 1213 1050 1283 Dominum
1071 1213 1118 1283 ita
1142 1227 1336 1310 temperate
1358 1216 1462 1283 Petro
1481 1213 1609 1284 dixisse
1626 1215 1741 1310 prius,
1765 1227 1812 1302 ut
1917 1250 1928 1270 ·

221 1335 358 1402 Marcus
377 1329 498 1418 refert,
520 1344 710 1425 antequam
730 1329 840 1424 gallus
859 1328 991 1400 scilicet
1007 1329 1062 1400 bis
1086 1353 1209 1401 vocem
1235 1328 1391 1432 dederit,
1420 1344 1456 1400 et
1472 1345 1611 1426 postea,
1633 1345 1802 1425 tanquam

222 1454 345 1521 Petrus
358 1447 594 1519 constantiam
614 1472 716 1520 suam
733 1448 968 1545 promitteret,
986 1448 1169 1543 adjecisse,
1190 1448 1290 1546 quod
1310 1450 1415 1520 etiam
1435 1448 1522 1520 illud
1541 1448 1681 1536 laceret,
1703 1464 1805 1519 ante-

217 1593 331 1666 quam
345 1567 456 1666 gadas
473 1582 641 1638 cantaret.
660 1571 748 1640 Num
763 1583 798 1639 et
816 1572 955 1639 Marcus
968 1573 1113 1640 Petrum
1130 1569 1229 1665 quasi
1249 1569 1400 1640 nimium
1421 1567 1663 1641 confidentem
1680 1569 1805 1665 saepius

222 1687 1051 1785 verbisDominiquasiprocacitercontradicere
1063 1703 1335 1778 commemorat,
1348 1688 1503 1760 dicens¹:
1521 1717 1539 1756 ιι
1554 1692 1676 1759 Petrus
1685 1703 1804 1758 autem

221 1809 270 1880 ait
291 1837 298 1878 :
322 1837 340 1876 ιι
357 1809 429 1879 Etsi
446 1831 572 1879 omues
587 1805 811 1878 scandalizati
836 1806 977 1896 fuerint,
999 1807 1063 1879 sed
1081 1795 1155 1880 non
1175 1832 1254 1904 ego.
1274 1837 1292 1874 u
1310 1813 1353 1880 Et
1374 1811 1422 1880 ait
1437 1807 1485 1878 illi
1499 1812 1598 1878 lesus
1620 1835 1627 1875 :
1652 1837 1669 1874 n
1692 1784 1803 1876 Amen

224 1956 241 1994 n
257 1927 339 1998 dico
354 1925 430 2015 tibi,
447 1927 531 2021 quia
546 1924 654 1996 hodie
672 1925 709 1995 in
724 1941 829 1996 nocte
844 1925 924 2013 hac,
946 1927 1149 2024 priusquam
1162 1927 1273 2024 gallus
1286 1926 1341 1998 bis
1360 1951 1486 1999 vocem
1497 1925 1652 2016 dederit,
1677 1940 1728 1996 ter
1746 1951 1804 1996 me

224 2077 241 2114 n
257 2072 295 2119 es
317 2060 517 2142 negaturus.
535 2073 553 2112 n
569 2042 679 2115 Atille
690 2044 843 2142 amplius
854 2044 1067 2142 loquebatur
1083 2074 1090 2115 :
1109 2075 1126 2113 ιι
1141 2050 1183 2116 Ει
1195 2047 1224 2118 si
1236 2048 1433 2145 oportuerit
1443 2071 1500 2117 me
1510 2045 1614 2118 simul
1628 2046 1805 2116 commori

224 2165 341 2256 «tibi,
371 2189 445 2236 non
471 2179 505 2235 te
528 2161 717 2260 negabo.»
745 2165 816 2251 Qui
832 2165 930 2262 prius
957 2165 1092 2237 dixerat
1111 2190 1147 2237 se
1170 2190 1243 2236 non
1268 2191 1345 2239 esse
1362 2165 1696 2254 scandalizandum,
1722 2165 1803 2262 plus
1903 2147 1909 2156 ¹

221 2283 356 2382 aliquid
384 2299 489 2355 nunc
510 2281 625 2371 addit,
646 2283 789 2372 dicens,
815 2309 851 2354 se
875 2285 980 2356 etiam
1006 2299 1170 2382 paratum
1193 2287 1368 2357 commori
1390 2301 1582 2382 antequam
1606 2299 1722 2381 neget.
1751 2286 1800 2356 td

221 2425 329 2498 quam
357 2401 530 2496 majorem
550 2425 620 2471 suae
640 2403 851 2504 constantiae
869 2403 1181 2500 praesumptionem
1205 2419 1240 2475 et
1263 2405 1339 2501 ipse
1365 2405 1541 2475 Dominus
1564 2402 1645 2499 plus
1669 2401 1802 2498 aliquid

151 2571 159 2586 .
221 2521 390 2615 adjecisse
403 2543 477 2591 non
492 2520 688 2617 incongrue
709 2520 877 2608 creditur,
894 2521 1049 2593 dicendo
1063 2522 1207 2612 scilicet,
1229 2522 1329 2620 quod
1347 2524 1554 2622 priusquam
1570 2524 1675 2594 etiam
1694 2521 1803 2618 gallus

221 2654 355 2728 cantet,
373 2654 426 2710 ter
444 2640 486 2710 sit
509 2655 716 2736 negaturuS,
744 2655 782 2711 ut
805 2639 970 2712 diximus.
994 2644 1064 2714 Sed
1082 2641 1170 2714 illud
1192 2642 1387 2740 plurimum
1416 2645 1619 2740 quaestionis
1638 2657 1801 2740 generat,

221 2759 321 2856 quod
344 2759 548 2854 negationes
575 2759 689 2846 Petri,
714 2773 750 2830 et
776 2772 921 2829 cantum
944 2758 1024 2854 galli
1049 2764 1186 2831 Marcus
1212 2763 1261 2832 sic
1289 2761 1453 2851 ordinat,
1478 2777 1517 2833 ut
1544 2776 1625 2859 post
1652 2762 1803 2858 primam

222 2878 464 2974 negationem,
486 2875 597 2971 gallus
614 2877 731 2972 primo
751 2889 926 2964 cantaret,
954 2891 1091 2974 etpost
1110 2877 1199 2948 duas
1221 2878 1323 2966 alias,
1348 2879 1526 2968 secundo;
1548 2904 1590 2949 ex
1614 2903 1687 2975 quo
1705 2877 1804 2949 vide·

222 3009 279 3066 tur
302 3017 529 3091 nequaquam
546 3017 652 3090 posse
669 3007 778 3079 stare,
798 2991 917 3088 quod,
943 2994 1032 3063 sicut
1057 2993 1181 3064 dicunt
1202 2996 1317 3065 caeteri
1341 2996 1587 3091 Evangelistae,
1609 3001 1733 3067 Petrus
1751 3011 1805 3067 ter

221 3129 384 3211 negaret,
406 3129 596 3209 antequam
617 3111 728 3208 gallus
749 3127 926 3200 cantaret3
948 3113 1016 3184 nisi
1036 3112 1126 3184 forte
1144 3113 1181 3184 iu
1200 3113 1315 3184 verbis
1336 3139 1481 3211 quoque
1499 3117 1657 3213 ipsorum
1674 3115 1803 3186 subau-

221 3234 339 3305 diatur
360 3263 377 3301 ιι
399 3232 471 3321 bis,
496 3261 513 3298 u
531 3232 630 3328 quod
649 3236 786 3302 Marcus
809 3229 981 3327 ponendo
1001 3230 1289 3302 subaudiendum
1305 3233 1440 3322 innuit,
1459 3248 1493 3304 et
1511 3233 1610 3331 quod
1628 3236 1803 3304 Dominus

223 3350 472 3424 tantummodo
491 3350 628 3421 dixerit.
652 3354 772 3436 Quum
790 3351 886 3421 enirn
905 3349 1039 3446 aliquid
1055 3374 1129 3420 uno
1150 3349 1231 3421 loco
1252 3353 1361 3447 magis
1382 3350 1615 3422 determinate
1638 3376 1746 3448 quam
1766 3353 1801 3421 in

221 3471 291 3541 alio
310 3470 450 3559 dicitur,
469 3493 560 3565 saepe
574 3468 908 3540 determinationem
926 3468 1108 3540 subaudiri
1128 3483 1287 3566 oportet,
1310 3469 1368 3540 ubi
1389 3470 1494 3540 etiam
1513 3471 1588 3566 ipsa
1607 3495 1680 3540 non
1698 3471 1801 3567 poni-

221 3608 291 3680 tur,
312 3590 368 3662 vel
386 3589 485 3686 quod
498 3588 582 3661 alibi
600 3604 652 3660 est
672 3603 880 3687 exceptum,
905 3589 1092 3686 diligenter
1109 3589 1377 3678 annotandum,
1399 3615 1444 3660 ne
1463 3588 1592 3661 salsitas
1609 3589 1804 3661 confundat

221 3734 379 3782 sensum.
402 3708 509 3795 Quod
533 3733 597 3779 nec
612 3709 709 3804 ipsos
728 3709 833 3779 etiam
855 3708 938 3779 latet
959 3707 1136 3778 infideles
1159 3708 1263 3780 Unde
1286 3734 1368 3780 cum
1390 3708 1517 3780 ludaeis
1543 3731 1805 3805 nonnunquam

222 3829 458 3928 opponimus¹
478 3856 485 3897 :
512 3856 530 3893 n
552 3825 603 3896 td
622 3851 767 3897 usuram
791 3852 866 3922 non
887 3827 1235 3916 accommodaveris,
1255 3856 1273 3894 ιι
1301 3843 1472 3926 tanquam
1491 3852 1557 3900 nec
1574 3827 1679 3899 nobis
1697 3830 1803 3900 etiam

222 3947 398 4018 loenerare
416 3943 588 4034 debeant3
608 3943 749 4034 dicunt,
775 3973 793 4012 ιι
814 3946 978 4043 proximo
995 3959 1070 4032 tuo,
1098 3971 1115 4010 n
1136 3943 1472 4041 subintelligendum
1492 3971 1585 4035 esse,
1604 3946 1703 4043 quod
1721 3946 1804 4016 alibi

220 4065 348 4162 legitur
367 4062 642 4135 determinatum
660 4087 747 4134 esse.
762 4063 833 4133 Sed
845 4077 880 4133 et
891 4087 1002 4159 quum
1020 4063 1147 4131 veritas
1165 4061 1295 4134 habeat
1308 4062 1541 4160 Evangeliea³
1561 4093 1568 4134 :
1592 4095 1609 4131 n
1633 4065 1705 4135 Nisi
1723 4065 1802 4161 quis

221 4199 364 4256 renatus
378 4183 481 4254 fuerit
499 4207 541 4254 ex
558 4206 670 4278 aqua,
687 4196 722 4253 et
739 4183 869 4279 Spiritu
884 4195 1024 4268 sancto,
1045 4179 1119 4252 non
1142 4196 1258 4278 potest
1276 4182 1424 4252 introire
1444 4184 1479 4253 in
1500 4206 1650 4278 regnum
1672 4185 1754 4269 Dei,
1782 4213 1800 4250 n

222 4301 558 4399 subintelligendum
573 4317 638 4392 est,
660 4295 716 4372 vel
730 4325 793 4372 sua
811 4301 975 4399 passione
992 4298 1240 4387 sanctificatus,
1252 4325 1366 4398 quum
1382 4299 1465 4372 alibi
1483 4325 1627 4398 quoque
1649 4300 1694 4394 de
1712 4325 1803 4372 mar·

224 4423 358 4519 tyribus
383 4422 585 4518 generalem
606 4420 801 4494 habeamus
825 4420 1053 4509 sententiam,
1081 4420 1235 4491 Domino
1261 4420 1445 4492 diceute‘:
1475 4450 1492 4488 e
1517 4421 1589 4507 Qui
1605 4418 1802 4517 perdiderit

224 4542 379 4614 animam
391 4564 492 4612 suam
506 4556 653 4639 propter
665 4564 735 4628 me,
747 4541 904 4610 inveniet
917 4563 1008 4610 eam.
1028 4567 1046 4605 u
1061 4539 1275 4636 Augustinus
1289 4563 1387 4629 vero,
1408 4537 1470 4610 lib.
1493 4542 1538 4608 lll
1557 4538 1601 4608 de
1625 4541 1803 4610 Conseruu

226 4662 555 4759 Evangclv'starum‘,
580 4659 674 4731 hanc
699 4660 939 4731 diversitatem
960 4658 1005 4730 de
1029 4658 1216 4754 negatione
1241 4659 1334 4730 Petri
1359 4660 1405 4730 ita
1430 4657 1607 4746 dissolvit,
1640 4673 1678 4728 ut
1704 4659 1804 4756 quod

223 4785 362 4853 Marcus
376 4781 446 4880 ait,
466 4779 512 4850 ad
529 4778 768 4877 prolationem
783 4779 881 4850 voeis
899 4778 1027 4850 relerat
1043 4778 1222 4874 negantis;
1244 4776 1342 4874 quod
1361 4777 1476 4850 caeteri
1492 4776 1634 4866 dicunt,
1658 4776 1703 4848 ad
1722 4801 1805 4875 pro·

225 4903 381 4998 positum
401 4900 509 4972 animi
524 4899 599 4994 jam
613 4910 711 4972 tanta
729 4898 918 4971 formidine
932 4898 1107 4996 percussi,
1127 4911 1233 4994 atque
1252 4897 1447 4995 perturbati
1471 4925 1480 4968 :
1502 4913 1541 4969 ut
1557 4912 1700 4996 paratus
1713 4914 1804 4970 esset

258 5209 266 5234 ¹
285 5207 1302 5278 ttnm,cap.xxv1,v.at.-’mech.,cap.xv111,v.t.-⁸toan.‚cep.n,
1319 5227 1343 5261 v.
1357 5212 1382 5261 3.
1393 5237 1423 5249 -
1436 5210 1446 5236 ⁴
1457 5209 1554 5272 natu,
1566 5225 1623 5274 cap.
1638 5225 1668 5270 x,
1683 5225 1705 5261 v.
1723 5212 1764 5260 39.
1775 5236 1804 5246 -

227 5296 308 5363 ‘Cap
320 5315 359 5362 xv,
371 5299 433 5363 opp.
444 5309 462 5350 t.
475 5298 525 5362 lll,
539 5308 604 5364 part.
617 5297 653 5360 ll,
664 5299 713 5350 eol.
725 5300 767 5350 tot
782 5311 807 5351 et
818 5315 856 5366 sq.
