4590 6106
935 609 938 620 ·
960 581 1106 654 NO'l'AE.
1777 585 1823 656 53

242 722 299 794 ipse
312 719 351 772 ait
365 718 395 772 iu
411 716 509 772 eadem
523 717 575 772 bac
592 716 725 790 epistola,
745 733 795 771 suo
812 729 939 791 tempore
952 719 1201 794 frequentabantur
1212 737 1244 776 ac
1255 719 1475 777 decantabantur
1488 722 1517 776 in
1532 722 1627 779 multis
1642 723 1821 796 regionibus,

243 812 393 887 presertim
406 811 443 866 ab
454 813 495 868 eis
508 829 576 886 quos
591 809 690 866 similis
704 810 760 866 vita
770 809 934 867 delectabat.

277 907 395 982 Scripsit
401 923 513 982 quoque
523 891 688 961 Tractatum
697 904 752 960 sire
761 894 876 960 Librum
887 904 1057 980 Theologirs,
1067 904 1103 960 de
1109 922 1167 978 quo
1173 905 1231 977 jam
1242 908 1378 980 summus.
1392 907 1461 962 ltem
1474 909 1713 964 commentarium
1725 909 1754 963 in
1766 909 1826 982 epi-

242 999 340 1055 stolam
355 997 388 1054 ad
402 997 554 1071 Romanos,
567 997 647 1070 cujus
659 998 787 1053 meminit
797 1008 908 1054 sanctus
919 997 1078 1054 Bernardus
1092 998 1121 1052 in
1130 996 1232 1053 litteris
1244 998 1301 1053 suis
1313 997 1348 1052 ad
1360 1000 1556 1055 Innocentium
1572 1019 1682 1074 papam.
1698 1001 1756 1056 Nec
1767 1019 1823 1056 non

243 1104 272 1149 et
283 1093 368 1149 alium
382 1091 504 1158 librum,
527 1109 628 1166 quern,
650 1101 682 1146 ot
697 1091 824 1166 loquitur
845 1090 919 1148 idem
942 1090 1117 1160 bernardus,
1135 1091 1294 1164 inscripsit,
1317 1091 1393 1148 Scito
1411 1093 1553 1166 teipsum.
1569 1093 1748 1169 Videturque
1765 1111 1823 1150 esse

243 1185 341 1242 Ethica
358 1183 404 1240 illa
422 1183 457 1239 ad
474 1201 558 1257 quam
573 1181 736 1239 Abelardus
750 1183 810 1256 ipse
822 1183 957 1258 quasdam
971 1184 1135 1259 questiones
1154 1184 1274 1238 remittit
1287 1184 1315 1238 in
1334 1187 1534 1240 commentario
1548 1186 1716 1260 supradicto.
1738 1186 1823 1259 Quod

240 1288 269 1332 et
278 1274 603 1333 conlirmatGuillelmus
613 1274 696 1331 abbas
706 1275 800 1332 Sancti
812 1275 984 1331 Theoderici
996 1275 1048 1330 sub
1061 1276 1145 1330 linem
1154 1275 1218 1331 libri
1233 1275 1275 1332 lll
1292 1275 1496 1349 Disputationis
1505 1295 1589 1352 quam
1598 1279 1713 1354 Hugoni
1727 1277 1823 1335 rotho-

241 1375 363 1448 magensi
385 1371 595 1447 archiepiscopo
609 1371 797 1446 nuncupavit,
811 1371 857 1426 bis
875 1370 982 1426 verbis:
998 1393 1012 1420 «ι
1022 1370 1139 1444 Scripsit
1153 1380 1245 1426 autem
1260 1370 1335 1426 idem
1349 1371 1449 1426 Petrus
1462 1370 1537 1427 aliud
1553 1373 1734 1445 opusculum,
1748 1373 1824 1448 quod

240 1467 315 1521 Scito
329 1476 357 1521 te
366 1467 458 1539 ipsum
472 1463 632 1532 intitulavit,
646 1474 676 1519 et
689 1482 781 1531 suam,
796 1466 823 1519 ni
834 1463 927 1536 fallor,
936 1463 1063 1520 Ethicam
1074 1463 1236 1538 appellavit,
1252 1488 1267 1516 a
1280 1467 1345 1540 quia
1359 1463 1464 1520 scilicet
1474 1467 1502 1520 in
1514 1483 1548 1520 eo
1560 1463 1680 1538 piurima
1693 1466 1727 1521 de
1740 1469 1824 1522 mori·

240 1561 305 1626 bus,
321 1561 377 1615 sive
392 1569 424 1614 ut
436 1558 522 1613 suncti
538 1557 671 1613 Bernardi
685 1558 776 1613 verbis
791 1569 872 1626 utar,
888 1558 922 1612 de
935 1556 1089 1614 virtutibus
1101 1568 1131 1615 et
1145 1559 1220 1614 vitiis
1234 1557 1376 1614 moraliter
1390 1556 1552 1632 disputavit.
1567 1557 1625 1613 Nec
1641 1558 1740 1616 dubito
1753 1561 1822 1634 quin

240 1653 343 1709 libmm
362 1653 447 1710 istum
465 1650 576 1725 legisset
596 1651 678 1708 etiam
698 1669 853 1726 anonymus
870 1650 917 1708 ille
937 1662 1019 1726 poeta
1039 1653 1087 1726 qui
1108 1653 1219 1726 scripsit
1237 1670 1310 1708 anno
1325 1654 1403 1710 4376.
1420 1652 1491 1706 Nam
1510 1670 1597 1726 quum
1615 1651 1772 1708 Abulardus
1793 1655 1821 1708 in

241 1745 440 1802 commentario
454 1762 505 1800 suo
514 1744 626 1820 prelato
642 1763 726 1819 super
737 1744 882 1818 epistolam
897 1744 932 1800 ad
944 1744 1086 1800 Romanos
1094 1746 1267 1818 promisisset
1281 1743 1358 1802 sede
1373 1745 1461 1801 libero
1470 1745 1586 1800 arbitrio
1596 1754 1779 1801 tractaturum
1792 1748 1820 1802 in

243 1839 338 1894 Ethica
350 1881 357 1908 ,
370 1838 408 1894 sic
422 1837 514 1894 dictus
528 1848 608 1912 poeta
622 1837 813 1894 definitionem
826 1835 952 1910 ejusdem
962 1836 1044 1892 liberi
1058 1837 1167 1893 arbitrii
1182 1837 1300 1912 protulit
1309 1855 1342 1894 ex
1357 1837 1501 1894 Abelardo
1517 1863 1522 1892 :

784 2004 795 2027 r
805 1989 873 2030 Pieres
881 1987 970 2028 Ahhrd
979 2000 1005 2028 en
1014 2001 1044 2029 nn
1053 1987 1146 2041 ebapitrc

785 2062 817 2104 0ir
825 2064 841 2104 ii
850 2065 907 2118 pasis
915 2063 941 2104 ds
948 2063 1006 2104 banc
1015 2063 1104 2110 arbitra,

785 2142 842 2181 Nous
850 2139 883 2179 dit
893 2140 946 2179 ainsi
955 2151 981 2180 en
990 2140 1054 2180 vsrttt

785 2215 829 2262 Qus
837 2215 886 2255 e'sst
895 2227 935 2254 unc
944 2213 1030 2254 babin

785 2291 851 2332 ll'uns
861 2291 955 2330 rcnlsntd
964 2289 1103 2337 miscnnablc,

785 2368 829 2408 Scit
836 2366 863 2406 ds
871 2366 919 2407 bien
927 2380 956 2406 cu
964 2367 990 2407 de
1000 2367 1039 2406 mal
1049 2366 1155 2420 pronubis.

787 2444 825 2482 l’ar
834 2453 893 2496 grace
902 2448 932 2481 ast
942 2440 954 2480 l
964 2441 1013 2481 bien
1023 2441 1076 2482 {aira
1085 2441 1172 2488 inclina,

785 2519 809 2558 m
818 2517 830 2557 l
839 2518 879 2558 mal
890 2516 960 2570 quand
971 2517 1009 2556 elle
1019 2517 1116 2560 deacline.
1123 2532 1134 2554 a

242 2672 349 2730 Verum
367 2675 425 2730 bec
446 2675 558 2744 Ethica,
581 2675 706 2748 quamvis
729 2654 942 2748 diligentissime
964 2675 1135 2748 perquisita,
1156 2691 1207 2729 nec
1224 2673 1335 2730 inventa
1356 2673 1449 2730 adhuc
1470 2691 1520 2730 nec
1530 2685 1638 2749 reperta
1651 2685 1701 2732 est.

276 2767 403 2844 Denique
416 2767 574 2841 composuit
587 2766 746 2823 Abaelardus
760 2767 914 2822 Historiam
927 2766 1115 2824 calamitatum
1129 2785 1257 2834 suarum,
1271 2767 1307 2822 de
1319 2785 1374 2842 qua
1387 2767 1558 2824 mentionem
1571 2768 1637 2824 iacit
1647 2771 1819 2840 Petrarcba5

241 2858 335 2933 plures
348 2860 478 2934 epistolas
494 2860 528 2915 ad
541 2861 696 2916 lleloissam
712 2871 741 2916 ct
754 2859 840 2929 alios,
855 2879 975 2935 quarum
987 2861 1086 2936 alique
1098 2870 1291 2916 memorantur
1302 2878 1317 2914 a
1329 2861 1436 2916 Joauus
1448 2860 1606 2934 Clopinello
1622 2863 1820 2938 llagdunensi;

242 2949 379 3025 Regulam
402 2963 430 3008 et
449 2953 654 3009 institutionem
675 2951 948 3020 sanctimonialium
971 2953 1164 3026 Expositiones
1181 2955 1213 3008 iu
1233 2953 1386 3010 orationem
1407 2953 1593 3024 dominicam,
1615 2956 1643 3010 in
1665 2955 1822 3029 symbolum

243 3045 444 3118 apostolorum,
455 3047 483 3101 in
493 3047 647 3120 symbolum
660 3045 821 3115 Athanasii;
836 3046 995 3102 Solutiones
1006 3046 1210 3120 problematum
1219 3045 1364 3114 lleloisse;
1377 3045 1525 3104 Sermones
1536 3065 1586 3120 per
1598 3049 1664 3104 anui
1673 3049 1821 3119 circulum,

243 3137 409 3211 adrirgines
420 3137 633 3212 paracletenses,
644 3149 673 3195 et
684 3139 735 3196 alia
749 3138 873 3214 quedam
887 3139 1019 3212 opuscula
1033 3155 1093 3214 que
1106 3158 1180 3194 nunc
1193 3141 1317 3213 primum
1328 3137 1483 3206 edidimus;
1493 3140 1620 3213 Hymnus
1638 3141 1723 3197 etiam
1739 3143 1823 3200 eccle·

242 3233 374 3300 siasticos,
386 3234 434 3307 qui
447 3233 626 3307 reperiuntur
639 3236 669 3290 in
681 3233 822 3289 breviario
835 3233 1031 3307 pamcletensi3
1043 3251 1094 3290 nec
1106 3250 1163 3290 nou
1175 3232 1391 3306 Apologeticum
1402 3251 1453 3305 pro
1466 3233 1631 3290 innocentie
1643 3252 1697 3291 sue
1708 3254 1822 3293 excusa-

242 3329 335 3394 tione,
357 3345 441 3403 quem
462 3339 494 3383 ut
512 3328 598 3383 alium
617 3328 652 3384 ab
668 3325 804 3402 Apologia
819 3328 875 3382 sive
889 3327 1070 3382 Confessione
1087 3325 1152 3382 fidei
1170 3324 1321 3381 abeodem
1339 3327 1473 3382 universis
1493 3325 1620 3382 Ecclesie
1637 3327 1700 3384 liliis
1718 3328 1824 3386 directa

243 3419 367 3489 credam,
382 3421 440 3476 hec
452 3419 577 3478 Othonis
589 3421 687 3488 verba,
701 3419 749 3475 lib.
763 3421 774 3474 l
792 3420 828 3474 de
842 3419 938 3476 Rebus
947 3423 1034 3493 gestis
1045 3418 1191 3474 Frederr'ci
1197 3420 1225 3487 1,
1240 3437 1301 3492 cap.
1310 3435 1374 3474 xus
1389 3419 1446 3492 [ap.
1461 3418 1537 3474 dom.
1554 3419 1636 3482 Brial.
1649 3421 1752 3494 Script.
1767 3443 1822 3479 rer.

243 3515 346 3588 gallin,
360 3524 381 3570 t.
394 3515 480 3584 Xlll,
494 3533 521 3588 p.
537 3513 613 3588 656]
638 3534 682 3570 me
701 3523 834 3570 movent:
853 3536 866 3564 s
882 3515 949 3569 Post
964 3513 1214 3582 damnationem»
1233 3513 1342 3588 inquit,
1365 3513 1436 3570 «sui
1455 3512 1609 3588 dogmatis,
1621 3537 1634 3564 s
1651 3515 1688 3570 de
1702 3534 1757 3591 qua
1774 3535 1824 3573 uos

242 3617 353 3681 postea,
366 3630 379 3658 s
392 3607 426 3662 ad
436 3607 610 3663 cluniacense
620 3607 778 3663 coenobium
791 3624 819 3662 ss
830 3604 960 3673 contulit,
978 3605 1190 3680 Apologeticum
1202 3607 1341 3675 scribens,
1354 3606 1551 3680 predictorum
1560 3607 1746 3681 capitulorum
1760 3629 1824 3684 par-

243 3703 292 3756 tim
300 3701 394 3768 verba,
404 3719 437 3756 ex
448 3711 506 3756 toto
515 3711 607 3757 autem
620 3713 731 3790 orgum
741 3717 855 3774 negans,
866 3699 915 3774 qui
924 3700 963 3754 sic
971 3700 1087 3772 incipit:
1100 3699 1163 3754 sNe
1171 3700 1251 3770 juxta
1260 3701 1424 3756 boetianum
1434 3698 1516 3772 illud,
1526 3700 1669 3773 prooemiis
1677 3701 1749 3758 nibil
1757 3701 1824 3758 affe-

243 3817 256 3843 «
266 3795 393 3850 rentibus
400 3804 513 3868 tempus
525 3803 642 3862 teratur,
653 3793 756 3848 adrem
768 3793 856 3866 ipsam
866 3790 1034 3847 veniendum
1046 3800 1139 3861 est‚ut
1152 3792 1341 3848 innocentiam
1355 3811 1444 3848 meam
1458 3793 1518 3865 ipsa
1529 3811 1624 3848 rerum
1637 3795 1823 3869 potiusquam

244 3886 414 3941 «uerborum
426 3895 539 3942 escrrset
547 3885 933 3960 prolixitas.»llec,iuquam,
947 3882 1029 3938 rerba
1040 3899 1085 3938 me
1097 3893 1223 3950 movent,
1236 3886 1368 3958 quianon
1381 3885 1513 3959 leguntur
1521 3885 1551 3941 in
1561 3885 1672 3959 prelata
1681 3886 1746 3942 fidei
1758 3905 1823 3944 cou-

240 3980 357 4036 sessione
369 3999 453 4055 quam
467 3980 638 4037 inseruimus
651 3999 713 4054 pag.
726 3983 777 4036 33⁰
790 3979 875 4050 hujus
889 3977 996 4050 operis,
1011 3975 1083 4050 [rid.
1100 3975 1168 4032 edit.
1180 3976 1279 4051 Ambl
1296 3997 1348 4035 uec
1361 3980 1556 4036 inconveniens
1574 3990 1616 4036 est
1633 3997 1820 4056 eumquoque

240 4075 419 4148 prolixiorem
427 4075 521 4131 adhuc
528 4076 643 4132 alteram
653 4091 705 4148 pro
712 4073 872 4130 defensione
880 4089 933 4127 sue
939 4069 1100 4143 Theologie
1108 4069 1265 4144 apologiam
1274 4072 1497 4145 texuisse.Quod
1505 4084 1535 4129 et
1542 4074 1821 4131 confirmareridetur

240 4165 408 4224 Guillelmus
415 4168 498 4224 abbas
508 4169 601 4225 Sancti
610 4167 780 4224 Theudorici
789 4165 863 4221 libro
871 4166 883 4220 l
891 4182 945 4221 sue
956 4163 1169 4238 Disputatiouis,
1180 4181 1268 4238 quum
1279 4164 1332 4220 ait:
1347 4189 1361 4218 ι
1372 4167 1427 4223 Per
1434 4166 1603 4240 Apologiam
1612 4186 1688 4222 suam
1699 4168 1821 4224 Theolo-

241 4261 315 4330 giam
324 4262 480 4334 impejorat,
487 4279 573 4318 noros
581 4260 720 4316 veteribus
726 4277 835 4316 errores
843 4259 984 4332 adjungit,
993 4269 1077 4316 eteos
1085 4257 1266 4333 pertinaciter
1273 4267 1302 4314 et
1309 4257 1636 4316 contentioscdesendere
1646 4259 1819 4315 contendite

240 4353 446 4428 Etpauloante:
458 4355 618 4428 «Acprimo
626 4355 797 4428 requirocur
808 4363 905 4410 sancte
914 4351 1058 4426 religionis
1065 4354 1194 4426 etmagni
1204 4351 1325 4408 nominis
1334 4349 1462 4409 abbatem
1471 4352 1614 4408 insimulet
1622 4351 1691 4408 salso
1700 4352 1819 4422 linxisse,

238 4448 303 4520 quia
313 4450 343 4502 in
351 4447 506 4522 Theologia
516 4465 564 4502 sua
573 4447 715 4521 scripserit
726 4445 830 4502 Filium
843 4463 903 4502 esse
914 4444 1065 4520 quamdam
1073 4447 1238 4519 potentiam,
1248 4445 1386 4518 Spiritum
1400 4457 1525 4502 sanctum
1536 4444 1695 4500 nnllam.1d
1706 4446 1820 4502 enimin

239 4540 374 4615 Apologia
389 4558 448 4609 sua,
460 4559 544 4616 quam
557 4552 653 4596 contra
664 4540 792 4595 abbatem
804 4541 905 4596 Petrus
916 4541 977 4613 ipse
992 4537 1109 4611 dirigit,
1126 4555 1155 4595 se
1167 4538 1268 4594 dixisse
1280 4537 1400 4611 denegat
1405 4562 1413 4607 3
1427 4537 1475 4594 sed
1489 4537 1566 4612 quod
1579 4537 1672 4593 divina
1687 4537 1822 4611 sapientia

238 4633 363 4707 quasdam
377 4635 414 4690 sit
422 4636 545 4707 potentia
557 4634 661 4699 Patris,
678 4650 734 4688 non
747 4631 845 4700 Filius,
855 4642 885 4689 et
896 4631 972 4707 quod
986 4649 1065 4686 arnor
1076 4631 1168 4687 Patris
1180 4641 1209 4686 et
1220 4630 1284 4686 Filii
1296 4631 1332 4686 sit
1343 4629 1476 4686 nonnulla
1484 4630 1617 4702 potentia,
1630 4647 1687 4685 nou
1700 4628 1822 4703 Spiritus

239 4739 359 4794 sanctus,
376 4745 405 4784 se
417 4728 519 4784 dixisse
530 4728 692 4802 profitetur,
705 4737 734 4782 et
747 4745 846 4782 verum
859 4743 918 4782 esse
928 4727 1109 4800 pertinaciter
1119 4724 1274 4783 contendit.
1287 4748 1300 4776 s
1311 4727 1349 4781 At
1360 4743 1411 4782 nec
1423 4724 1588 4799 Apologiam
1597 4725 1677 4780 istam
1687 4725 1821 4782 hactenus

239 4824 333 4879 ridere
353 4824 482 4897 contigit.
496 4825 617 4898 necque
632 4833 697 4879 sunt
710 4822 818 4890 omnia,
836 4823 865 4878 ui
878 4821 968 4890 fallor,
984 4839 1047 4896 que
1063 4821 1160 4878 Petrus
1173 4819 1335 4878 Abelardus
1353 4820 1473 4893 scripsit
1490 4817 1736 4894 [Diuquisitionem
1748 4819 1822 4876 bunc

239 4933 356 4990 operum
375 4917 530 4987 Abelardi,
550 4916 715 4974 ab'llndrea
725 4918 904 4989 Queroetsno
916 4917 1091 4984 institutam,
1108 4934 1164 4972 non
1179 4916 1341 4985 omisimus,
1358 4932 1393 4970 ue
1407 4914 1493 4987 hujus
1504 4917 1698 4972 commentarii
1715 4914 1820 4989 aliquid

239 5008 397 5066 inconsulte
408 5009 550 5084 negligere
567 5009 739 5080 videremur,
753 5013 879 5086 quamvls
893 5021 924 5068 et
942 5010 1127 5086 sliquaparte
1146 5027 1243 5066 manca
1259 5019 1346 5079 esset,
1364 5020 1394 5066 et
1409 5017 1526 5083 propter
1539 5019 1648 5066 nostras
1662 5008 1821 5082 prefatiun-

241 5102 315 5158 culss
326 5119 536 5177 supervacanea.
547 5102 559 5176 ]
