<?xml version="1.0" encoding="UTF-8"?>
<!DOCTYPE html PUBLIC "-//W3C//DTD XHTML 1.0 Transitional//EN"
    "http://www.w3.org/TR/xhtml1/DTD/xhtml1-transitional.dtd">
<html xmlns="http://www.w3.org/1999/xhtml" xml:lang="en" lang="en">
 <head>
  <title>
</title>
<meta http-equiv="Content-Type" content="text/html;charset=utf-8" />
  <meta name='ocr-system' content='tesseract 3.04.00' />
  <meta name='ocr-capabilities' content='ocr_page ocr_carea ocr_par ocr_line ocrx_word'/>
</head>
<body>
  <div class='ocr_page' id='page_1' title='image "./petriablardiope01despgoog_0649.png"; bbox 0 0 4536 6102; ppageno 0'>
   <div class='ocr_carea' id='block_1_1' title="bbox 462 573 1446 654">
    <p class='ocr_par' dir='ltr' id='par_1_1' title="bbox 462 573 1446 654">
     <span class='ocr_line' id='line_1_1' title="bbox 462 573 1446 654; baseline -0.002 -4"><span class='ocrx_word' id='word_1_1' title='bbox 462 577 535 652; x_wconf 77' lang='grc'><strong>634</strong></span> <span class='ocrx_word' id='word_1_2' title='bbox 1057 573 1186 649; x_wconf 74' lang='lat' dir='ltr'><strong>Putat</strong></span> <span class='ocrx_word' id='word_1_3' title='bbox 1213 573 1446 654; x_wconf 66' lang='lat' dir='ltr'><strong>tumulum</strong></span> 
     </span>
    </p>
   </div>
   <div class='ocr_carea' id='block_1_2' title="bbox 460 709 2047 4638">
    <p class='ocr_par' dir='ltr' id='par_1_2' title="bbox 460 709 2047 2251">
     <span class='ocr_line' id='line_1_2' title="bbox 460 709 2045 812; baseline -0.003 -22"><span class='ocrx_word' id='word_1_4' title='bbox 460 718 649 792; x_wconf 89' lang='lat' dir='ltr'><strong>dixerunt:</strong></span> <span class='ocrx_word' id='word_1_5' title='bbox 666 747 684 786; x_wconf 82' lang='lat' dir='ltr'><strong>a</strong></span> <span class='ocrx_word' id='word_1_6' title='bbox 698 718 891 806; x_wconf 77' lang='lat' dir='ltr'><strong>Adsumus;</strong></span> <span class='ocrx_word' id='word_1_7' title='bbox 909 729 946 789; x_wconf 88' lang='lat' dir='ltr'><strong>et</strong></span> <span class='ocrx_word' id='word_1_8' title='bbox 962 715 1127 788; x_wconf 90' lang='lat' dir='ltr'><strong>luxerunt</strong></span> <span class='ocrx_word' id='word_1_9' title='bbox 1142 741 1226 788; x_wconf 92' lang='lat' dir='ltr'><strong>cum</strong></span> <span class='ocrx_word' id='word_1_10' title='bbox 1243 715 1479 812; x_wconf 89' lang='lat' dir='ltr'><strong>jucunditate.</strong></span> <span class='ocrx_word' id='word_1_11' title='bbox 1493 741 1511 781; x_wconf 87' lang='lat'>»</span> <span class='ocrx_word' id='word_1_12' title='bbox 1529 712 1725 802; x_wconf 91' lang='lat' dir='ltr'>Quomodo</span> <span class='ocrx_word' id='word_1_13' title='bbox 1742 713 1863 810; x_wconf 90' lang='lat' dir='ltr'><strong>itaque</strong></span> <span class='ocrx_word' id='word_1_14' title='bbox 1879 709 2045 786; x_wconf 90' lang='lat' dir='ltr'><strong>nondum</strong></span> 
     </span>
     <span class='ocr_line' id='line_1_3' title="bbox 461 830 2046 932; baseline -0.003 -23"><span class='ocrx_word' id='word_1_15' title='bbox 461 854 580 910; x_wconf 90' lang='lat' dir='ltr'><strong>creata</strong></span> <span class='ocrx_word' id='word_1_16' title='bbox 595 839 761 926; x_wconf 88' lang='lat' dir='ltr'><strong>materia,</strong></span> <span class='ocrx_word' id='word_1_17' title='bbox 781 861 847 908; x_wconf 87' lang='lat' dir='ltr'><strong>nec</strong></span> <span class='ocrx_word' id='word_1_18' title='bbox 864 834 984 908; x_wconf 86' lang='lat' dir='ltr'><strong>adhuc</strong></span> <span class='ocrx_word' id='word_1_19' title='bbox 999 837 1188 924; x_wconf 83' lang='lat' dir='ltr'><strong>existente,</strong></span> <span class='ocrx_word' id='word_1_20' title='bbox 1207 835 1266 906; x_wconf 89' lang='lat' dir='ltr'><strong>eui</strong></span> <span class='ocrx_word' id='word_1_21' title='bbox 1284 835 1533 932; x_wconf 80' lang='lat' dir='ltr'><strong>imperaretur,</strong></span> <span class='ocrx_word' id='word_1_22' title='bbox 1550 830 1660 905; x_wconf 90' lang='lat' dir='ltr'><strong>verba</strong></span> <span class='ocrx_word' id='word_1_23' title='bbox 1675 833 1817 930; x_wconf 88' lang='lat' dir='ltr'><strong>imperii</strong></span> <span class='ocrx_word' id='word_1_24' title='bbox 1831 833 2046 905; x_wconf 87' lang='lat' dir='ltr'><strong>convenien-</strong></span> 
     </span>
     <span class='ocr_line' id='line_1_4' title="bbox 462 949 2047 1050; baseline -0.004 -23"><span class='ocrx_word' id='word_1_25' title='bbox 462 969 515 1027; x_wconf 85' lang='lat' dir='ltr'><strong>ter</strong></span> <span class='ocrx_word' id='word_1_26' title='bbox 531 955 754 1027; x_wconf 79' lang='lat' dir='ltr'><strong>dicerentur?</strong></span> <span class='ocrx_word' id='word_1_27' title='bbox 769 959 937 1027; x_wconf 82' lang='lat' dir='ltr'><strong>l’raeterea</strong></span> <span class='ocrx_word' id='word_1_28' title='bbox 953 953 1091 1028; x_wconf 89' lang='lat' dir='ltr'><strong>dictum</strong></span> <span class='ocrx_word' id='word_1_29' title='bbox 1106 952 1194 1026; x_wconf 93' lang='lat' dir='ltr'><strong>illud</strong></span> <span class='ocrx_word' id='word_1_30' title='bbox 1210 954 1299 1042; x_wconf 92' lang='lat' dir='ltr'><strong>Dei,</strong></span> <span class='ocrx_word' id='word_1_31' title='bbox 1317 951 1389 1024; x_wconf 89' lang='lat' dir='ltr'><strong>hoc</strong></span> <span class='ocrx_word' id='word_1_32' title='bbox 1406 965 1476 1041; x_wconf 85' lang='lat' dir='ltr'><strong>est,</strong></span> <span class='ocrx_word' id='word_1_33' title='bbox 1494 951 1647 1024; x_wconf 89' lang='lat' dir='ltr'><strong>verbum</strong></span> <span class='ocrx_word' id='word_1_34' title='bbox 1662 951 1791 1050; x_wconf 89' lang='lat' dir='ltr'><strong>ipsius,</strong></span> <span class='ocrx_word' id='word_1_35' title='bbox 1808 949 1946 1048; x_wconf 88' lang='lat' dir='ltr'><strong>dequo</strong></span> <span class='ocrx_word' id='word_1_36' title='bbox 1960 951 2047 1022; x_wconf 90' lang='lat' dir='ltr'><strong>scri-</strong></span> 
     </span>
     <span class='ocr_line' id='line_1_5' title="bbox 460 1070 2044 1173; baseline -0.003 -27"><span class='ocrx_word' id='word_1_37' title='bbox 460 1091 564 1173; x_wconf 92' lang='lat' dir='ltr'><strong>ptum</strong></span> <span class='ocrx_word' id='word_1_38' title='bbox 581 1079 678 1148; x_wconf 81' lang='lat' dir='ltr'><strong>est¹=</strong></span> <span class='ocrx_word' id='word_1_39' title='bbox 702 1104 720 1144; x_wconf 82' lang='lat' dir='ltr'><strong>n</strong></span> <span class='ocrx_word' id='word_1_40' title='bbox 735 1080 819 1146; x_wconf 84' lang='lat' dir='ltr'><strong>Erat</strong></span> <span class='ocrx_word' id='word_1_41' title='bbox 833 1074 894 1148; x_wconf 84' lang='lat' dir='ltr'><strong>lux</strong></span> <span class='ocrx_word' id='word_1_42' title='bbox 910 1098 994 1148; x_wconf 90' lang='lat' dir='ltr'><strong>vera</strong></span> <span class='ocrx_word' id='word_1_43' title='bbox 1010 1099 1089 1173; x_wconf 86' lang='lat' dir='ltr'><strong>quae</strong></span> <span class='ocrx_word' id='word_1_44' title='bbox 1110 1073 1287 1146; x_wconf 93' lang='lat' dir='ltr'><strong>illuminat</strong></span> <span class='ocrx_word' id='word_1_45' title='bbox 1309 1095 1456 1145; x_wconf 90' lang='lat' dir='ltr'><strong>omnem</strong></span> <span class='ocrx_word' id='word_1_46' title='bbox 1482 1070 1691 1160; x_wconf 90' lang='lat' dir='ltr'><strong>hominem,</strong></span> <span class='ocrx_word' id='word_1_47' title='bbox 1715 1083 1784 1143; x_wconf 86' lang='lat' dir='ltr'><strong>etc.</strong></span> <span class='ocrx_word' id='word_1_48' title='bbox 1802 1099 1820 1138; x_wconf 80' lang='lat' dir='ltr'><strong>u</strong></span> <span class='ocrx_word' id='word_1_49' title='bbox 1839 1073 1934 1142; x_wconf 87' lang='lat' dir='ltr'><strong>Bene</strong></span> <span class='ocrx_word' id='word_1_50' title='bbox 1959 1083 2044 1142; x_wconf 88' lang='lat' dir='ltr'><strong>tunc</strong></span> 
     </span>
     <span class='ocr_line' id='line_1_6' title="bbox 461 1189 2043 1294; baseline -0.003 -28"><span class='ocrx_word' id='word_1_51' title='bbox 461 1196 580 1292; x_wconf 90' lang='lat' dir='ltr'><strong>primo</strong></span> <span class='ocrx_word' id='word_1_52' title='bbox 590 1194 767 1294; x_wconf 91' lang='lat' dir='ltr'><strong>propheta</strong></span> <span class='ocrx_word' id='word_1_53' title='bbox 778 1194 1051 1284; x_wconf 91' lang='lat' dir='ltr'><strong>demonstravit,</strong></span> <span class='ocrx_word' id='word_1_54' title='bbox 1062 1217 1175 1291; x_wconf 91' lang='lat' dir='ltr'><strong>quum</strong></span> <span class='ocrx_word' id='word_1_55' title='bbox 1186 1191 1233 1264; x_wconf 91' lang='lat' dir='ltr'><strong>ad</strong></span> <span class='ocrx_word' id='word_1_56' title='bbox 1244 1190 1361 1264; x_wconf 88' lang='lat' dir='ltr'><strong>lucem</strong></span> <span class='ocrx_word' id='word_1_57' title='bbox 1375 1214 1527 1290; x_wconf 90' lang='lat' dir='ltr'><strong>operum</strong></span> <span class='ocrx_word' id='word_1_58' title='bbox 1536 1191 1603 1264; x_wconf 87' lang='lat' dir='ltr'><strong>Dei</strong></span> <span class='ocrx_word' id='word_1_59' title='bbox 1616 1189 1847 1290; x_wconf 89' lang='lat' dir='ltr'><strong>pervenisset,</strong></span> <span class='ocrx_word' id='word_1_60' title='bbox 1859 1212 2043 1287; x_wconf 85' lang='lat' dir='ltr'><strong>perquam</strong></span> 
     </span>
     <span class='ocr_line' id='line_1_7' title="bbox 462 1307 2046 1412; baseline -0.003 -27"><span class='ocrx_word' id='word_1_61' title='bbox 462 1313 609 1412; x_wconf 90' lang='lat' dir='ltr'><strong>quidem</strong></span> <span class='ocrx_word' id='word_1_62' title='bbox 624 1312 741 1385; x_wconf 91' lang='lat' dir='ltr'><strong>lucem</strong></span> <span class='ocrx_word' id='word_1_63' title='bbox 758 1337 910 1411; x_wconf 91' lang='lat' dir='ltr'><strong>operum</strong></span> <span class='ocrx_word' id='word_1_64' title='bbox 925 1317 1021 1386; x_wconf 90' lang='lat' dir='ltr'><strong>Deus</strong></span> <span class='ocrx_word' id='word_1_65' title='bbox 1037 1311 1177 1385; x_wconf 90' lang='lat' dir='ltr'><strong>homini</strong></span> <span class='ocrx_word' id='word_1_66' title='bbox 1193 1309 1466 1409; x_wconf 91' lang='lat' dir='ltr'><strong>quodammodo</strong></span> <span class='ocrx_word' id='word_1_67' title='bbox 1483 1309 1582 1407; x_wconf 87' lang='lat' dir='ltr'><strong>loqui</strong></span> <span class='ocrx_word' id='word_1_68' title='bbox 1597 1322 1633 1381; x_wconf 89' lang='lat' dir='ltr'><strong>et</strong></span> <span class='ocrx_word' id='word_1_69' title='bbox 1648 1309 1805 1407; x_wconf 89' lang='lat' dir='ltr'><strong>seipsum</strong></span> <span class='ocrx_word' id='word_1_70' title='bbox 1820 1307 2046 1380; x_wconf 75' lang='lat' dir='ltr'><strong>manifestare</strong></span> 
     </span>
     <span class='ocr_line' id='line_1_8' title="bbox 461 1426 2046 1532; baseline -0.003 -28"><span class='ocrx_word' id='word_1_71' title='bbox 461 1435 579 1532; x_wconf 87' lang='lat' dir='ltr'><strong>primo</strong></span> <span class='ocrx_word' id='word_1_72' title='bbox 604 1433 756 1530; x_wconf 86' lang='lat' dir='ltr'><strong>incepit,</strong></span> <span class='ocrx_word' id='word_1_73' title='bbox 774 1433 865 1504; x_wconf 90' lang='lat' dir='ltr'><strong>sicut</strong></span> <span class='ocrx_word' id='word_1_74' title='bbox 880 1447 917 1504; x_wconf 90' lang='lat' dir='ltr'><strong>et</strong></span> <span class='ocrx_word' id='word_1_75' title='bbox 937 1431 1126 1531; x_wconf 78' lang='lat' dir='ltr'><strong>Apostolus</strong></span> <span class='ocrx_word' id='word_1_76' title='bbox 1151 1426 1315 1530; x_wconf 85' lang='lat' dir='ltr'><strong>patenter</strong></span> <span class='ocrx_word' id='word_1_77' title='bbox 1334 1428 1479 1502; x_wconf 80' lang='lat' dir='ltr'><strong>edocuit</strong></span> <span class='ocrx_word' id='word_1_78' title='bbox 1502 1428 1670 1502; x_wconf 83' lang='lat' dir='ltr'><strong>dicens&#39;:</strong></span> <span class='ocrx_word' id='word_1_79' title='bbox 1692 1457 1710 1496; x_wconf 80' lang='lat' dir='ltr'><strong>e</strong></span> <span class='ocrx_word' id='word_1_80' title='bbox 1731 1427 1926 1502; x_wconf 82' lang='lat' dir='ltr'><strong>Invisibilia</strong></span> <span class='ocrx_word' id='word_1_81' title='bbox 1949 1429 2046 1500; x_wconf 85' lang='lat' dir='ltr'><strong>enim</strong></span> 
     </span>
     <span class='ocr_line' id='line_1_9' title="bbox 462 1547 2043 1653; baseline -0.004 -27"><span class='ocrx_word' id='word_1_82' title='bbox 462 1556 572 1653; x_wconf 91' lang='lat' dir='ltr'><strong>ipsius</strong></span> <span class='ocrx_word' id='word_1_83' title='bbox 584 1579 607 1626; x_wconf 88' lang='lat' dir='ltr'><strong>a</strong></span> <span class='ocrx_word' id='word_1_84' title='bbox 617 1569 778 1624; x_wconf 89' lang='lat' dir='ltr'><strong>ereatura</strong></span> <span class='ocrx_word' id='word_1_85' title='bbox 795 1552 920 1625; x_wconf 93' lang='lat' dir='ltr'><strong>mundi</strong></span> <span class='ocrx_word' id='word_1_86' title='bbox 932 1577 997 1652; x_wconf 91' lang='lat' dir='ltr'><strong>per</strong></span> <span class='ocrx_word' id='word_1_87' title='bbox 1009 1575 1050 1624; x_wconf 87' lang='lat' dir='ltr'><strong>ea</strong></span> <span class='ocrx_word' id='word_1_88' title='bbox 1063 1575 1142 1650; x_wconf 85' lang='lat' dir='ltr'><strong>quae</strong></span> <span class='ocrx_word' id='word_1_89' title='bbox 1154 1549 1342 1622; x_wconf 82' lang='lat' dir='ltr'><strong>factasunt</strong></span> <span class='ocrx_word' id='word_1_90' title='bbox 1355 1547 1533 1621; x_wconf 88' lang='lat' dir='ltr'><strong>intellecta</strong></span> <span class='ocrx_word' id='word_1_91' title='bbox 1544 1547 1827 1646; x_wconf 91' lang='lat' dir='ltr'><strong>conspiciuntur,</strong></span> <span class='ocrx_word' id='word_1_92' title='bbox 1842 1561 1936 1619; x_wconf 76' lang='lat' dir='ltr'><strong>etc.»</strong></span> <span class='ocrx_word' id='word_1_93' title='bbox 1951 1551 2043 1620; x_wconf 91' lang='lat' dir='ltr'><strong>Dum</strong></span> 
     </span>
     <span class='ocr_line' id='line_1_10' title="bbox 461 1666 2042 1772; baseline -0.004 -26"><span class='ocrx_word' id='word_1_94' title='bbox 461 1676 569 1772; x_wconf 80' lang='lat' dir='ltr'><strong>igitru</strong></span> <span class='ocrx_word' id='word_1_95' title='bbox 584 1673 643 1745; x_wconf 93' lang='lat' dir='ltr'><strong>illa</strong></span> <span class='ocrx_word' id='word_1_96' title='bbox 659 1672 778 1744; x_wconf 90' lang='lat' dir='ltr'><strong>adhuc</strong></span> <span class='ocrx_word' id='word_1_97' title='bbox 793 1671 944 1744; x_wconf 79' lang='lat' dir='ltr'><strong>confusa</strong></span> <span class='ocrx_word' id='word_1_98' title='bbox 961 1671 1145 1767; x_wconf 87' lang='lat' dir='ltr'><strong>congeries</strong></span> <span class='ocrx_word' id='word_1_99' title='bbox 1162 1693 1229 1740; x_wconf 91' lang='lat' dir='ltr'><strong>nec</strong></span> <span class='ocrx_word' id='word_1_100' title='bbox 1244 1669 1354 1756; x_wconf 91' lang='lat' dir='ltr'><strong>visui,</strong></span> <span class='ocrx_word' id='word_1_101' title='bbox 1372 1691 1439 1740; x_wconf 90' lang='lat' dir='ltr'><strong>nec</strong></span> <span class='ocrx_word' id='word_1_102' title='bbox 1460 1668 1596 1740; x_wconf 88' lang='lat' dir='ltr'><strong>notitiae</strong></span> <span class='ocrx_word' id='word_1_103' title='bbox 1611 1691 1649 1740; x_wconf 90' lang='lat' dir='ltr'><strong>se</strong></span> <span class='ocrx_word' id='word_1_104' title='bbox 1666 1666 1840 1766; x_wconf 87' lang='lat' dir='ltr'><strong>praeberet</strong></span> <span class='ocrx_word' id='word_1_105' title='bbox 1855 1666 2042 1756; x_wconf 84' lang='lat' dir='ltr'><strong>humanae,</strong></span> 
     </span>
     <span class='ocr_line' id='line_1_11' title="bbox 463 1786 2040 1890; baseline -0.005 -24"><span class='ocrx_word' id='word_1_106' title='bbox 463 1817 531 1865; x_wconf 92' lang='lat' dir='ltr'><strong>nec</strong></span> <span class='ocrx_word' id='word_1_107' title='bbox 548 1793 652 1866; x_wconf 88' lang='lat' dir='ltr'><strong>alicui</strong></span> <span class='ocrx_word' id='word_1_108' title='bbox 668 1807 750 1890; x_wconf 91' lang='lat' dir='ltr'><strong>apta</strong></span> <span class='ocrx_word' id='word_1_109' title='bbox 768 1792 864 1881; x_wconf 90' lang='lat' dir='ltr'><strong>usui,</strong></span> <span class='ocrx_word' id='word_1_110' title='bbox 884 1790 940 1862; x_wconf 88' lang='lat' dir='ltr'><strong>vel</strong></span> <span class='ocrx_word' id='word_1_111' title='bbox 956 1789 1102 1886; x_wconf 89' lang='lat' dir='ltr'><strong>angelo,</strong></span> <span class='ocrx_word' id='word_1_112' title='bbox 1127 1787 1183 1860; x_wconf 91' lang='lat' dir='ltr'><strong>vel</strong></span> <span class='ocrx_word' id='word_1_113' title='bbox 1203 1787 1363 1875; x_wconf 89' lang='lat' dir='ltr'><strong>homini,</strong></span> <span class='ocrx_word' id='word_1_114' title='bbox 1385 1787 1415 1858; x_wconf 90' lang='lat' dir='ltr'><strong>si</strong></span> <span class='ocrx_word' id='word_1_115' title='bbox 1436 1786 1512 1882; x_wconf 87' lang='lat' dir='ltr'><strong>jam</strong></span> <span class='ocrx_word' id='word_1_116' title='bbox 1538 1800 1631 1858; x_wconf 87' lang='lat' dir='ltr'><strong>esset</strong></span> <span class='ocrx_word' id='word_1_117' title='bbox 1652 1799 1808 1876; x_wconf 83' lang='lat' dir='ltr'><strong>creatus,</strong></span> <span class='ocrx_word' id='word_1_118' title='bbox 1835 1800 2040 1884; x_wconf 80' lang='lat' dir='ltr'><strong>appareret,</strong></span> 
     </span>
     <span class='ocr_line' id='line_1_12' title="bbox 463 1904 2043 2012; baseline -0.004 -27"><span class='ocrx_word' id='word_1_119' title='bbox 463 1914 565 2012; x_wconf 87' lang='lat' dir='ltr'><strong>quasi</strong></span> <span class='ocrx_word' id='word_1_120' title='bbox 581 1913 731 1984; x_wconf 87' lang='lat' dir='ltr'><strong>tacuisse</strong></span> <span class='ocrx_word' id='word_1_121' title='bbox 747 1917 843 1983; x_wconf 90' lang='lat' dir='ltr'><strong>Deus</strong></span> <span class='ocrx_word' id='word_1_122' title='bbox 859 1907 1073 2004; x_wconf 85' lang='lat' dir='ltr'><strong>ostenditur,</strong></span> <span class='ocrx_word' id='word_1_123' title='bbox 1090 1909 1176 2006; x_wconf 91' lang='lat' dir='ltr'><strong>quia</strong></span> <span class='ocrx_word' id='word_1_124' title='bbox 1191 1906 1358 1979; x_wconf 92' lang='lat' dir='ltr'><strong>nondum</strong></span> <span class='ocrx_word' id='word_1_125' title='bbox 1373 1904 1444 1978; x_wconf 90' lang='lat' dir='ltr'><strong>tale</strong></span> <span class='ocrx_word' id='word_1_126' title='bbox 1458 1905 1547 2004; x_wconf 94' lang='lat' dir='ltr'><strong>quid</strong></span> <span class='ocrx_word' id='word_1_127' title='bbox 1563 1906 1601 1977; x_wconf 95' lang='lat' dir='ltr'><strong>in</strong></span> <span class='ocrx_word' id='word_1_128' title='bbox 1618 1905 1677 1978; x_wconf 87' lang='lat' dir='ltr'><strong>illa</strong></span> <span class='ocrx_word' id='word_1_129' title='bbox 1699 1919 1831 2002; x_wconf 85' lang='lat' dir='ltr'><strong>egerat.</strong></span> <span class='ocrx_word' id='word_1_130' title='bbox 1853 1905 1958 1976; x_wconf 86' lang='lat' dir='ltr'><strong>Unde</strong></span> <span class='ocrx_word' id='word_1_131' title='bbox 1982 1905 2043 1978; x_wconf 92' lang='lat' dir='ltr'><strong>ali·</strong></span> 
     </span>
     <span class='ocr_line' id='line_1_13' title="bbox 464 2025 2043 2132; baseline -0.003 -28"><span class='ocrx_word' id='word_1_132' title='bbox 464 2035 552 2130; x_wconf 90' lang='lat' dir='ltr'><strong>quid</strong></span> <span class='ocrx_word' id='word_1_133' title='bbox 565 2035 641 2132; x_wconf 89' lang='lat' dir='ltr'><strong>ipse</strong></span> <span class='ocrx_word' id='word_1_134' title='bbox 657 2033 756 2131; x_wconf 90' lang='lat' dir='ltr'><strong>loqui</strong></span> <span class='ocrx_word' id='word_1_135' title='bbox 772 2031 924 2120; x_wconf 85' lang='lat' dir='ltr'><strong>valeret,</strong></span> <span class='ocrx_word' id='word_1_136' title='bbox 942 2031 1014 2103; x_wconf 92' lang='lat' dir='ltr'><strong>hoc</strong></span> <span class='ocrx_word' id='word_1_137' title='bbox 1030 2046 1084 2102; x_wconf 91' lang='lat' dir='ltr'><strong>est</strong></span> <span class='ocrx_word' id='word_1_138' title='bbox 1099 2027 1296 2102; x_wconf 86' lang='lat' dir='ltr'><strong>humanam</strong></span> <span class='ocrx_word' id='word_1_139' title='bbox 1312 2027 1488 2102; x_wconf 85' lang='lat' dir='ltr'><strong>instruere</strong></span> <span class='ocrx_word' id='word_1_140' title='bbox 1505 2026 1683 2102; x_wconf 84' lang='lat' dir='ltr'><strong>rationem</strong></span> <span class='ocrx_word' id='word_1_141' title='bbox 1699 2040 1806 2124; x_wconf 88' lang='lat' dir='ltr'><strong>atque</strong></span> <span class='ocrx_word' id='word_1_142' title='bbox 1816 2025 1975 2124; x_wconf 87' lang='lat' dir='ltr'><strong>aliquam</strong></span> <span class='ocrx_word' id='word_1_143' title='bbox 1992 2051 2043 2100; x_wconf 87' lang='lat' dir='ltr'><strong>ex·</strong></span> 
     </span>
     <span class='ocr_line' id='line_1_14' title="bbox 463 2153 1091 2251; baseline -0.01 -23"><span class='ocrx_word' id='word_1_144' title='bbox 463 2154 634 2228; x_wconf 86' lang='lat' dir='ltr'><strong>cellentiae</strong></span> <span class='ocrx_word' id='word_1_145' title='bbox 652 2179 723 2226; x_wconf 78' lang='lat' dir='ltr'><strong>suae</strong></span> <span class='ocrx_word' id='word_1_146' title='bbox 739 2153 897 2251; x_wconf 87' lang='lat' dir='ltr'><strong>praebere</strong></span> <span class='ocrx_word' id='word_1_147' title='bbox 913 2153 1091 2225; x_wconf 88' lang='lat' dir='ltr'><strong>notitiam.</strong></span> 
     </span>
    </p>

    <p class='ocr_par' dir='ltr' id='par_1_3' title="bbox 461 2267 2042 4516">
     <span class='ocr_line' id='line_1_15' title="bbox 512 2267 2041 2374; baseline -0.003 -30"><span class='ocrx_word' id='word_1_148' title='bbox 512 2272 718 2344; x_wconf 90' lang='lat' dir='ltr'><strong>Notandum</strong></span> <span class='ocrx_word' id='word_1_149' title='bbox 736 2275 822 2342; x_wconf 90' lang='lat' dir='ltr'><strong>vero</strong></span> <span class='ocrx_word' id='word_1_150' title='bbox 839 2272 877 2342; x_wconf 93' lang='lat' dir='ltr'><strong>in</strong></span> <span class='ocrx_word' id='word_1_151' title='bbox 893 2270 965 2342; x_wconf 93' lang='lat' dir='ltr'><strong>hoc</strong></span> <span class='ocrx_word' id='word_1_152' title='bbox 980 2271 1060 2369; x_wconf 93' lang='lat' dir='ltr'><strong>ipso</strong></span> <span class='ocrx_word' id='word_1_153' title='bbox 1076 2271 1224 2342; x_wconf 87' lang='lat' dir='ltr'><strong>Genesis</strong></span> <span class='ocrx_word' id='word_1_154' title='bbox 1239 2268 1387 2343; x_wconf 87' lang='lat' dir='ltr'><strong>exordio</strong></span> <span class='ocrx_word' id='word_1_155' title='bbox 1404 2267 1488 2342; x_wconf 84' lang='lat' dir='ltr'><strong>fidei</strong></span> <span class='ocrx_word' id='word_1_156' title='bbox 1503 2281 1634 2374; x_wconf 79' lang='lat' dir='ltr'><strong>nosuae</strong></span> <span class='ocrx_word' id='word_1_157' title='bbox 1655 2267 1930 2341; x_wconf 83' lang='lat' dir='ltr'><strong>fundamentum</strong></span> <span class='ocrx_word' id='word_1_158' title='bbox 1953 2267 2041 2340; x_wconf 91' lang='lat' dir='ltr'><strong>oirca</strong></span> 
     </span>
     <span class='ocr_line' id='line_1_16' title="bbox 464 2385 2041 2487; baseline -0.003 -25"><span class='ocrx_word' id='word_1_159' title='bbox 464 2392 638 2462; x_wconf 89' lang='lat' dir='ltr'><strong>unitatem</strong></span> <span class='ocrx_word' id='word_1_160' title='bbox 654 2391 719 2460; x_wconf 89' lang='lat' dir='ltr'><strong>Dei</strong></span> <span class='ocrx_word' id='word_1_161' title='bbox 736 2413 777 2460; x_wconf 92' lang='lat' dir='ltr'><strong>ac</strong></span> <span class='ocrx_word' id='word_1_162' title='bbox 792 2389 999 2461; x_wconf 88' lang='lat' dir='ltr'><strong>Trinitatem</strong></span> <span class='ocrx_word' id='word_1_163' title='bbox 1011 2387 1226 2487; x_wconf 87' lang='lat' dir='ltr'><strong>prophetam</strong></span> <span class='ocrx_word' id='word_1_164' title='bbox 1237 2387 1425 2485; x_wconf 88' lang='lat' dir='ltr'><strong>diligenter</strong></span> <span class='ocrx_word' id='word_1_165' title='bbox 1440 2389 1663 2487; x_wconf 88' lang='lat' dir='ltr'><strong>expressisse.</strong></span> <span class='ocrx_word' id='word_1_166' title='bbox 1679 2391 1800 2475; x_wconf 89' lang='lat' dir='ltr'><strong>Quum</strong></span> <span class='ocrx_word' id='word_1_167' title='bbox 1811 2387 1910 2460; x_wconf 88' lang='lat' dir='ltr'><strong>enim</strong></span> <span class='ocrx_word' id='word_1_168' title='bbox 1919 2385 2041 2460; x_wconf 84' lang='lat' dir='ltr'><strong>dixerit</strong></span> 
     </span>
     <span class='ocr_line' id='line_1_17' title="bbox 466 2507 2040 2607; baseline 0.001 -30"><span class='ocrx_word' id='word_1_169' title='bbox 466 2509 643 2607; x_wconf 81' lang='lat' dir='ltr'><strong>«spiritus</strong></span> <span class='ocrx_word' id='word_1_170' title='bbox 670 2508 836 2597; x_wconf 85' lang='lat' dir='ltr'><strong>Domini,</strong></span> <span class='ocrx_word' id='word_1_171' title='bbox 858 2535 875 2575; x_wconf 84' lang='lat' dir='ltr'><strong>u</strong></span> <span class='ocrx_word' id='word_1_172' title='bbox 894 2507 1000 2579; x_wconf 87' lang='lat' dir='ltr'><strong>simtd</strong></span> <span class='ocrx_word' id='word_1_173' title='bbox 1024 2523 1061 2579; x_wconf 90' lang='lat' dir='ltr'><strong>et</strong></span> <span class='ocrx_word' id='word_1_174' title='bbox 1084 2530 1277 2606; x_wconf 89' lang='lat' dir='ltr'><strong>personam</strong></span> <span class='ocrx_word' id='word_1_175' title='bbox 1304 2508 1455 2605; x_wconf 86' lang='lat' dir='ltr'><strong>Spiritus</strong></span> <span class='ocrx_word' id='word_1_176' title='bbox 1481 2507 1612 2596; x_wconf 68' lang='lat' dir='ltr'><strong>sandi,</strong></span> <span class='ocrx_word' id='word_1_177' title='bbox 1640 2521 1677 2580; x_wconf 88' lang='lat' dir='ltr'><strong>et</strong></span> <span class='ocrx_word' id='word_1_178' title='bbox 1701 2507 1811 2580; x_wconf 86' lang='lat' dir='ltr'><strong>Patris</strong></span> <span class='ocrx_word' id='word_1_179' title='bbox 1833 2531 1950 2604; x_wconf 91' lang='lat' dir='ltr'><strong>aquo</strong></span> <span class='ocrx_word' id='word_1_180' title='bbox 1972 2507 2040 2606; x_wconf 87' lang='lat' dir='ltr'><strong>ipse</strong></span> 
     </span>
     <span class='ocr_line' id='line_1_18' title="bbox 463 2625 2041 2728; baseline -0.001 -28"><span class='ocrx_word' id='word_1_181' title='bbox 463 2630 632 2728; x_wconf 87' lang='lat' dir='ltr'><strong>Spiritus,</strong></span> <span class='ocrx_word' id='word_1_182' title='bbox 650 2643 691 2700; x_wconf 92' lang='lat' dir='ltr'><strong>ut</strong></span> <span class='ocrx_word' id='word_1_183' title='bbox 710 2627 837 2698; x_wconf 89' lang='lat' dir='ltr'><strong>beatus</strong></span> <span class='ocrx_word' id='word_1_184' title='bbox 859 2627 1023 2699; x_wconf 87' lang='lat' dir='ltr'><strong>meminit</strong></span> <span class='ocrx_word' id='word_1_185' title='bbox 1042 2628 1276 2724; x_wconf 81' lang='lat' dir='ltr'><strong>Augustinus,</strong></span> <span class='ocrx_word' id='word_1_186' title='bbox 1302 2625 1547 2727; x_wconf 84' lang='lat' dir='ltr'><strong>principaliter</strong></span> <span class='ocrx_word' id='word_1_187' title='bbox 1573 2625 1757 2726; x_wconf 79' lang='lat' dir='ltr'><strong>procedit,</strong></span> <span class='ocrx_word' id='word_1_188' title='bbox 1781 2627 1970 2700; x_wconf 77' lang='lat' dir='ltr'><strong>manifeste</strong></span> <span class='ocrx_word' id='word_1_189' title='bbox 1994 2626 2041 2698; x_wconf 84' lang='lat' dir='ltr'><strong>di-</strong></span> 
     </span>
     <span class='ocr_line' id='line_1_19' title="bbox 462 2746 2039 2846; baseline -0.001 -24"><span class='ocrx_word' id='word_1_190' title='bbox 462 2749 595 2822; x_wconf 86' lang='lat' dir='ltr'><strong>stinxit.</strong></span> <span class='ocrx_word' id='word_1_191' title='bbox 615 2753 655 2819; x_wconf 94' lang='lat' dir='ltr'><strong>ln</strong></span> <span class='ocrx_word' id='word_1_192' title='bbox 673 2773 718 2820; x_wconf 91' lang='lat' dir='ltr'><strong>eo</strong></span> <span class='ocrx_word' id='word_1_193' title='bbox 735 2773 822 2828; x_wconf 86' lang='lat' dir='ltr'><strong>vero</strong></span> <span class='ocrx_word' id='word_1_194' title='bbox 837 2747 938 2845; x_wconf 91' lang='lat' dir='ltr'><strong>quod</strong></span> <span class='ocrx_word' id='word_1_195' title='bbox 955 2746 1110 2837; x_wconf 89' lang='lat' dir='ltr'><strong>addidit,</strong></span> <span class='ocrx_word' id='word_1_196' title='bbox 1132 2777 1150 2817; x_wconf 83' lang='lat' dir='ltr'><strong>n</strong></span> <span class='ocrx_word' id='word_1_197' title='bbox 1167 2747 1256 2820; x_wconf 87' lang='lat' dir='ltr'><strong>dixit</strong></span> <span class='ocrx_word' id='word_1_198' title='bbox 1270 2751 1389 2838; x_wconf 89' lang='lat' dir='ltr'><strong>Deus,</strong></span> <span class='ocrx_word' id='word_1_199' title='bbox 1406 2776 1425 2814; x_wconf 84' lang='lat' dir='ltr'><strong>u</strong></span> <span class='ocrx_word' id='word_1_200' title='bbox 1443 2746 1580 2820; x_wconf 89' lang='lat' dir='ltr'><strong>dictum</strong></span> <span class='ocrx_word' id='word_1_201' title='bbox 1596 2748 1706 2846; x_wconf 91' lang='lat' dir='ltr'><strong>ipsius</strong></span> <span class='ocrx_word' id='word_1_202' title='bbox 1721 2747 1804 2836; x_wconf 89' lang='lat' dir='ltr'><strong>Dei,</strong></span> <span class='ocrx_word' id='word_1_203' title='bbox 1828 2747 1867 2820; x_wconf 88' lang='lat' dir='ltr'><strong>id</strong></span> <span class='ocrx_word' id='word_1_204' title='bbox 1890 2763 1945 2820; x_wconf 87' lang='lat' dir='ltr'><strong>est</strong></span> <span class='ocrx_word' id='word_1_205' title='bbox 1958 2751 2039 2820; x_wconf 85' lang='lat' dir='ltr'><strong>Ver·</strong></span> 
     </span>
     <span class='ocr_line' id='line_1_20' title="bbox 461 2865 2040 2966; baseline -0.001 -27"><span class='ocrx_word' id='word_1_206' title='bbox 461 2867 552 2940; x_wconf 91' lang='lat' dir='ltr'><strong>bum</strong></span> <span class='ocrx_word' id='word_1_207' title='bbox 575 2868 669 2964; x_wconf 90' lang='lat' dir='ltr'><strong>ejus,</strong></span> <span class='ocrx_word' id='word_1_208' title='bbox 693 2866 791 2964; x_wconf 90' lang='lat' dir='ltr'><strong>quod</strong></span> <span class='ocrx_word' id='word_1_209' title='bbox 813 2881 866 2938; x_wconf 90' lang='lat' dir='ltr'><strong>est</strong></span> <span class='ocrx_word' id='word_1_210' title='bbox 887 2865 1015 2956; x_wconf 85' lang='lat' dir='ltr'><strong>Filius,</strong></span> <span class='ocrx_word' id='word_1_211' title='bbox 1038 2892 1121 2939; x_wconf 91' lang='lat' dir='ltr'><strong>cum</strong></span> <span class='ocrx_word' id='word_1_212' title='bbox 1141 2868 1220 2966; x_wconf 90' lang='lat' dir='ltr'><strong>ipso</strong></span> <span class='ocrx_word' id='word_1_213' title='bbox 1244 2867 1378 2966; x_wconf 90' lang='lat' dir='ltr'><strong>pariter</strong></span> <span class='ocrx_word' id='word_1_214' title='bbox 1405 2871 1509 2940; x_wconf 86' lang='lat' dir='ltr'><strong>Patre</strong></span> <span class='ocrx_word' id='word_1_215' title='bbox 1535 2879 1700 2965; x_wconf 65' lang='lat' dir='ltr'><strong>patema</strong></span> <span class='ocrx_word' id='word_1_216' title='bbox 1723 2867 1908 2964; x_wconf 85' lang='lat' dir='ltr'><strong>expressit.</strong></span> <span class='ocrx_word' id='word_1_217' title='bbox 1935 2870 2040 2940; x_wconf 88' lang='lat' dir='ltr'><strong>Nemo</strong></span> 
     </span>
     <span class='ocr_line' id='line_1_21' title="bbox 462 2983 2041 3084; baseline -0.002 -25"><span class='ocrx_word' id='word_1_218' title='bbox 462 2987 597 3059; x_wconf 87' lang='lat' dir='ltr'><strong>etenim</strong></span> <span class='ocrx_word' id='word_1_219' title='bbox 619 2986 695 3058; x_wconf 89' lang='lat' dir='ltr'><strong>sani</strong></span> <span class='ocrx_word' id='word_1_220' title='bbox 712 2985 836 3083; x_wconf 91' lang='lat' dir='ltr'><strong>capitis</strong></span> <span class='ocrx_word' id='word_1_221' title='bbox 854 2985 903 3056; x_wconf 91' lang='lat' dir='ltr'><strong>ita</strong></span> <span class='ocrx_word' id='word_1_222' title='bbox 918 2983 1080 3082; x_wconf 88' lang='lat' dir='ltr'><strong>desipere</strong></span> <span class='ocrx_word' id='word_1_223' title='bbox 1096 2999 1236 3084; x_wconf 90' lang='lat' dir='ltr'><strong>potest,</strong></span> <span class='ocrx_word' id='word_1_224' title='bbox 1254 3001 1294 3058; x_wconf 90' lang='lat' dir='ltr'><strong>ut</strong></span> <span class='ocrx_word' id='word_1_225' title='bbox 1309 2983 1381 3058; x_wconf 91' lang='lat' dir='ltr'><strong>hoc</strong></span> <span class='ocrx_word' id='word_1_226' title='bbox 1396 2983 1533 3058; x_wconf 87' lang='lat' dir='ltr'><strong>dictum</strong></span> <span class='ocrx_word' id='word_1_227' title='bbox 1548 2983 1735 3083; x_wconf 73' lang='lat' dir='ltr'><strong>corporale</strong></span> <span class='ocrx_word' id='word_1_228' title='bbox 1752 2985 1918 3074; x_wconf 85' lang='lat' dir='ltr'><strong>aestimet,</strong></span> <span class='ocrx_word' id='word_1_229' title='bbox 1935 3009 2041 3084; x_wconf 85' lang='lat' dir='ltr'><strong>quum</strong></span> 
     </span>
     <span class='ocr_line' id='line_1_22' title="bbox 463 3101 2042 3202; baseline 0.001 -25"><span class='ocrx_word' id='word_1_230' title='bbox 463 3130 531 3178; x_wconf 91' lang='lat' dir='ltr'><strong>nec</strong></span> <span class='ocrx_word' id='word_1_231' title='bbox 547 3104 745 3202; x_wconf 89' lang='lat' dir='ltr'><strong>corporalis</strong></span> <span class='ocrx_word' id='word_1_232' title='bbox 765 3106 809 3176; x_wconf 90' lang='lat' dir='ltr'><strong>sit</strong></span> <span class='ocrx_word' id='word_1_233' title='bbox 829 3103 1019 3192; x_wconf 88' lang='lat' dir='ltr'><strong>divinitas,</strong></span> <span class='ocrx_word' id='word_1_234' title='bbox 1039 3127 1106 3176; x_wconf 90' lang='lat' dir='ltr'><strong>nec</strong></span> <span class='ocrx_word' id='word_1_235' title='bbox 1122 3104 1224 3201; x_wconf 88' lang='lat' dir='ltr'><strong>loqui</strong></span> <span class='ocrx_word' id='word_1_236' title='bbox 1243 3104 1478 3202; x_wconf 87' lang='lat' dir='ltr'><strong>corporaliter</strong></span> <span class='ocrx_word' id='word_1_237' title='bbox 1492 3103 1645 3193; x_wconf 86' lang='lat' dir='ltr'><strong>habeat,</strong></span> <span class='ocrx_word' id='word_1_238' title='bbox 1664 3127 1732 3176; x_wconf 89' lang='lat' dir='ltr'><strong>nec</strong></span> <span class='ocrx_word' id='word_1_239' title='bbox 1748 3101 1867 3176; x_wconf 90' lang='lat' dir='ltr'><strong>adbuc</strong></span> <span class='ocrx_word' id='word_1_240' title='bbox 1882 3105 1941 3176; x_wconf 90' lang='lat' dir='ltr'><strong>cui</strong></span> <span class='ocrx_word' id='word_1_241' title='bbox 1962 3129 2042 3178; x_wconf 87' lang='lat' dir='ltr'><strong>eum</strong></span> 
     </span>
     <span class='ocr_line' id='line_1_23' title="bbox 462 3199 2039 3323; baseline -0.004 -26"><span class='ocrx_word' id='word_1_242' title='bbox 462 3225 562 3323; x_wconf 91' lang='lat' dir='ltr'><strong>loqui</strong></span> <span class='ocrx_word' id='word_1_243' title='bbox 576 3199 811 3322; x_wconf 74' lang='lat' dir='ltr'><strong>corporaliter</strong></span> <span class='ocrx_word' id='word_1_244' title='bbox 826 3235 1008 3322; x_wconf 90' lang='lat' dir='ltr'><strong>oporteret</strong></span> <span class='ocrx_word' id='word_1_245' title='bbox 1024 3223 1225 3296; x_wconf 87' lang='lat' dir='ltr'><strong>adsisteret.</strong></span> <span class='ocrx_word' id='word_1_246' title='bbox 1239 3221 1307 3296; x_wconf 90' lang='lat' dir='ltr'><strong>Ubi</strong></span> <span class='ocrx_word' id='word_1_247' title='bbox 1322 3236 1442 3296; x_wconf 89' lang='lat' dir='ltr'><strong>autem</strong></span> <span class='ocrx_word' id='word_1_248' title='bbox 1457 3246 1526 3296; x_wconf 94' lang='lat' dir='ltr'><strong>nos</strong></span> <span class='ocrx_word' id='word_1_249' title='bbox 1540 3221 1706 3312; x_wconf 81' lang='lat' dir='ltr'><strong>dioiurtrs,</strong></span> <span class='ocrx_word' id='word_1_250' title='bbox 1725 3251 1743 3290; x_wconf 82' lang='lat' dir='ltr'><strong>tt</strong></span> <span class='ocrx_word' id='word_1_251' title='bbox 1754 3223 1890 3296; x_wconf 88' lang='lat' dir='ltr'><strong>creavit</strong></span> <span class='ocrx_word' id='word_1_252' title='bbox 1901 3227 2039 3314; x_wconf 57' lang='lat' dir='ltr'><strong>Deus»</strong></span> 
     </span>
     <span class='ocr_line' id='line_1_24' title="bbox 463 3341 2040 3443; baseline 0.001 -28"><span class='ocrx_word' id='word_1_253' title='bbox 463 3369 531 3443; x_wconf 94' lang='lat' dir='ltr'><strong>pro</strong></span> <span class='ocrx_word' id='word_1_254' title='bbox 561 3369 606 3416; x_wconf 92' lang='lat' dir='ltr'><strong>eo</strong></span> <span class='ocrx_word' id='word_1_255' title='bbox 638 3343 1038 3441; x_wconf 78' lang='lat' dir='ltr'><strong>quodest«1)eus‚»</strong></span> <span class='ocrx_word' id='word_1_256' title='bbox 1071 3345 1109 3414; x_wconf 93' lang='lat' dir='ltr'><strong>in</strong></span> <span class='ocrx_word' id='word_1_257' title='bbox 1134 3342 1285 3416; x_wconf 84' lang='lat' dir='ltr'><strong>Hebrteo</strong></span> <span class='ocrx_word' id='word_1_258' title='bbox 1317 3342 1471 3416; x_wconf 90' lang='lat' dir='ltr'><strong>habetur</strong></span> <span class='ocrx_word' id='word_1_259' title='bbox 1507 3343 1656 3437; x_wconf 82' lang='lat' dir='ltr'><strong>Heloym</strong></span> <span class='ocrx_word' id='word_1_260' title='bbox 1668 3397 1681 3431; x_wconf 87' lang='lat'><strong>,</strong></span> <span class='ocrx_word' id='word_1_261' title='bbox 1712 3343 1813 3441; x_wconf 87' lang='lat' dir='ltr'><strong>quod</strong></span> <span class='ocrx_word' id='word_1_262' title='bbox 1842 3341 2040 3416; x_wconf 86' lang='lat' dir='ltr'><strong>divinatum</strong></span> 
     </span>
     <span class='ocr_line' id='line_1_25' title="bbox 462 3449 2041 3562; baseline 0.002 -29"><span class='ocrx_word' id='word_1_263' title='bbox 462 3487 697 3562; x_wconf 90' lang='lat' dir='ltr'><strong>personarum</strong></span> <span class='ocrx_word' id='word_1_264' title='bbox 723 3461 962 3560; x_wconf 86' lang='lat' dir='ltr'><strong>pluralitatem</strong></span> <span class='ocrx_word' id='word_1_265' title='bbox 989 3461 1160 3534; x_wconf 87' lang='lat' dir='ltr'><strong>ostendit.</strong></span> <span class='ocrx_word' id='word_1_266' title='bbox 1186 3462 1258 3532; x_wconf 87' lang='lat' dir='ltr'><strong>Hel</strong></span> <span class='ocrx_word' id='word_1_267' title='bbox 1282 3449 1417 3562; x_wconf 83' lang='lat' dir='ltr'><strong>quippe</strong></span> <span class='ocrx_word' id='word_1_268' title='bbox 1445 3461 1622 3560; x_wconf 67' lang='lat' dir='ltr'><strong>singulare</strong></span> <span class='ocrx_word' id='word_1_269' title='bbox 1645 3477 1720 3552; x_wconf 86' lang='lat' dir='ltr'><strong>est,</strong></span> <span class='ocrx_word' id='word_1_270' title='bbox 1747 3462 1849 3561; x_wconf 91' lang='lat' dir='ltr'><strong>quod</strong></span> <span class='ocrx_word' id='word_1_271' title='bbox 1878 3463 2041 3562; x_wconf 76' lang='lat' dir='ltr'><strong>interpre-</strong></span> 
     </span>
     <span class='ocr_line' id='line_1_26' title="bbox 463 3578 2037 3680; baseline 0.002 -28"><span class='ocrx_word' id='word_1_272' title='bbox 463 3595 559 3652; x_wconf 89' lang='lat' dir='ltr'><strong>tatur</strong></span> <span class='ocrx_word' id='word_1_273' title='bbox 577 3609 595 3648; x_wconf 75' lang='lat' dir='ltr'><strong>a</strong></span> <span class='ocrx_word' id='word_1_274' title='bbox 609 3583 722 3670; x_wconf 73' lang='lat' dir='ltr'><strong>Deus,</strong></span> <span class='ocrx_word' id='word_1_275' title='bbox 741 3608 758 3646; x_wconf 88' lang='lat'>»</span> <span class='ocrx_word' id='word_1_276' title='bbox 777 3579 928 3674; x_wconf 84' lang='lat' dir='ltr'><strong>Heloym</strong></span> <span class='ocrx_word' id='word_1_277' title='bbox 949 3604 1036 3651; x_wconf 90' lang='lat' dir='ltr'><strong>vero</strong></span> <span class='ocrx_word' id='word_1_278' title='bbox 1052 3578 1190 3679; x_wconf 86' lang='lat' dir='ltr'><strong>plurale</strong></span> <span class='ocrx_word' id='word_1_279' title='bbox 1213 3593 1285 3670; x_wconf 90' lang='lat' dir='ltr'><strong>est,</strong></span> <span class='ocrx_word' id='word_1_280' title='bbox 1311 3605 1376 3680; x_wconf 90' lang='lat' dir='ltr'><strong>per</strong></span> <span class='ocrx_word' id='word_1_281' title='bbox 1400 3581 1502 3680; x_wconf 91' lang='lat' dir='ltr'><strong>quod</strong></span> <span class='ocrx_word' id='word_1_282' title='bbox 1521 3581 1763 3655; x_wconf 84' lang='lat' dir='ltr'><strong>diversitatem</strong></span> <span class='ocrx_word' id='word_1_283' title='bbox 1787 3605 2037 3680; x_wconf 84' lang='lat' dir='ltr'><strong>personarum,</strong></span> 
     </span>
     <span class='ocr_line' id='line_1_27' title="bbox 463 3697 2039 3798; baseline 0.004 -29"><span class='ocrx_word' id='word_1_284' title='bbox 463 3721 617 3796; x_wconf 91' lang='lat' dir='ltr'><strong>quarum</strong></span> <span class='ocrx_word' id='word_1_285' title='bbox 643 3721 864 3796; x_wconf 74' lang='lat' dir='ltr'><strong>unaquaeque</strong></span> <span class='ocrx_word' id='word_1_286' title='bbox 888 3702 984 3770; x_wconf 88' lang='lat' dir='ltr'><strong>Deus</strong></span> <span class='ocrx_word' id='word_1_287' title='bbox 1004 3712 1079 3789; x_wconf 88' lang='lat' dir='ltr'><strong>est,</strong></span> <span class='ocrx_word' id='word_1_288' title='bbox 1097 3697 1337 3797; x_wconf 84' lang='lat' dir='ltr'><strong>intelligimus.</strong></span> <span class='ocrx_word' id='word_1_289' title='bbox 1364 3699 1468 3774; x_wconf 90' lang='lat' dir='ltr'><strong>Unde</strong></span> <span class='ocrx_word' id='word_1_290' title='bbox 1483 3714 1603 3774; x_wconf 90' lang='lat' dir='ltr'><strong>autem</strong></span> <span class='ocrx_word' id='word_1_291' title='bbox 1618 3701 1756 3774; x_wconf 90' lang='lat' dir='ltr'><strong>dictum</strong></span> <span class='ocrx_word' id='word_1_292' title='bbox 1771 3716 1841 3790; x_wconf 90' lang='lat' dir='ltr'><strong>est,</strong></span> <span class='ocrx_word' id='word_1_293' title='bbox 1863 3729 1883 3770; x_wconf 81' lang='lat' dir='ltr'><strong>n</strong></span> <span class='ocrx_word' id='word_1_294' title='bbox 1896 3701 2039 3798; x_wconf 79' lang='lat' dir='ltr'><strong>Heloynt</strong></span> 
     </span>
     <span class='ocr_line' id='line_1_28' title="bbox 464 3820 2040 3920; baseline 0.003 -28"><span class='ocrx_word' id='word_1_295' title='bbox 464 3820 619 3910; x_wconf 90' lang='lat' dir='ltr'><strong>creavit,</strong></span> <span class='ocrx_word' id='word_1_296' title='bbox 637 3847 657 3886; x_wconf 84' lang='lat' dir='ltr'><strong>n</strong></span> <span class='ocrx_word' id='word_1_297' title='bbox 683 3843 772 3908; x_wconf 90' lang='lat' dir='ltr'><strong>non,</strong></span> <span class='ocrx_word' id='word_1_298' title='bbox 798 3821 1033 3892; x_wconf 85' lang='lat' dir='ltr'><strong>creaverunt?</strong></span> <span class='ocrx_word' id='word_1_299' title='bbox 1057 3834 1098 3893; x_wconf 88' lang='lat' dir='ltr'><strong>ut</strong></span> <span class='ocrx_word' id='word_1_300' title='bbox 1121 3820 1287 3894; x_wconf 88' lang='lat' dir='ltr'><strong>videlicet</strong></span> <span class='ocrx_word' id='word_1_301' title='bbox 1310 3821 1357 3895; x_wconf 88' lang='lat' dir='ltr'><strong>ad</strong></span> <span class='ocrx_word' id='word_1_302' title='bbox 1387 3820 1525 3920; x_wconf 90' lang='lat' dir='ltr'><strong>plurale</strong></span> <span class='ocrx_word' id='word_1_303' title='bbox 1541 3845 1674 3895; x_wconf 90' lang='lat' dir='ltr'><strong>nomen</strong></span> <span class='ocrx_word' id='word_1_304' title='bbox 1690 3820 1870 3918; x_wconf 88' lang='lat' dir='ltr'><strong>singulare</strong></span> <span class='ocrx_word' id='word_1_305' title='bbox 1894 3821 2040 3896; x_wconf 87' lang='lat' dir='ltr'><strong>verbum</strong></span> 
     </span>
     <span class='ocr_line' id='line_1_29' title="bbox 464 3939 2037 4041; baseline 0.003 -29"><span class='ocrx_word' id='word_1_306' title='bbox 464 3940 675 4028; x_wconf 78' lang='lat' dir='ltr'><strong>referretur3</strong></span> <span class='ocrx_word' id='word_1_307' title='bbox 702 3953 878 4037; x_wconf 89' lang='lat' dir='ltr'><strong>quatenus</strong></span> <span class='ocrx_word' id='word_1_308' title='bbox 902 3940 1143 4013; x_wconf 87' lang='lat' dir='ltr'><strong>insinuaretur</strong></span> <span class='ocrx_word' id='word_1_309' title='bbox 1167 3942 1204 4013; x_wconf 94' lang='lat' dir='ltr'><strong>in</strong></span> <span class='ocrx_word' id='word_1_310' title='bbox 1229 3939 1344 4013; x_wconf 87' lang='lat' dir='ltr'><strong>tribus</strong></span> <span class='ocrx_word' id='word_1_311' title='bbox 1370 3940 1438 4014; x_wconf 92' lang='lat' dir='ltr'><strong>illis</strong></span> <span class='ocrx_word' id='word_1_312' title='bbox 1462 3942 1626 4041; x_wconf 88' lang='lat' dir='ltr'><strong>personis</strong></span> <span class='ocrx_word' id='word_1_313' title='bbox 1651 3964 1726 4014; x_wconf 93' lang='lat' dir='ltr'><strong>non</strong></span> <span class='ocrx_word' id='word_1_314' title='bbox 1752 3955 1823 4014; x_wconf 86' lang='lat' dir='ltr'><strong>tres</strong></span> <span class='ocrx_word' id='word_1_315' title='bbox 1846 3957 2037 4032; x_wconf 81' lang='lat' dir='ltr'><strong>creatores,</strong></span> 
     </span>
     <span class='ocr_line' id='line_1_30' title="bbox 462 4059 2040 4160; baseline -0.001 -24"><span class='ocrx_word' id='word_1_316' title='bbox 462 4060 656 4136; x_wconf 86' lang='lat' dir='ltr'><strong>sedunum</strong></span> <span class='ocrx_word' id='word_1_317' title='bbox 676 4074 815 4133; x_wconf 91' lang='lat' dir='ltr'><strong>tantum</strong></span> <span class='ocrx_word' id='word_1_318' title='bbox 834 4059 966 4132; x_wconf 91' lang='lat' dir='ltr'><strong>debere</strong></span> <span class='ocrx_word' id='word_1_319' title='bbox 988 4059 1147 4156; x_wconf 90' lang='lat' dir='ltr'><strong>intelligi.</strong></span> <span class='ocrx_word' id='word_1_320' title='bbox 1171 4065 1293 4148; x_wconf 86' lang='lat' dir='ltr'><strong>Quum</strong></span> <span class='ocrx_word' id='word_1_321' title='bbox 1308 4060 1415 4157; x_wconf 91' lang='lat' dir='ltr'><strong>igitur</strong></span> <span class='ocrx_word' id='word_1_322' title='bbox 1430 4061 1521 4134; x_wconf 84' lang='lat' dir='ltr'><strong>dixit</strong></span> <span class='ocrx_word' id='word_1_323' title='bbox 1533 4091 1553 4130; x_wconf 89' lang='grc'>«</span> <span class='ocrx_word' id='word_1_324' title='bbox 1565 4059 1719 4158; x_wconf 75' lang='lat' dir='ltr'><strong>Heloym</strong></span> <span class='ocrx_word' id='word_1_325' title='bbox 1732 4061 1865 4134; x_wconf 88' lang='lat' dir='ltr'><strong>creavit</strong></span> <span class='ocrx_word' id='word_1_326' title='bbox 1880 4090 1898 4132; x_wconf 81' lang='lat' dir='ltr'><strong>n</strong></span> <span class='ocrx_word' id='word_1_327' title='bbox 1918 4063 2040 4160; x_wconf 90' lang='lat' dir='ltr'><strong>inquo</strong></span> 
     </span>
     <span class='ocr_line' id='line_1_31' title="bbox 463 4180 2040 4280; baseline 0 -26"><span class='ocrx_word' id='word_1_328' title='bbox 463 4182 601 4254; x_wconf 89' lang='lat' dir='ltr'><strong>divinas</strong></span> <span class='ocrx_word' id='word_1_329' title='bbox 617 4205 789 4279; x_wconf 91' lang='lat' dir='ltr'><strong>personas</strong></span> <span class='ocrx_word' id='word_1_330' title='bbox 805 4182 937 4277; x_wconf 88' lang='lat' dir='ltr'><strong>pariter</strong></span> <span class='ocrx_word' id='word_1_331' title='bbox 950 4181 1137 4279; x_wconf 89' lang='lat' dir='ltr'><strong>cooperari</strong></span> <span class='ocrx_word' id='word_1_332' title='bbox 1150 4181 1292 4271; x_wconf 88' lang='lat' dir='ltr'><strong>docuit,</strong></span> <span class='ocrx_word' id='word_1_333' title='bbox 1305 4181 1468 4279; x_wconf 82' lang='lat' dir='ltr'><strong>proiecto</strong></span> <span class='ocrx_word' id='word_1_334' title='bbox 1483 4180 1635 4256; x_wconf 87' lang='lat' dir='ltr'><strong>indivisa</strong></span> <span class='ocrx_word' id='word_1_335' title='bbox 1650 4205 1727 4254; x_wconf 87' lang='lat' dir='ltr'><strong>esse</strong></span> <span class='ocrx_word' id='word_1_336' title='bbox 1742 4203 1854 4280; x_wconf 89' lang='lat' dir='ltr'><strong>opera</strong></span> <span class='ocrx_word' id='word_1_337' title='bbox 1865 4183 2040 4254; x_wconf 81' lang='lat' dir='ltr'><strong>Trinitatis</strong></span> 
     </span>
     <span class='ocr_line' id='line_1_32' title="bbox 463 4297 2039 4400; baseline 0 -28"><span class='ocrx_word' id='word_1_338' title='bbox 463 4297 624 4400; x_wconf 75' lang='lat' dir='ltr'><strong>praefixit.</strong></span> <span class='ocrx_word' id='word_1_339' title='bbox 642 4303 762 4386; x_wconf 90' lang='lat' dir='ltr'><strong>Quum</strong></span> <span class='ocrx_word' id='word_1_340' title='bbox 779 4313 900 4372; x_wconf 88' lang='lat' dir='ltr'><strong>autem</strong></span> <span class='ocrx_word' id='word_1_341' title='bbox 915 4298 1166 4400; x_wconf 79' lang='lat' dir='ltr'><strong>postmodam,</strong></span> <span class='ocrx_word' id='word_1_342' title='bbox 1185 4313 1226 4371; x_wconf 89' lang='lat' dir='ltr'><strong>ut</strong></span> <span class='ocrx_word' id='word_1_343' title='bbox 1238 4298 1408 4389; x_wconf 81' lang='lat' dir='ltr'><strong>diximus,</strong></span> <span class='ocrx_word' id='word_1_344' title='bbox 1428 4302 1540 4374; x_wconf 89' lang='lat' dir='ltr'><strong>Patris</strong></span> <span class='ocrx_word' id='word_1_345' title='bbox 1563 4313 1599 4374; x_wconf 87' lang='lat' dir='ltr'><strong>et</strong></span> <span class='ocrx_word' id='word_1_346' title='bbox 1613 4299 1763 4399; x_wconf 86' lang='lat' dir='ltr'><strong>Spiritus</strong></span> <span class='ocrx_word' id='word_1_347' title='bbox 1779 4314 1816 4372; x_wconf 89' lang='lat' dir='ltr'><strong>et</strong></span> <span class='ocrx_word' id='word_1_348' title='bbox 1830 4301 1941 4374; x_wconf 88' lang='lat' dir='ltr'><strong>Verbi</strong></span> <span class='ocrx_word' id='word_1_349' title='bbox 1962 4325 2039 4400; x_wconf 91' lang='lat' dir='ltr'><strong>per-</strong></span> 
     </span>
     <span class='ocr_line' id='line_1_33' title="bbox 462 4405 1654 4516; baseline 0 -22"><span class='ocrx_word' id='word_1_350' title='bbox 462 4445 569 4494; x_wconf 91' lang='lat' dir='ltr'><strong>sonas</strong></span> <span class='ocrx_word' id='word_1_351' title='bbox 585 4419 761 4508; x_wconf 85' lang='lat' dir='ltr'><strong>distinxit,</strong></span> <span class='ocrx_word' id='word_1_352' title='bbox 781 4405 908 4516; x_wconf 68' lang='lat' dir='ltr'><strong>in&#39;quo</strong></span> <span class='ocrx_word' id='word_1_353' title='bbox 925 4419 985 4491; x_wconf 92' lang='lat' dir='ltr'><strong>illa</strong></span> <span class='ocrx_word' id='word_1_354' title='bbox 999 4419 1210 4494; x_wconf 87' lang='lat' dir='ltr'><strong>consisteret</strong></span> <span class='ocrx_word' id='word_1_355' title='bbox 1223 4421 1377 4494; x_wconf 88' lang='lat' dir='ltr'><strong>Trinitas</strong></span> <span class='ocrx_word' id='word_1_356' title='bbox 1392 4419 1654 4494; x_wconf 87' lang='lat' dir='ltr'><strong>determinavit.</strong></span> 
     </span>
    </p>

    <p class='ocr_par' dir='ltr' id='par_1_4' title="bbox 512 4538 2041 4638">
     <span class='ocr_line' id='line_1_34' title="bbox 512 4538 2041 4638; baseline 0.004 -25"><span class='ocrx_word' id='word_1_357' title='bbox 512 4540 718 4629; x_wconf 79' lang='lat' dir='ltr'><strong>Notandum</strong></span> <span class='ocrx_word' id='word_1_358' title='bbox 731 4564 817 4612; x_wconf 90' lang='lat' dir='ltr'><strong>vero</strong></span> <span class='ocrx_word' id='word_1_359' title='bbox 833 4565 900 4638; x_wconf 95' lang='lat' dir='ltr'><strong>pro</strong></span> <span class='ocrx_word' id='word_1_360' title='bbox 917 4565 961 4611; x_wconf 87' lang='lat' dir='ltr'><strong>eo</strong></span> <span class='ocrx_word' id='word_1_361' title='bbox 977 4541 1077 4637; x_wconf 90' lang='lat' dir='ltr'><strong>quod</strong></span> <span class='ocrx_word' id='word_1_362' title='bbox 1089 4538 1257 4614; x_wconf 84' lang='lat' dir='ltr'><strong>dicimus:</strong></span> <span class='ocrx_word' id='word_1_363' title='bbox 1277 4544 1383 4615; x_wconf 78' lang='lat' dir='ltr'><strong>«Fiat</strong></span> <span class='ocrx_word' id='word_1_364' title='bbox 1399 4541 1478 4632; x_wconf 86' lang='lat' dir='ltr'><strong>lux,</strong></span> <span class='ocrx_word' id='word_1_365' title='bbox 1496 4557 1533 4616; x_wconf 89' lang='lat' dir='ltr'><strong>et</strong></span> <span class='ocrx_word' id='word_1_366' title='bbox 1545 4541 1637 4616; x_wconf 84' lang='lat' dir='ltr'><strong>iacta</strong></span> <span class='ocrx_word' id='word_1_367' title='bbox 1652 4557 1706 4616; x_wconf 88' lang='lat' dir='ltr'><strong>est</strong></span> <span class='ocrx_word' id='word_1_368' title='bbox 1717 4541 1796 4632; x_wconf 89' lang='lat' dir='ltr'><strong>lux,</strong></span> <span class='ocrx_word' id='word_1_369' title='bbox 1809 4571 1828 4610; x_wconf 82' lang='lat' dir='ltr'><strong>u</strong></span> <span class='ocrx_word' id='word_1_370' title='bbox 1839 4544 1881 4616; x_wconf 87' lang='lat' dir='ltr'><strong>in</strong></span> <span class='ocrx_word' id='word_1_371' title='bbox 1894 4544 2041 4619; x_wconf 80' lang='lat' dir='ltr'><strong>Hebraeo</strong></span> 
     </span>
    </p>
   </div>
   <div class='ocr_carea' id='block_1_3' title="bbox 347 4659 2043 4762">
    <p class='ocr_par' dir='ltr' id='par_1_5' title="bbox 347 4659 2043 4762">
     <span class='ocr_line' id='line_1_35' title="bbox 347 4659 2043 4762; baseline 0.002 -29"><span class='ocrx_word' id='word_1_372' title='bbox 347 4721 355 4733; x_wconf 94' lang='lat'><strong>.</strong></span> <span class='ocrx_word' id='word_1_373' title='bbox 463 4661 589 4744; x_wconf 84' lang='lat' dir='ltr'><strong>haberi</strong></span> <span class='ocrx_word' id='word_1_374' title='bbox 605 4685 613 4729; x_wconf 91' lang='lat'><strong>:</strong></span> <span class='ocrx_word' id='word_1_375' title='bbox 636 4689 654 4728; x_wconf 82' lang='lat' dir='ltr'><strong>tt</strong></span> <span class='ocrx_word' id='word_1_376' title='bbox 668 4661 720 4730; x_wconf 91' lang='lat' dir='ltr'><strong>Sit</strong></span> <span class='ocrx_word' id='word_1_377' title='bbox 737 4659 810 4748; x_wconf 89' lang='lat' dir='ltr'><strong>lux,</strong></span> <span class='ocrx_word' id='word_1_378' title='bbox 825 4675 861 4732; x_wconf 90' lang='lat' dir='ltr'><strong>et</strong></span> <span class='ocrx_word' id='word_1_379' title='bbox 876 4659 942 4732; x_wconf 83' lang='lat' dir='ltr'><strong>tuit</strong></span> <span class='ocrx_word' id='word_1_380' title='bbox 956 4659 1034 4748; x_wconf 90' lang='lat' dir='ltr'><strong>lux;</strong></span> <span class='ocrx_word' id='word_1_381' title='bbox 1051 4689 1070 4728; x_wconf 81' lang='lat' dir='ltr'><strong>n</strong></span> <span class='ocrx_word' id='word_1_382' title='bbox 1089 4673 1125 4732; x_wconf 89' lang='lat' dir='ltr'><strong>et</strong></span> <span class='ocrx_word' id='word_1_383' title='bbox 1136 4660 1295 4734; x_wconf 88' lang='lat' dir='ltr'><strong>similiter</strong></span> <span class='ocrx_word' id='word_1_384' title='bbox 1311 4663 1349 4733; x_wconf 93' lang='lat' dir='ltr'><strong>in</strong></span> <span class='ocrx_word' id='word_1_385' title='bbox 1360 4663 1493 4735; x_wconf 80' lang='lat' dir='ltr'><strong>caeteris</strong></span> <span class='ocrx_word' id='word_1_386' title='bbox 1506 4677 1811 4760; x_wconf 80' lang='lat' dir='ltr'><strong>quaesoquuntur,</strong></span> <span class='ocrx_word' id='word_1_387' title='bbox 1824 4662 2043 4762; x_wconf 88' lang='lat' dir='ltr'><strong>ubicumque</strong></span> 
     </span>
    </p>
   </div>
   <div class='ocr_carea' id='block_1_4' title="bbox 463 4778 2043 5006">
    <p class='ocr_par' dir='ltr' id='par_1_6' title="bbox 463 4778 2043 5006">
     <span class='ocr_line' id='line_1_36' title="bbox 464 4778 2040 4870; baseline 0.002 -18"><span class='ocrx_word' id='word_1_388' title='bbox 464 4803 531 4852; x_wconf 93' lang='lat' dir='ltr'><strong>nos</strong></span> <span class='ocrx_word' id='word_1_389' title='bbox 542 4779 734 4857; x_wconf 84' lang='lat' dir='ltr'><strong>habemus:</strong></span> <span class='ocrx_word' id='word_1_390' title='bbox 752 4807 770 4846; x_wconf 84' lang='lat' dir='ltr'><strong>tt</strong></span> <span class='ocrx_word' id='word_1_391' title='bbox 778 4778 873 4850; x_wconf 87' lang='lat' dir='ltr'><strong>Dixit</strong></span> <span class='ocrx_word' id='word_1_392' title='bbox 882 4781 994 4852; x_wconf 86' lang='lat' dir='ltr'><strong>Deus:</strong></span> <span class='ocrx_word' id='word_1_393' title='bbox 1011 4808 1028 4847; x_wconf 79' lang='lat' dir='ltr'><strong>n</strong></span> <span class='ocrx_word' id='word_1_394' title='bbox 1037 4780 1113 4852; x_wconf 84' lang='lat' dir='ltr'><strong>Fiat</strong></span> <span class='ocrx_word' id='word_1_395' title='bbox 1120 4778 1204 4870; x_wconf 93' lang='lat' dir='ltr'><strong>hoc,</strong></span> <span class='ocrx_word' id='word_1_396' title='bbox 1215 4794 1251 4853; x_wconf 89' lang='lat' dir='ltr'><strong>et</strong></span> <span class='ocrx_word' id='word_1_397' title='bbox 1262 4779 1394 4854; x_wconf 83' lang='lat' dir='ltr'><strong>sactum</strong></span> <span class='ocrx_word' id='word_1_398' title='bbox 1406 4796 1459 4853; x_wconf 91' lang='lat' dir='ltr'><strong>est</strong></span> <span class='ocrx_word' id='word_1_399' title='bbox 1470 4782 1533 4870; x_wconf 75' lang='lat' dir='ltr'><strong>ita,</strong></span> <span class='ocrx_word' id='word_1_400' title='bbox 1544 4809 1562 4850; x_wconf 82' lang='lat' dir='ltr'><strong>n</strong></span> <span class='ocrx_word' id='word_1_401' title='bbox 1575 4781 1613 4853; x_wconf 94' lang='lat' dir='ltr'><strong>in</strong></span> <span class='ocrx_word' id='word_1_402' title='bbox 1626 4781 1776 4855; x_wconf 81' lang='lat' dir='ltr'><strong>Hebraeo</strong></span> <span class='ocrx_word' id='word_1_403' title='bbox 1788 4796 1841 4856; x_wconf 87' lang='lat' dir='ltr'><strong>est</strong></span> <span class='ocrx_word' id='word_1_404' title='bbox 1854 4810 1863 4854; x_wconf 75' lang='lat' dir='ltr'><strong>r</strong></span> <span class='ocrx_word' id='word_1_405' title='bbox 1878 4781 2040 4870; x_wconf 79' lang='lat' dir='ltr'><strong>«Sithoe,</strong></span> 
     </span>
     <span class='ocr_line' id='line_1_37' title="bbox 463 4897 2043 5006; baseline 0.003 -35"><span class='ocrx_word' id='word_1_406' title='bbox 463 4915 499 4972; x_wconf 90' lang='lat' dir='ltr'><strong>et</strong></span> <span class='ocrx_word' id='word_1_407' title='bbox 514 4897 580 4970; x_wconf 85' lang='lat' dir='ltr'><strong>snit</strong></span> <span class='ocrx_word' id='word_1_408' title='bbox 594 4899 655 4970; x_wconf 93' lang='lat' dir='ltr'><strong>ita.</strong></span> <span class='ocrx_word' id='word_1_409' title='bbox 670 4927 690 4968; x_wconf 88' lang='lat'>»</span> <span class='ocrx_word' id='word_1_410' title='bbox 710 4899 848 4986; x_wconf 88' lang='lat' dir='ltr'><strong>Quibus</strong></span> <span class='ocrx_word' id='word_1_411' title='bbox 860 4898 1007 4974; x_wconf 81' lang='lat' dir='ltr'><strong>sortasse</strong></span> <span class='ocrx_word' id='word_1_412' title='bbox 1023 4899 1142 4974; x_wconf 88' lang='lat' dir='ltr'><strong>verbis</strong></span> <span class='ocrx_word' id='word_1_413' title='bbox 1157 4902 1310 4976; x_wconf 79' lang='lat' dir='ltr'><strong>maxima</strong></span> <span class='ocrx_word' id='word_1_414' title='bbox 1322 4901 1482 4978; x_wconf 87' lang='lat' dir='ltr'><strong>celeritas</strong></span> <span class='ocrx_word' id='word_1_415' title='bbox 1498 4901 1628 4976; x_wconf 77' lang='lat' dir='ltr'><strong>divine</strong></span> <span class='ocrx_word' id='word_1_416' title='bbox 1640 4902 1859 5006; x_wconf 87' lang='lat' dir='ltr'><strong>operationis</strong></span> <span class='ocrx_word' id='word_1_417' title='bbox 1875 4902 2043 5002; x_wconf 75' lang='lat' dir='ltr'><strong>exprimi·</strong></span> 
     </span>
    </p>
   </div>
   <div class='ocr_carea' id='block_1_5' title="bbox 496 5143 1231 5214">
    <p class='ocr_par' dir='ltr' id='par_1_7' title="bbox 496 5143 1231 5214">
     <span class='ocr_line' id='line_1_38' title="bbox 496 5143 1231 5214; baseline 0.004 -18"><span class='ocrx_word' id='word_1_418' title='bbox 496 5143 1125 5214; x_wconf 73' lang='lat' dir='ltr'><strong>⁸toan.,eap.r‚v.a.·-¹ttom.,esp.1.r.ra</strong></span> <span class='ocrx_word' id='word_1_419' title='bbox 1227 5175 1231 5184; x_wconf 95' lang='lat'>·</span> 
     </span>
    </p>
   </div>
   <div class='ocr_carea' id='block_1_6' title="bbox 0 0 2275 6100">
    <p class='ocr_par' dir='ltr' id='par_1_8' title="bbox 0 0 2275 6100">
     <span class='ocr_line' id='line_1_39' title="bbox 0 0 2275 6100; baseline 0 0"><span class='ocrx_word' id='word_1_420' title='bbox 0 0 2275 6100; x_wconf 95' lang='lat' dir='ltr'><strong> </strong></span> 
     </span>
    </p>
   </div>
  </div>
 </body>
</html>
