4522 6104
453 567 525 638 ott
1050 565 1178 638 PETRI
1204 565 1439 640 ABAELARDI

451 722 543 779 esset
556 706 702 795 diffusa,
720 708 787 778 nisi
799 706 891 778 sorte
907 706 958 795 id,
973 707 1073 804 quod
1089 731 1280 807 perversas
1295 723 1396 780 terrae
1411 707 1612 778 immissum
1625 719 1691 795 est,
1705 706 1780 802 ejus
1795 705 1934 778 minuat
1949 729 2033 803 pro-

452 825 676 899 funditatem.

502 953 579 1019 «Et
596 949 750 1036 vocavit,
771 975 788 1014 n
807 947 847 1018 td
864 961 917 1020 est
932 947 1054 1020 vocari
1071 947 1217 1043 dignam
1235 947 1317 1018 iecit
1332 945 1489 1034 aridam,
1518 944 1556 1018 id
1572 961 1626 1018 est
1641 945 1773 1018 siccam
1788 943 1886 1016 illam
1903 959 2032 1016 terram

449 1066 550 1162 aquis
566 1065 758 1138 detectam.
777 1071 883 1138 Terra
908 1066 1005 1138 enim
1031 1081 1107 1138 erat
1132 1066 1262 1154 etiam,
1281 1089 1394 1163 quum
1418 1063 1584 1136 limosam
1611 1087 1692 1136 eam
1717 1086 1817 1161 aquae
1842 1060 2032 1160 superfusas

449 1187 659 1276 redderent,
679 1187 742 1258 sed
759 1187 859 1262 arida
876 1211 973 1258 nunc
992 1186 1084 1258 sacta
1099 1201 1152 1258 cst
1168 1187 1270 1284 aquis
1286 1184 1510 1258 cedentibus.

499 1337 516 1377 n
528 1309 902 1405 congregationesque
914 1331 1128 1404 aquarum.»
1141 1305 1182 1378 ld
1190 1322 1244 1379 est
1253 1329 1376 1379 earum
1389 1307 1679 1379 continuationes
1688 1304 1771 1377 licet
1782 1303 1930 1376 diversis
1945 1301 2031 1375 locis

448 1427 710 1500 distinctarum.
731 1427 834 1525 Apud
852 1427 1020 1500 Hebraeos
1036 1428 1134 1500 enim
1151 1442 1288 1499 cunctae
1304 1450 1478 1524 aquarum
1495 1427 1810 1522 congregationes,
1828 1425 1900 1495 sive
1914 1423 2027 1510 salsae,

446 1547 521 1618 sive
542 1546 683 1636 dulces,
707 1545 877 1645 appellari
899 1547 1011 1617 maria
1027 1545 1209 1617 dicuntur.
1233 1551 1276 1617 Et
1299 1560 1386 1618 nota
1402 1545 1521 1643 quod,
1538 1570 1651 1642 quum
1672 1546 1709 1617 in
1736 1569 1846 1644 opere
1865 1542 2029 1615 secundae

446 1663 517 1738 diei
533 1667 758 1766 praemisisset
774 1694 781 1736 :
800 1693 817 1735 a
831 1670 876 1737 Et
893 1665 976 1738 fecit
991 1671 1086 1738 Deus
1104 1663 1389 1754 firmamentum,
1408 1664 1599 1763 divisitque
1620 1689 1748 1763 aquas,
1767 1680 1853 1754 etc,
1870 1693 1888 1732 u
1906 1677 2028 1761 postea

444 1787 633 1883 supposuit
653 1814 660 1857 :
684 1816 702 1852 a
717 1790 762 1855 Et
779 1784 912 1856 sactum
928 1799 982 1856 est
999 1785 1060 1856 ita.
1082 1812 1101 1851 u
1120 1784 1229 1871 Quod
1246 1809 1476 1883 nequaquam
1492 1785 1529 1856 in
1547 1785 1614 1858 ista
1630 1784 1908 1880 congregatione
1924 1805 2029 1880 aqua·

444 1928 526 1974 rum
548 1928 645 1974 nunc
666 1902 759 1976 sacta
781 1901 981 1977 observavi.
1007 1905 1085 1973 Non
1111 1903 1208 1974 enim
1231 1900 1319 1974 dixit
1339 1903 1437 2001 prius
1460 1918 1497 1975 et
1516 1917 1738 2000 congregate
1753 1915 1838 1974 sunt
1853 1925 1972 1998 aquae3
1990 1915 2029 1972 ut

444 2022 677 2117 postmodum
694 2020 880 2110 subderet,
900 2036 936 2093 et
951 2020 1084 2092 sactum
1101 2035 1154 2093 est
1169 2023 1235 2112 ita3
1260 2020 1323 2092 sed
1344 2035 1486 2093 tantum
1504 2020 1610 2112 dixit,
1629 2021 1714 2119 quia
1736 2021 1871 2093 iactum
1892 2034 1946 2091 est
1965 2021 2024 2091 ita.

442 2143 478 2212 Si
495 2143 592 2213 enirn
605 2142 764 2214 hicsicut
778 2141 827 2213 ibi
837 2141 1104 2240 supposuisset:
1121 2170 1139 2208 a
1149 2140 1346 2214 factumest
1356 2143 1442 2230 ita‚»
1457 2142 1608 2214 innuere
1623 2141 1805 2213 videretur
1822 2139 1924 2238 quod
1939 2142 2027 2212 sicut

442 2261 501 2334 illa
521 2261 707 2359 suspensio
729 2284 904 2358 aquarum
924 2273 1098 2357 perpetua
1117 2273 1187 2349 est,
1212 2260 1262 2332 ita
1285 2261 1393 2334 etiam
1413 2260 1489 2333 baec
1505 2260 1736 2357 congregatio
1752 2283 1878 2330 earum
1898 2288 1906 2330 :
1926 2260 2024 2355 quod

443 2405 672 2479 nequaquam
690 2404 816 2450 verum
842 2393 912 2467 est,
937 2403 1051 2476 quum
1076 2378 1210 2450 eaedem
1235 2402 1336 2476 aquae
1360 2394 1447 2452 tunc
1474 2381 1511 2454 in
1534 2404 1648 2452 unum
1668 2379 1790 2452 locum
1808 2378 1972 2452 adductae
1987 2393 2025 2450 ut

442 2514 630 2599 appareret
646 2497 765 2588 arida,
785 2501 821 2570 in
838 2497 975 2570 diluvio
992 2499 1064 2570 sint
1079 2497 1234 2570 reductae
1250 2513 1290 2570 ut
1305 2522 1386 2571 cam
1403 2515 1648 2597 contegerent.

493 2649 510 2688 a
527 2625 573 2693 Et
588 2620 689 2691 vidit.
710 2649 727 2687 u
750 2618 790 2690 td
806 2633 860 2690 est
875 2619 926 2689 sic
942 2619 1047 2691 istam
1063 2619 1378 2715 congregationem
1395 2620 1495 2710 fecit,
1514 2635 1554 2692 ut
1571 2619 1707 2717 bonam
1724 2645 1817 2710 esse,
1833 2635 1870 2693 et
1886 2621 1933 2694 ad
1950 2621 2022 2694 baec

439 2767 519 2838 quae
535 2740 692 2812 facturus
707 2753 784 2811 erat
800 2739 1056 2827 necessariam,
1075 2737 1309 2837 postmodum
1327 2762 1407 2811 eam
1425 2738 1539 2812 videri
1557 2738 1699 2814 faceret.

490 2890 508 2930 a
523 2861 707 2932 Germinet
723 2873 830 2930 terra.
847 2886 865 2926 n
885 2857 926 2929 ld
939 2873 992 2930 est
1008 2859 1044 2929 in
1060 2882 1098 2930 sc
1113 2860 1272 2956 primum
1287 2860 1468 2959 concipiat
1483 2859 1584 2957 quod
1600 2859 1733 2933 deinde
1744 2861 1922 2959 proferat,
1934 2864 2020 2935 sicut

438 3007 480 3052 ex
498 2995 676 3079 conceptu
688 2979 900 3078 producitur
915 2980 952 3050 in
969 2977 1087 3050 lucem
1104 2994 1240 3077 partus.
1260 2982 1313 3050 De
1329 3005 1403 3077 quo
1419 2980 1567 3078 quidem
1583 2994 1689 3078 partu
1706 2983 1827 3053 statim
1838 2981 2018 3054 adnectit:

440 3132 458 3168 a
478 3107 522 3172 Et
533 3099 695 3200 prottdit.
713 3096 853 3185 »Quod
869 3122 955 3170 vero
967 3097 1219 3197 interpositum
1232 3113 1308 3172 est:
1326 3127 1343 3166 a
1358 3103 1402 3171 Et
1414 3099 1547 3174 factum
1561 3113 1615 3172 est
1629 3100 1696 3190 ita,
1712 3127 1731 3168 a
1746 3100 1792 3172 ad
1806 3117 2019 3198 conceptum

437 3235 578 3293 tantum
594 3218 863 3316 germinationis
877 3216 1045 3315 pertinet.
1065 3218 1174 3305 Quod
1185 3242 1272 3289 vero
1292 3219 1413 3291 statim
1428 3219 1530 3292 addit
1545 3246 1554 3290 ε
1571 3223 1646 3290 «Et
1662 3218 1830 3317 protulit,
1846 3247 1863 3286 u
1881 3218 1951 3292 taie
1968 3236 2020 3292 est

436 3356 609 3438 tanquam
630 3341 659 3410 si
682 3338 817 3409 diceret
837 3365 844 3408 ι
866 3339 909 3407 Et
926 3361 1009 3408 mox
1026 3338 1266 3432 germinatum
1278 3337 1460 3436 produxit.
1480 3343 1526 3411 Et
1541 3353 1629 3411 nota
1643 3339 1744 3436 quod
1760 3365 1875 3438 quum
1890 3365 1932 3411 ex
1948 3354 2017 3412 ter·

436 3461 485 3530 ris
500 3458 557 3529 vel
578 3458 679 3555 aquis
702 3456 822 3552 aliqua
842 3455 1025 3552 procreari
1042 3455 1098 3526 vel
1122 3457 1221 3528 nasci
1242 3456 1426 3548 dicuntur,
1450 3483 1524 3530 non
1546 3459 1596 3530 sic
1618 3458 1869 3558 accipiendum
1891 3475 1960 3550 est,
1980 3463 2016 3532 ut

435 3604 478 3651 ex
496 3601 570 3647 uno
587 3589 729 3646 tantum
745 3574 924 3646 elemento
941 3587 1125 3666 constent,
1145 3576 1267 3650 sodex
1284 3577 1462 3651 obtinenti
1478 3579 1629 3652 nomina
1647 3580 1860 3671 sortiuntur,
1878 3583 1969 3653 sicut
1983 3597 2015 3654 et

434 3701 511 3796 ipsa
528 3693 716 3794 exquibus
732 3694 885 3793 produci
902 3694 1116 3768 reseruntur.

485 3846 502 3884 a
523 3814 680 3886 Herbam
702 3815 890 3886 virentem.
913 3842 930 3880 n
957 3819 1045 3902 Quae
1067 3831 1169 3888 terrae
1198 3816 1369 3890 radicitus
1388 3818 1587 3909 adhaerent,
1615 3835 1651 3892 et
1676 3846 1718 3893 cx
1744 3820 1900 3894 humore
1920 3847 2014 3920 aquae

434 3941 554 4010 vivere
580 3949 615 4006 et
640 3959 798 4006 crescere
823 3934 977 4023 habent,
1000 3951 1096 4008 recte
1120 3936 1297 4034 praedictae
1319 3937 1545 4036 dispositioni
1565 3954 1666 4012 terrae
1691 3956 1727 4013 et
1746 3964 1847 4038 aquae
1863 3942 1931 4015 sub
1947 3967 2013 4015 una

432 4059 492 4132 die
509 4071 757 4155 aggregantur.
779 4055 986 4127 Notandum
1003 4049 1110 4145 vero,
1131 4071 1172 4128 ut
1186 4057 1403 4155 quibusdam
1419 4060 1574 4150 videtur,
1598 4085 1637 4132 ex
1658 4060 1729 4132 hoc
1745 4064 1900 4134 maxime
1917 4064 2012 4134 innui

433 4177 610 4250 mnndum
627 4200 740 4246 verno
758 4190 920 4272 tempore
937 4173 992 4248 bis
1009 4174 1194 4267 adornari,
1220 4176 1320 4274 quod
1341 4177 1396 4248 his
1417 4180 1604 4252 nascituris
1620 4179 1666 4252 de
1682 4193 1775 4252 terra
1793 4181 1850 4254 vel
1869 4205 2011 4254 conser-

430 4297 557 4371 vandis
574 4319 723 4366 vernam
747 4294 956 4392 temperiem
978 4296 1215 4366 necessariam
1230 4295 1428 4369 videamus
1453 4297 1524 4370 Sed
1546 4298 1708 4397 proiecto
1728 4324 1803 4371 non
1819 4301 2009 4399 videoque

431 4421 570 4492 ratione
581 4417 676 4488 hanc
692 4416 920 4512 temperiem,
936 4423 1047 4512 quam
1063 4439 1161 4486 nunc
1174 4417 1391 4514 experimur,
1404 4419 1440 4489 in
1456 4445 1540 4492 vere
1554 4419 1711 4494 mundus
1723 4420 1858 4494 habere
1875 4437 2006 4520 posset,

429 4539 504 4614 sole
518 4536 682 4618 nondum
701 4534 863 4622 condito,
883 4558 925 4606 ex
941 4533 1041 4630 cujus
1055 4533 1204 4632 quidem
1221 4559 1364 4609 accessu
1381 4539 1459 4636 ipsa
1472 4563 1569 4610 nunc
1584 4537 1624 4610 fit
1637 4541 1845 4637 temperies3
1860 4542 1934 4613 imo
1946 4541 2009 4612 bac

428 4661 487 4734 die
501 4683 573 4757 qua
587 4657 662 4730 baec
673 4671 768 4728 terra
781 4653 930 4753 protulit
947 4654 1106 4751 frigidius
1121 4671 1264 4755 tempus
1280 4659 1452 4762 exstitisse
1468 4659 1611 4731 videtur
1619 4685 1730 4758 quam
1741 4661 1779 4731 in
1789 4659 2008 4758 hyemalibus

429 4779 556 4850 diebus
571 4801 663 4875 quos
680 4772 1050 4884 quantulumcumque
1065 4774 1121 4846 sol
1138 4776 1249 4848 modo
1271 4777 1444 4851 calefacit.
1465 4778 1569 4852 Unde
1586 4779 1889 4877 ergosecundum
1908 4796 2007 4854 natu·

430 4925 507 4971 ram
533 4923 653 4974 rerum
680 4911 774 4966 terra
800 4910 886 4966 tunc
913 4895 1112 4991 germinare
1139 4897 1207 4969 ista
1232 4898 1390 4997 potuerit
1418 4898 1472 4972 vel
1498 4924 1733 4992 conservare,
1759 4901 1935 4973 nonnulla
1958 4917 2006 4974 est

427 5018 589 5117 quaestio.
608 5015 679 5086 Sed
695 5015 785 5086 sicut
797 5015 873 5109 jam
889 5039 997 5113 supra
1014 5016 1260 5111 meminimus,
1281 5019 1317 5090 in
1334 5018 1401 5090 illis
1418 5019 1588 5119 operibus
1603 5044 1662 5092 sex
1685 5021 1849 5118 priorum
1869 5020 2005 5093 dierum

427 5135 503 5210 sola
526 5135 591 5206 Dei
613 5132 778 5204 voluntas
800 5134 873 5204 vim
892 5148 1026 5206 naturae
1051 5133 1229 5228 obtinuit,
1252 5138 1399 5236 quando
1424 5139 1502 5236 ipsa
1522 5139 1631 5214 etiam
1654 5153 1783 5212 natura
1805 5139 2001 5230 creabatur,
