4536 6102
719 591 951 664 Expostulo
977 591 1021 670 ΙΝ
1044 589 1340 665 HEXAlllERON.
1751 597 1821 670 6¹33

240 729 428 804 tendamus
445 733 714 832 proprietatem.
733 733 914 831 Scriptum
929 732 1063 830 quippe
1080 733 1186 805 estin
1201 730 1386 828 evangelio
1403 729 1449 803 de
1465 729 1537 804 hoc
1551 732 1631 829 ipso
1647 735 1719 836 Dei
1734 741 1822 808 Ver·

240 852 308 923 bc¹
326 880 334 923 :
353 879 371 921 u
385 851 494 940 Quod
512 853 644 926 sactum
660 866 727 942 est,
746 853 783 924 in
800 854 879 951 ipsc
895 854 967 924 vita
983 867 1097 924 erat.»
1108 852 1217 940 Quod
1230 867 1351 924 tamen
1364 850 1572 950 philosophi
1585 854 1702 951 ipsum
1716 857 1825 928 etiam

240 971 370 1046 divinae
385 974 619 1072 providentie
635 987 852 1071 conceptum
872 973 1051 1046 mundum
1075 972 1275 1072 appellant,
1297 972 1344 1045 ab
1361 972 1606 1046 ecclesiasticae
1632 974 1825 1048 locutionis

241 1113 307 1162 usu
325 1093 520 1189 plurimum
536 1093 723 1174 dissentire
737 1092 891 1164 videtur.
912 1090 1016 1164 Unde
1038 1093 1252 1189 Augustinus
1271 1093 1310 1165 in
1334 1093 1453 1191 primo
1475 1097 1821 1167 Retracmtrbnum¹:

244 1211 463 1309 «Displicet,
484 1241 500 1278 n
520 1212 653 1309 inquit,
675 1212 799 1284 «mihi
816 1212 915 1309 quod
936 1209 1174 1312 philosophos
1193 1234 1269 1285 non
1294 1235 1381 1285 vera
1406 1213 1536 1311 pietate
1561 1214 1728 1311 praeditos
1753 1215 1827 1287 dixi

241 1327 380 1400 virtutis
396 1329 475 1402 luce
491 1330 640 1402 misisse.
664 1334 709 1406 Et
724 1330 824 1428 quod
841 1329 933 1402 duos
950 1330 1125 1421 mundos,
1143 1355 1258 1404 unum
1278 1329 1501 1420 sensibilem,
1521 1330 1671 1404 alterum
1695 1333 1826 1405 intelli-

243 1447 386 1545 gibilem
412 1451 462 1521 sic
487 1449 739 1522 commendavi
755 1464 928 1548 tanquam
948 1449 1020 1524 hoc
1039 1443 1149 1523 etiam
1169 1452 1346 1524 Dominus
1371 1449 1524 1548 figurare
1549 1451 1718 1542 voluerit,
1742 1455 1828 1551 quia

244 1591 317 1640 non
334 1570 404 1640 ait³
420 1597 428 1639 ε
449 1599 467 1636 ιι
483 1573 645 1665 Regnum
662 1589 783 1659 meum
799 1593 874 1641 non
891 1585 945 1642 est
959 1569 1007 1640 de
1021 1571 1180 1661 mundo,
1198 1571 1282 1660 sed,
1299 1595 1451 1668 regnum
1467 1596 1589 1642 meum
1606 1597 1681 1643 non
1704 1587 1758 1644 est
1781 1573 1828 1645 de

231 1688 313 1792 ,hoc
330 1687 481 1761 munde.
500 1717 517 1757 ιι
537 1665 626 1760 llem
646 1717 654 1761 ι
676 1719 694 1758 ιι
710 1691 781 1761 Neo
797 1690 896 1762 Plato
912 1689 1060 1788 quidem
1076 1691 1114 1761 in
1131 1689 1203 1763 hoc
1220 1693 1351 1764 erravit
1367 1692 1451 1789 quia
1472 1716 1548 1762 esse
1569 1691 1748 1764 mundum
1772 1695 1828 1766 in·

243 1806 461 1904 telligibilem
482 1809 586 1898 dixit,
605 1809 635 1880 si
655 1833 731 1880 non
754 1806 972 1881 vocabulum
996 1807 1097 1906 quod
1123 1809 1366 1882 ecclesiasticae
1394 1811 1648 1882 consuetudini
1661 1814 1699 1882 in
1716 1837 1755 1882 re
1770 1811 1830 1884 illa

244 1928 392 2000 minime
407 1930 577 2002 usitatum
593 1945 662 2022 est,
682 1928 745 2002 sed
762 1931 877 2028 ipsam
893 1954 970 2002 rem
987 1929 1154 2002 volumus
1176 1929 1361 2002 attendere
1381 1958 1389 2001 ι
1407 1932 1588 2002 mundum
1613 1933 1747 2030 quippe
1772 1933 1830 2006 ille

244 2050 500 2147 intelligibilem
517 2054 739 2152 nuncupavit
754 2055 875 2153 'ipsam
895 2054 1073 2125 rationem
1094 2077 1166 2152 qua
1185 2053 1269 2125 fecit
1294 2058 1390 2126 Deus
1415 2055 1605 2126 mundum.
1626 2059 1745 2142 Quam
1770 2059 1831 2153 qui

244 2185 319 2240 esse
336 2186 462 2266 negat,
482 2171 641 2268 sequitur
656 2185 696 2242 ut
712 2170 808 2243 dicat
824 2159 1128 2260 irrationabiliter,
1147 2175 1265 2243 Deum
1278 2171 1403 2243 fecisse
1419 2197 1498 2269 quae
1515 2173 1610 2244 lecit.
1630 2200 1648 2241 n
1674 2173 1773 2245 Idem
1789 2174 1833 2246 de

247 2291 393 2361 Ciuitate
407 2295 479 2362 Dei
491 2291 584 2363 libro
601 2292 743 2363 decimo
763 2305 861 2363 sexto
878 2290 973 2363 hanc
988 2293 1168 2363 internam
1184 2293 1250 2363 Dei
1266 2291 1510 2380 locutionem,
1529 2308 1566 2364 et
1581 2293 1830 2384 intellectuale,
1861 2333 1863 2338 ·

245 2430 320 2480 nen
337 2409 506 2512 audibile,
524 2410 677 2484 verbum
692 2409 882 2508 diligenter
897 2407 1104 2482 describens
1121 2438 1129 2482 :
1149 2411 1267 2501 «Dei,
1287 2437 1305 2478 r
1325 2411 1461 2509 inquit,
1480 2427 1562 2483 ante
1579 2413 1714 2484 lactum
1728 2439 1833 2484 suum

245 2529 379 2602 locutio
395 2531 527 2628 ipsius,
546 2531 629 2603 facti
645 2532 702 2602 sui
717 2545 771 2603 est
789 2530 1093 2620 incommutabilis
1113 2531 1228 2620 ratic,
1250 2555 1330 2628 quae
1352 2555 1428 2603 non
1454 2531 1564 2604 babet
1589 2557 1721 2604 sonum
1745 2549 1834 2606 stre·

246 2661 392 2744 pentem
417 2663 525 2746 atque
554 2662 822 2736 transeuntem,
847 2649 911 2722 sed
937 2647 1023 2720 inde
1052 2649 1268 2746 sempiterne
1296 2663 1503 2722 manentem
1529 2665 1564 2720 et
1591 2651 1835 2748 temporaliter

246 2781 468 2864 operantem.
486 2795 503 2835 u

295 2886 403 2973 Quod
415 2887 536 2983 itaque
547 2884 684 2957 dictum
699 2901 772 2960 est:
791 2889 915 2958 «Dixit
927 2891 1046 2960 Dens:
1065 2886 1143 2958 Fiat
1151 2886 1212 2957 lux
1233 2901 1270 2958 et
1292 2885 1383 2986 facta
1397 2903 1451 2958 est
1461 2887 1534 2977 lux,
1550 2915 1568 2954 ιι
1584 2887 1654 2960 tale
1667 2901 1720 2959 est
1733 2889 1833 2986 quod

247 3007 338 3077 sicut
352 3007 452 3104 prius
467 3007 505 3075 in
520 3004 634 3076 verbo
650 3007 781 3078 mentis
803 3001 1002 3096 ordinavit,
1017 3021 1086 3078 aut
1105 3007 1253 3104 propria
1277 3007 1419 3078 ratione
1443 3005 1646 3079 laciendum
1673 3031 1749 3079 esse
1772 3009 1835 3080 de·

247 3127 376 3216 crevit,
395 3127 445 3196 ita
458 3125 693 3224 postmodum
710 3146 819 3224 opere
835 3124 1043 3223 complevit.
1062 3126 1194 3198 Lucem
1214 3149 1301 3196 vero
1321 3126 1445 3215 istam,
1470 3151 1550 3223 quae
1570 3125 1758 3236 praedictas
1782 3143 1836 3198 te·

247 3245 378 3318 nebras
396 3245 565 3335 removit,
584 3229 699 3344 ipsam
715 3241 942 3342 serprentium
958 3269 1111 3343 operum
1127 3245 1396 3318 distinctionem
1415 3246 1630 3344 accipimus,
1649 3270 1721 3344 qua
1736 3247 1836 3320 vide-

248 3364 330 3436 linet
345 3365 494 3437 confusa
511 3365 571 3438 illa
586 3365 788 3461 congeries,
805 3389 885 3462 quse
902 3387 940 3436 se
956 3359 1122 3437 nondum
1144 3363 1322 3438 visibilem
1340 3364 1540 3463 praebebat,
1563 3391 1629 3437 nec
1650 3368 1730 3439 usui
1754 3383 1837 3465 apta

248 3483 353 3558 alicui
367 3485 537 3582 cognosci
553 3497 713 3583 poterat,
731 3484 788 3556 rel
804 3483 850 3556 ad
866 3479 955 3582 quid
971 3479 1213 3575 mettenses,
1233 3508 1277 3555 ex
1292 3484 1371 3582 ipsa
1388 3483 1507 3556 adhuc
1521 3486 1659 3584 percipi
1673 3485 1834 3576 valebat,

249 3605 296 3678 ad
311 3631 392 3679 earn
408 3605 674 3678 ordinationem
688 3597 864 3704 perducta
877 3619 948 3693 est,
963 3620 1003 3678 ut
1010 3605 1086 3701 jam
1099 3629 1139 3677 se
1150 3605 1303 3678 omnino
1320 3605 1405 3704 ipsis
1422 3619 1544 3704 aptam
1557 3604 1746 3705 praeberet.
1763 3635 1781 3674 ιι
1795 3611 1838 3679 Et

248 3725 342 3804 iacta
355 3726 432 3814 lux,
447 3756 464 3793 n
478 3727 552 3798 hoc
565 3741 636 3815 est,
648 3726 748 3822 juxta
759 3723 832 3796 hoc
842 3723 943 3822 quod
959 3725 996 3795 in
1012 3724 1125 3801 verbo
1143 3725 1356 3798 mentissuee
1371 3729 1468 3798 Deus
1484 3726 1713 3800 ordinaverat
1729 3751 1837 3826 opere

249 3844 460 3943 complevit,
479 3842 547 3916 illis
567 3843 733 3914 videlicet
757 3843 1104 3938 confusionis,‘quas
1130 3842 1302 3932 diximus,
1325 3842 1484 3915 tenebris
1508 3846 1688 3942 sequentis
1712 3846 1838 3917 distin·

249 3967 380 4038 cticnis
395 3965 474 4036 luce
491 3963 650 4035 remotis.
1899 3956 1903 3966 '

300 4089 372 4156 Nec
388 4097 441 4154 est
457 4081 746 4181 praetereundum
762 4081 862 4179 quod
878 4080 1041 4180 superius
1056 4081 1095 4154 in
1108 4081 1293 4153 creatione
1309 4080 1389 4153 coeli
1400 4095 1441 4152 et
1457 4095 1559 4153 terrae
1580 4105 1656 4152 non
1676 4097 1731 4153 cst
1751 4086 1839 4154 scri-

250 4218 379 4303 ptum:
398 4233 415 4271 ιι
431 4205 526 4274 Dixit
540 4207 636 4275 Deus
652 4217 689 4276 et
704 4202 838 4275 iactum
853 4217 908 4274 est
928 4203 995 4292 ita,
1014 4230 1032 4269 ιι
1050 4201 1141 4274 sicut
1155 4202 1203 4272 in
1226 4201 1457 4298 sequentibus
1482 4225 1547 4300 per
1569 4200 1708 4298 singula
1728 4227 1839 4300 opera

250 4324 424 4422 scriptum
441 4314 605 4394 videmus
625 4323 717 4394 :sed
738 4322 840 4420 quasi
861 4323 979 4421 primo
1001 4323 1113 4394 tacuit
1134 4325 1249 4411 Detts,
1271 4334 1309 4393 et
1329 4344 1351 4394 a
1372 4321 1452 4394 luce
1476 4321 1577 4419 loqui
1603 4345 1749 4394 exorsus
1771 4337 1835 4394 est.
1902 4377 1905 4382 ,

255 4448 349 4516 Rene
367 4443 554 4541 equidem3
574 4444 674 4540 quasi
700 4443 798 4514 enim
821 4442 1035 4541 imperando
1059 4439 1146 4512 dicit
1162 4442 1371 4530 Dominus:
1394 4442 1522 4531 «Fiat,
1542 4469 1559 4508 n
1577 4456 1614 4512 et
1631 4442 1664 4513 ei
1679 4441 1839 4538 subjecta

255 4563 447 4637 famulatur
466 4577 649 4652 creatura,
675 4577 1008 4660 quantumcumque
1028 4558 1244 4666 irrationalis
1267 4562 1313 4647 sit
1339 4560 1546 4650 velbruta,
1570 4577 1742 4659 tanquam
1764 4562 1838 4657 ejus

256 4684 409 4758 audierit
425 4699 531 4782 atque
545 4683 758 4756 intellexerit
772 4685 964 4782 imperium
981 4683 1097 4754 :sicut
1112 4696 1148 4754 et
1163 4683 1334 4754 ieremias
1353 4683 1518 4754 meminit
1533 4681 1675 4754 dicens⁴
1695 4711 1704 4752 ε
1726 4710 1744 4750 ιι
1758 4685 1839 4753 Per·

257 4807 339 4877 lecit
353 4819 486 4876 terram
503 4819 538 4876 et
554 4804 762 4903 adimplevit
777 4829 857 4876 eam
877 4802 1092 4903 pecudibus,
1111 4803 1255 4875 vocavit
1281 4825 1360 4875 eam
1381 4817 1417 4874 et
1439 4801 1575 4876 audivit
1595 4803 1631 4872 in
1658 4815 1836 4890 tremore3

257 4927 365 5008 stellae
380 4941 500 4999 autem
516 4927 694 5000 dederunt
710 4926 832 4999 lumen
850 4927 887 4998 in
905 4924 1077 4998 custodiis
1098 4925 1188 5015 suis,
1209 4937 1245 4996 et
1265 4922 1388 4998 laetatae
1413 4939 1519 5015 sunt,
1542 4939 1677 4997 vocatae
1700 4939 1783 4996 sunt
1804 4937 1839 4994 et

294 5197 301 5224 ¹
321 5196 401 5258 lom„
411 5214 466 5264 cap.
478 5215 499 5261 ι,
513 5213 538 5250 r.
547 5202 568 5252 t.
580 5199 625 5238 -¹
636 5199 696 5264 (lap.
706 5213 748 5262 ιιι,
760 5199 821 5262 opp.
833 5207 850 5249 ι.
862 5198 887 5262 1,
898 5197 947 5250 col.
959 5198 984 5250 t.
993 5223 1026 5238 -·
1036 5195 1047 5224 ⁸
1056 5196 1140 5260 leam,
1150 5211 1206 5269 cap·
1218 5211 1276 5250 arm
1287 5211 1327 5258 ‚n
1339 5197 1378 5246 tt·
1392 5223 1409 5234 -
1431 5195 1548 5258 *Bamc.‚
1559 5209 1615 5265 cap.
1626 5211 1667 5261 m,
1679 5209 1703 5243 ι.
1717 5195 1758 5245 19.

381 5304 394 5347 ι
1685 5285 1724 5344 80
