4522 6102
478 605 546 675 tto
902 595 1029 666 PETRI
1055 589 1289 665 tumulum
1302 589 1369 660 ,ut
1393 587 1619 660 HELOlSSAE

474 737 745 838 cognoscitur¹l
768 734 950 832 Perpende
974 734 1112 829 itaque,
1135 754 1245 828 quam
1269 728 1374 826 longe
1396 727 1540 800 absistet
1558 727 1604 798 ab
1625 727 1725 798 omni
1747 726 1893 799 rationis
1913 728 2041 802 disere·

473 864 571 932 tione
582 864 608 948 ¹,
629 855 785 953 ejusdem
805 851 932 949 regule
946 851 1165 950 professione
1178 864 1251 920 tam
1265 847 1410 920 feminas
1423 871 1531 943 quarn
1549 847 1644 918 viros
1659 844 1826 944 obligari,
1847 846 2043 946 eademque

474 979 608 1048 sarcina
623 991 693 1046 tarn
707 970 841 1044 debiles
852 994 963 1067 quam
975 969 1082 1040 fortes
1098 967 1250 1040 onerari.
1267 967 1357 1038 Satis
1370 990 1445 1038 esse
1463 980 1592 1036 nom
1609 963 1762 1036 arbitror
1780 965 1994 1055 infirmitati,
2012 969 2042 1038 si

473 1125 538 1172 nos
550 1100 635 1197 ipsis
649 1095 804 1168 ecclesiae
818 1093 1033 1178 rectoribus,
1062 1107 1097 1164 et
1117 1092 1180 1190 qui
1200 1092 1237 1162 in
1256 1091 1361 1162 sacris
1382 1090 1567 1162 ordinibus
1583 1091 1764 1162 constituti
1785 1105 1869 1162 sunt
1887 1091 2040 1180 clericis,

472 1235 544 1290 tam
554 1216 781 1289 continentiae
792 1239 901 1311 quam
913 1212 1132 1284 abstinentiae
1142 1211 1253 1282 virtus
1262 1209 1464 1308 aequaverit,
1479 1211 1631 1281 maxime
1644 1233 1755 1306 quum
1766 1212 1903 1282 Veritas
1915 1210 2039 1284 dicat⁸z

476 1336 688 1408 «Perfectus
707 1333 824 1402 omnis
842 1331 924 1420 erit,
946 1332 975 1401 si
990 1331 1035 1401 sit
1050 1331 1140 1400 sicut
1153 1329 1318 1425 magister
1330 1327 1417 1423 ejus.
1435 1355 1453 1394 a
1474 1327 1612 1414 Quibus
1625 1329 1731 1400 etiam
1750 1353 1818 1426 pro
1841 1349 1972 1426 magno
1989 1355 2041 1401 re-

471 1453 672 1552 putandum
688 1465 797 1542 esset,
820 1450 848 1522 si
862 1449 1043 1547 religiosos
1056 1447 1164 1520 laicos
1181 1448 1396 1544 equiparare
1409 1459 1595 1544 possemus
1605 1449 1626 1515 ⁸.
1649 1450 1736 1533 Qnae
1752 1469 1909 1544 namque
1922 1449 1959 1518 in
1973 1448 2042 1520 for-

472 1573 565 1646 tibus
578 1595 687 1670 parva
702 1593 902 1655 censemus,
919 1571 955 1639 in
972 1567 1146 1640 debilibus
1164 1565 1394 1638 admiramur.
1410 1569 1454 1636 Et
1462 1565 1562 1660 juxta
1575 1564 1664 1638 illud
1678 1565 1878 1662 Apostoli⁸:
1896 1568 2041 1639 «Virtus

472 1696 508 1764 in
522 1690 724 1769 infirmitate
736 1689 928 1788 perficitur.
946 1715 964 1756 a
986 1692 1036 1758 Ne
1051 1711 1135 1758 vero
1149 1685 1322 1758 laicorum
1334 1685 1456 1782 religio
1473 1707 1669 1783 pro-parvo
1689 1684 1839 1756 ducatur
1851 1685 1965 1782 qualis
1981 1686 2044 1759 fuit

365 1813 368 1822 “
473 1811 636 1899 Abrahae,
652 1808 783 1899 David,
801 1807 904 1896 lob',
920 1807 1003 1878 licet
1015 1805 1299 1902 conjugatorum,
1313 1803 1636 1900 Chrysostomusin
1649 1803 2039 1901 epistolaadHebmeos,

472 1955 636 2003 sermone
647 1955 697 2000 vu
707 1933 729 2018 ⁷,
746 1928 850 2000 nobis
869 1927 1037 2013 occurrit,
1054 1925 1197 1997 dicens:
1217 1927 1340 1996 «Sunt
1357 1923 1469 1994 multa
1482 1925 1518 1995 in
1530 1923 1662 2019 quibus
1679 1925 1810 2021 poterit
1826 1923 1991 1998 laborare
2007 1941 2044 1997 ut

470 2049 618 2121 bestiam
632 2048 728 2119 illam
743 2049 908 2118 incantet.
923 2050 1009 2132 Quae
1020 2059 1103 2115 sunt
1116 2043 1202 2114 ista?
1216 2037 1374 2131 labores,
1390 2040 1577 2129 lectiones,
1591 2038 1726 2138 vigilias.
1741 2043 1812 2114 Sed
1823 2042 1911 2140 quid
1922 2043 1970 2115 ad
1980 2067 2045 2116 nos

470 2169 562 2258 haec,
580 2198 598 2236 n
624 2168 758 2265 inquit,
791 2167 882 2264 «qui
905 2190 979 2236 non
998 2189 1121 2236 sumus
1143 2161 1332 2234 monachi?
1354 2166 1436 2232 Haec
1452 2160 1541 2232 mihi
1558 2161 1669 2232 dicis?
1695 2163 1761 2234 Dic
1783 2161 1913 2254 Paulo,
1934 2180 2043 2260 quum

468 2290 589 2361 dicit':
608 2286 820 2383 «Vigilantes
833 2287 869 2356 in
886 2285 985 2356 omni
998 2285 1166 2382 patientia
1179 2297 1215 2356 et
1228 2284 1403 2373 oratione,
1414 2309 1432 2349 a
1444 2305 1555 2380 quum
1569 2281 1685 2352 dicit⁹z
1699 2282 1850 2352 «Carnis
1862 2305 1986 2354 curam
2001 2293 2045 2355 ne

470 2408 654 2480 «feceritis
673 2409 709 2477 in
728 2404 1038 2503 concupiscentiis.
1057 2431 1074 2470 >r
1100 2407 1179 2474 Non
1197 2402 1294 2472 enim
1314 2402 1390 2473 haec
1407 2401 1592 2474 monachis
1610 2399 1785 2473 scribebat
1802 2413 1963 2492 tantum,
1984 2403 2044 2474 sed

466 2531 634 2600 omnibus
658 2529 838 2626 quierant
859 2527 896 2596 in
917 2523 1128 2597 civitatibus.
1155 2528 1234 2594 Non
1253 2523 1349 2594 enim
1371 2523 1538 2595 secularis
1557 2522 1668 2594 homo
1688 2519 1795 2593 debet
1819 2515 1954 2619 aliquid
1971 2545 2044 2595 arrr-

466 2649 558 2744 plius
577 2648 710 2720 habere
734 2644 913 2716 monacho
932 2667 1041 2740 quam
1063 2667 1146 2714 cum
1165 2665 1276 2714 uxore
1307 2641 1549 2713 concumbere
1572 2655 1723 2713 tannim.
1740 2641 1806 2712 Hie
1826 2643 1923 2712 enim
1940 2642 2046 2714 habet

466 2770 626 2850 veniam,
648 2768 683 2837 in
706 2765 782 2836 aliis
800 2777 919 2836 autem
940 2787 1166 2860 nequaquam
1190 2789 1198 2832 ε
1223 2760 1286 2832 sed
1307 2762 1429 2832 ornnia
1446 2759 1626 2857 aequaliter
1647 2761 1738 2832 sicut
1758 2761 1925 2834 monachi
1942 2785 2046 2856 agere

465 2886 571 2959 debet
582 2889 614 2956 ¹⁰.
631 2891 719 2956 Nam
737 2899 773 2956 et
786 2882 1042 2973 beatitudines,
1070 2907 1149 2979 qrrae
1168 2905 1189 2952 a
1206 2880 1347 2953 Christo
1363 2879 1579 2969 dicuntur¹¹,
1599 2903 1674 2950 non
1700 2877 1889 2951 monachis.
1906 2893 2046 2951 tantum

463 3006 566 3079 dictae
587 3021 682 3078 sunt.
706 3003 870 3100 Alioquin
889 3003 1076 3074 universus
1096 3000 1252 3073 mundus
1270 3001 1418 3100 peribit,
1438 3014 1475 3072 et
1492 3001 1529 3071 in
1542 3015 1732 3097 angustum
1746 2998 1887 3070 inclusit
1909 3015 2046 3097 ea'quae

463 3128 600 3198 virtutis
628 3138 724 3197 sunt.
754 3129 798 3193 Et
814 3121 1000 3220 quomodo
1023 3119 1253 3191 honorabiles
1275 3135 1359 3190 sunt
1378 3121 1528 3216 nuptiae,
1553 3143 1632 3216 quae
1651 3117 1756 3190 nobis
1776 3132 1916 3189 tentum
1936 3119 2045 3217 impe·

464 3243 593 3316 diunt?
609 3271 627 3310 a
652 3247 702 3312 Ex
727 3241 856 3338 quibus
875 3238 1022 3336 quidem
1044 3237 1160 3310 verbis
1178 3252 1298 3336 aperte
1324 3238 1516 3334 colligitur,
1543 3235 1643 3336 quod
1661 3237 1820 3335 quisquis
1838 3239 2046 3335 evangelicis

465 3363 647 3461 preceptis
674 3361 901 3432 continentie
925 3359 1094 3430 virtutem
1117 3356 1313 3446 addiderit,
1335 3357 1569 3430 monasticam
1594 3357 1848 3456 perfectionem
1870 3355 2041 3454 implebit.

469 3489 580 3578 Atque
598 3482 734 3550 utinam
746 3477 792 3550 ad
804 3478 876 3548 hoc
888 3491 1010 3548 nostra
1023 3473 1145 3571 religio
1157 3475 1399 3547 conscendere
1410 3491 1547 3574 posset,
1569 3491 1608 3547 ut
1619 3475 1850 3572 Evangelium
1863 3474 2043 3572 impleret,

468 3624 542 3670 non
562 3596 826 3670 transcenderet
842 3623 849 3666 :
864 3619 910 3668 ne
924 3594 1125 3694 plusquam
1139 3593 1337 3666 christianae
1350 3610 1598 3693 appeteremus
1616 3619 1703 3667 esse.
1717 3595 1809 3665 llinc
1819 3593 1995 3692 profecto,
2009 3596 2046 3666 ni

469 3719 589 3808 fallor,
608 3717 720 3789 sancti
738 3715 973 3787 decreverunt
996 3719 1134 3801 Patres,
1158 3738 1231 3784 non
1251 3715 1300 3784 ita
1319 3713 1422 3785 nobis
1445 3715 1536 3786 sicut
1556 3715 1642 3786 viris
1667 3713 1867 3809 generalem
1892 3713 2047 3810 aliquem

469 3836 646 3934 regulam,
671 3834 771 3932 quasi
794 3857 926 3904 novam
949 3832 1080 3929 legem,
1101 3829 1300 3930 praefigere,
1322 3857 1389 3902 nec
1410 3831 1684 3930 magnitudine¹¹
1703 3845 1870 3902 votorum
1888 3846 2048 3903 nostram

470 3955 710 4027 infirmitatem
725 3977 891 4039 onerare,
909 3951 1130 4024 attendentes
1141 3953 1161 3990 ¹³
1176 3949 1264 4022 illud
1284 3951 1441 4049 Apostoli
1453 3953 1472 3990 ¹⁸
1493 3979 1501 4022 ε
1525 3979 1545 4019 u
1559 3955 1628 4022 [er
1642 3951 1737 4022 enim
1756 3951 1846 4022 iram
1864 3965 2044 4048 oper-amr.

471 4075 539 4146 Ubi
553 4075 648 4146 enim
661 4098 735 4149 non
752 4088 804 4145 est
816 4072 886 4161 lex,
905 4095 970 4143 nec
986 4071 1273 4169 prevaricatio.»
1291 4075 1334 4141 Et
1345 4073 1518 4143 iterum¹':
1534 4075 1635 4142 ulex
1650 4084 1769 4142 autem
1786 4068 1997 4142 subintravit
2011 4086 2050 4142 ut

469 4191 668 4265 abundaret
679 4191 859 4262 delictum.
878 4220 896 4259 n
918 4190 1017 4262 ldern
1028 4190 1363 4287 quoquqmaximus
1376 4190 1601 4262 continentiae
1611 4188 1821 4286 praedicator
1839 4188 1885 4259 de
1898 4187 2049 4260 infirmi·

467 4328 539 4385 tate
559 4324 681 4382 nostra
700 4307 894 4408 plurimum
915 4306 1117 4393 confidens,
1139 4321 1175 4376 et
1199 4308 1299 4401 quasi
1318 4306 1561 4379 ad-secundes
1586 4307 1726 4404 nuptias
1743 4327 1873 4401 urgens
1888 4305 2049 4400 juniores

470 4431 594 4502 viduas
617 4457 625 4500 ε
659 4425 805 4517 «Volo,
825 4453 843 4494 n
864 4426 978 4522 inquit
992 4427 1030 4511 ³,
1056 4423 1245 4518 «juniores
1262 4422 1417 4513 nubere,
1434 4421 1525 4496 filios
1541 4447 1748 4524 procreare,
1770 4425 2050 4498 matresfamilias

470 4575 563 4639 esse,
577 4548 712 4621 nullam
722 4547 949 4618 occasionem
962 4543 1048 4614 dere
1064 4541 1278 4614 adversario.
1296 4569 1314 4610 a
1335 4542 1444 4630 Quod
1456 4557 1492 4616 et
1503 4543 1628 4615 beatus
1641 4543 1880 4638 Hieronymus
1893 4543 2051 4616 saluber

505 4760 512 4786 ⁴
529 4759 592 4819 Quid
602 4760 632 4806 de
640 4759 769 4820 fragift...
780 4759 931 4818 coqueretur·
941 4753 1029 4804 derum
1040 4753 1065 4802 in
1076 4752 1109 4814 Cr
1122 4763 1147 4804 et
1157 4753 1241 4818 legun·
1273 4769 1298 4804 r.
1312 4752 1396 4802 tlt-⁸
1406 4755 1488 4814 nora,
1498 4770 1553 4821 cap.
1567 4771 1627 4818 xm,
1640 4769 1665 4805 r.
1678 4755 1716 4805 rt.
1728 4781 1757 4794 —-
1770 4752 1792 4782 '⁰
1806 4756 1919 4806 Omnibus
1929 4772 1986 4807 rere
1996 4773 2049 4808 rre-

473 4853 510 4892 rnr
522 4841 546 4890 in
559 4840 652 4892 cetenr
665 4838 798 4891 codicibus.
807 4865 832 4876 -
846 4837 945 4902 'Scope
954 4849 1016 4888 erret
1025 4837 1096 4890 ltllS.
1109 4863 1132 4874 -
1147 4835 1241 4900 'Lne.,
1273 4839 1372 4886 assuete
1382 4840 1465 4900 officiis
1478 4839 1566 4888 etiem
1577 4840 1679 4899 equare
1689 4850 1742 4886 ern
1748 4838 1822 4900 sanor·
1835 4848 1928 4899 opertet
1935 4835 2008 4888 RUS.
2021 4865 2049 4876 -

472 4941 526 4991 cap.
539 4939 577 4986 rr,
588 4941 612 4972 r.
628 4923 669 4973 40.
680 4922 732 4961 -’
746 4923 836 4983 Quibus
849 4927 964 4974 ettam...
976 4937 1098 4984 posumus
1110 4920 1199 4971 duent
1211 4919 1240 4972 G.
1275 4919 1295 4947 ¹¹
1320 4919 1414 4979 batth..
1434 4935 1488 4987 cap.
1502 4935 1527 4971 r.
1540 4947 1566 4958 -
1580 4918 1602 4947 ‘¹
1613 4921 1667 4971 ‘Nee
1679 4935 1776 4970 nmero
1789 4923 1844 4982 pter
1852 4921 1920 4983 justo
1932 4919 2006 4971 ltlfS.
2018 4947 2053 4958 -·

474 5007 525 5047 -⁸
540 5009 630 5058 Cenat.
643 5005 685 5064 ll,
698 5019 753 5070 cap.
770 5020 817 5061 su.
835 5021 859 5056 r.
880 5009 895 5056 9
912 5005 964 5042 -‘
978 5006 1019 5055 Sic
1032 5006 1051 5056 G
1064 5017 1089 5056 et
1103 5004 1149 5054 Ed.
1168 5003 1238 5055 Amb.
1276 5002 1298 5030 '⁸
1311 5003 1425 5054 Studiose
1435 5013 1548 5054 curense
1556 5001 1627 5054 ltus.
1637 5011 1671 5040 '—
1683 5001 1705 5030 ¹‘
1720 5003 1801 5061 liora„
1813 5017 1868 5068 cap.
1881 5016 1914 5064 rr,
1926 5019 1948 5053 r.
1967 5006 2006 5054 tt.
2022 5033 2049 5043 -

470 5089 636 5160 -faeofllS
655 5087 852 5154 Areu-'Ap
879 5089 955 5140 saneti
980 5089 1145 5156 Gbrysostonri
1168 5089 1241 5151 Ope„
1276 5086 1464 5152 '‘lfom‘eap.
1486 5101 1548 5145 ur.
1569 5085 1803 5138 tlte-“mtto
1820 5087 1845 5145 l,
1861 5101 1990 5152 eap.r,r.
2009 5091 2051 5138 rt.

473 5177 582 5233 Parisiis,
609 5175 684 5232 18228,
706 5183 724 5222 t.
746 5171 804 5233 xlt,
818 5189 844 5238 p.
860 5174 916 5224 113,
929 5197 963 5212 -
977 5172 986 5200 ¹
1002 5174 1104 5235 Spiret„
1122 5185 1178 5238 cap.
1201 5187 1239 5234 rr,
