4520 6104
481 603 553 674 att
999 603 1225 674 HELOlSSAE
1250 603 1544 680 ruontttttatt

480 745 622 816 sinuant
650 744 767 843 primo
795 745 997 844 apparuisse
1029 745 1143 816 Mariae
1161 745 1394 842 Magdalenae,
1426 773 1506 846 quae
1526 747 1631 819 ¹venit
1652 770 1779 837 mane,
1810 769 1924 844 quum
1948 745 2063 820 adhuc

482 861 636 934 tenebrae
662 879 800 954 essent,
825 863 870 936 ad
896 880 1194 954 monumentum,
1219 881 1254 938 et
1273 865 1360 938 vidit
1377 865 1534 965 lapidem
1561 865 1741 937 sublatum
1758 890 1780 937 a
1799 880 2058 938 monumento:

481 996 516 1052 et
530 996 720 1081 postquam
739 983 809 1054 hoc
827 984 1001 1056 nuntiavit
1017 990 1121 1056 Petro
1134 998 1170 1056 et
1186 986 1333 1076 loanni,
1348 1001 1384 1059 et
1399 985 1448 1058 illi
1465 1001 1700 1058 cucurrerunt
1712 984 1758 1058 ad
1775 1002 2060 1080 monumentum,

482 1120 516 1175 et
536 1103 620 1178 inde
636 1106 767 1176 reversi
785 1121 886 1196 sunt,
907 1107 995 1178 vidit
1014 1107 1107 1178 duos
1126 1106 1292 1205 angelos,
1317 1123 1351 1180 et
1369 1108 1500 1181 deinde
1520 1114 1641 1180 lesum
1659 1133 1767 1206 quem
1787 1109 1927 1208 putavit
1942 1107 2065 1180 hortu·

481 1224 615 1295 lanum.
639 1229 682 1295 Et
700 1224 776 1298 haec
791 1228 966 1324 apparitio
985 1227 1100 1326 prima
1115 1226 1165 1299 illi
1183 1227 1248 1299 soli
1266 1227 1395 1300 dicitur
1413 1229 1514 1302 facta.
1537 1229 1746 1301 ltlattheeus¹
1767 1251 1854 1301 vero
1869 1228 1975 1301 refert
1988 1251 2063 1301 eam

481 1367 562 1413 cum
591 1343 700 1416 altera
726 1346 836 1416 Maria
862 1347 998 1418 venisse
1028 1346 1074 1416 ad
1104 1345 1329 1444 sepulcrum,
1361 1364 1396 1420 et
1418 1363 1504 1421 tunc
1528 1363 1629 1421 terrae
1654 1363 1755 1421 motu
1783 1347 1875 1420 facto
1902 1348 2064 1446 angelum

481 1463 729 1558 descendisse,
755 1481 790 1538 et
806 1465 961 1565 lapidem
982 1465 1190 1558 revolvisse,
1210 1483 1245 1539 et
1263 1470 1443 1541 nuntiasse
1462 1470 1659 1541 Dominum
1678 1470 1932 1560 resurrexisse,
1949 1484 1984 1541 et
2000 1468 2065 1541 illis

481 1584 620 1657 duabus
648 1589 767 1657 lesum
800 1587 1021 1676 occurrisse,
1053 1587 1154 1683 cujus
1173 1587 1283 1684 pedes
1306 1603 1508 1660 tenuerunt.
1535 1592 1702 1660 Marcus*
1731 1611 1815 1658 vero
1841 1587 1948 1660 refert
1968 1587 2064 1684 quod

480 1705 589 1776 Maria
607 1705 832 1803 Magdalene,
857 1721 891 1778 et
913 1708 1022 1778 Maria
1048 1707 1192 1798 Jacobi,
1216 1722 1251 1778 et
1269 1707 1410 1780 Salome
1434 1706 1537 1779 valde
1557 1731 1662 1779 mane
1684 1720 1858 1779 venerunt
1875 1705 1922 1778 ad
1942 1732 2066 1779 monu-

482 1840 643 1897 mentum
668 1841 747 1897 orto
761 1827 835 1923 jam
856 1826 951 1916 sole,
976 1827 1228 1923 conquirentes
1246 1826 1291 1898 ad
1311 1827 1485 1917 invicem,
1517 1827 1597 1924 quis
1622 1826 1821 1899 revolveret
1841 1826 1893 1898 eis
1912 1824 2064 1926 lapidem

481 1943 527 2015 ab
549 1945 641 2016 ostio
660 1945 905 2036 monumenti3
927 1971 1036 2042 quem
1053 1970 1166 2043 quum
1194 1945 1422 2044 respicientes
1439 1944 1607 2016 viderunt
1626 1943 1853 2034 revolutum,
1877 1957 1913 2016 et
1927 1968 1992 2042 per
2008 1968 2066 2016 an·

482 2063 599 2159 gelum
616 2066 667 2137 eis
685 2065 914 2162 loquentem,
936 2081 971 2138 et
988 2091 1052 2164 per
1069 2065 1272 2164 sepulcrum
1294 2090 1447 2138 vacuum
1465 2065 1716 2163 cognovissent
1731 2063 1928 2136 Dominum
1954 2089 2065 2136 resur·

482 2186 609 2256 rexisse
624 2241 633 2274 ,
651 2201 821 2258 exeuntes
834 2186 879 2258 de
894 2201 1129 2258 monumento
1148 2185 1314 2283 fugerunt
1327 2186 1561 2272 tremefactae,
1579 2185 1714 2257 nemini
1727 2182 1924 2282 quidquam
1939 2183 2067 2256 dehoc

365 2325 370 2333 ’
482 2307 697 2403 praetimore
715 2306 886 2380 diceutes.
909 2305 976 2376 Ubi
998 2320 1035 2377 et
1052 2309 1170 2377 statim
1188 2308 1411 2379 annectitur¹
1439 2335 1447 2375 :
1480 2336 1497 2376 u
1515 2309 1670 2402 Surgens
1695 2320 1815 2378 autem
1839 2309 1939 2376 lesus
1965 2329 2066 2377 mane

482 2428 597 2523 prima
615 2425 772 2517 sabbati,
795 2427 960 2526 apparuit
977 2427 1094 2525 primo
1112 2427 1228 2498 Mariae
1249 2426 1476 2524 Magdalenae.
1501 2426 1562 2498 llla
1584 2425 1718 2498 vadens
1740 2425 1916 2498 nuntiavit
1933 2425 1990 2497 his
2009 2427 2067 2521 qui

483 2571 565 2616 cum
585 2570 628 2617 eo
644 2546 805 2637 fuerant,
821 2561 855 2618 et
868 2572 942 2618 non
957 2546 1196 2618 crediderunt.
1214 2575 1231 2614 u
1252 2550 1385 2619 Lucas⁸
1402 2561 1521 2618 autem
1538 2547 1664 2637 refert,
1687 2545 1787 2643 quod
1803 2545 1914 2618 Maria
1925 2544 2070 2643 ltlagda-

483 2665 584 2758 lene,
606 2683 642 2739 et
658 2672 819 2758 loanua,
841 2682 877 2740 et
894 2669 1002 2738 Maria
1021 2666 1165 2758 Jacobi,
1194 2683 1229 2739 et
1246 2693 1325 2766 quae
1343 2693 1425 2739 cum
1445 2668 1495 2739 eis
1516 2683 1640 2758 erant,
1664 2666 1769 2740 valde
1787 2665 1945 2737 diluculo
1966 2689 2069 2738 vene·

483 2803 566 2858 runt
583 2787 630 2860 ad
649 2803 943 2878 mouumentum,
972 2803 1006 2859 et
1032 2789 1247 2859 invenerunt
1270 2787 1425 2887 lapidem
1449 2787 1649 2860 revolutum
1668 2811 1688 2858 a
1706 2800 1942 2857 monumento
1961 2801 1997 2858 et
2012 2785 2070 2856 in-

483 2933 606 3004 gressae
633 2934 705 2980 non
737 2910 950 2981 invenerunt
975 2933 1106 3008 corpus
1132 2913 1233 2996 lesu3
1266 2923 1302 2980 et
1330 2907 1464 2980 edoctae
1495 2908 1541 2979 ab
1568 2905 1701 3004 angelis
1731 2905 1777 2978 de
1812 2905 2070 2979 resurrectione

482 3032 650 3122 Domini,
671 3032 925 3104 nuntiaverunt
941 3030 1013 3102 hoc
1030 3029 1233 3128 discipuliS,
1250 3045 1283 3101 et
1297 3054 1371 3102 uon
1384 3029 1579 3103 credebant
1590 3029 1669 3102 illis.
1688 3028 1813 3100 Positis
1823 3028 1942 3125 itaque
1953 3025 2071 3100 verbis

482 3151 795 3249 evangelistarum,
823 3153 942 3250 primo
961 3151 1151 3247 quaerimus
1169 3149 1377 3248 quomodo,
1402 3149 1503 3247 juxta
1519 3154 1713 3238 loannem,
1738 3149 1846 3220 Maria
1865 3145 2073 3246 Magdalene

483 3273 628 3343 veniens
640 3271 686 3342 ad
699 3285 974 3342 monumentum
993 3295 1111 3359 mane,
1127 3294 1239 3367 quum
1257 3269 1375 3340 adhuc
1391 3285 1508 3342 essent
1526 3268 1698 3361 tenebrae,
1718 3267 1806 3368 vidit
1821 3266 1977 3367 lapidem
1988 3265 2072 3338 suh-

483 3391 612 3481 latum,
639 3405 674 3464 et
691 3406 834 3489 postea,
858 3406 896 3461 ut
914 3394 1054 3461 Marcus
1069 3389 1179 3478 dicit,
1201 3390 1276 3488 ipsa
1295 3403 1329 3461 et
1348 3390 1457 3462 Maria
1474 3388 1596 3461 Jacobi
1617 3405 1655 3461 et
1672 3387 1813 3460 Salome
1837 3386 1940 3458 valde
1967 3410 2074 3458 mane

484 3512 632 3581 veniunt
646 3508 691 3580 ad
708 3523 1004 3596 monumentum,
1026 3525 1106 3579 orto
1117 3507 1192 3604 jam
1211 3507 1302 3598 sole,
1324 3507 1482 3581 dicentes
1502 3508 1548 3581 ad
1567 3509 1719 3580 invicem
1741 3536 1749 3578 ε
1775 3536 1792 3576 u
1809 3507 1898 3594 Quis
1914 3505 2076 3580 revolvet

486 3629 590 3700 nobis
602 3628 782 3726 lapidem?
801 3657 818 3696 u
837 3629 873 3699 Si
885 3628 982 3699 enim
998 3628 1106 3699 Maria
1119 3626 1326 3724 Magdalene
1334 3627 1408 3724 jam
1425 3628 1561 3700 viderat
1573 3628 1730 3726 lapidem
1743 3627 1946 3699 revolutum
1960 3651 2075 3724 quum

486 3749 604 3820 adhuc
617 3747 789 3834 tenebrae,
806 3747 844 3818 id
859 3762 913 3818 est
928 3771 1000 3818 nox
1017 3762 1124 3837 esset3
1143 3746 1329 3844 quomodo
1342 3773 1452 3837 nunc,
1472 3762 1553 3820 orto
1564 3748 1638 3845 jam
1650 3748 1738 3839 sole,
1755 3748 1832 3846 ipsa
1845 3771 1929 3818 cum
1941 3747 2079 3818 caeteris

486 3868 654 3965 quaeritur
667 3866 713 3938 de
729 3865 848 3965 lapide
867 3864 1099 3958 revolvendo,
1114 3892 1193 3963 quae
1200 3866 1275 3962 jam
1288 3881 1393 3939 antea
1409 3865 1589 3939 sublatum
1607 3865 1768 3938 viderat?
1785 3864 1952 3938 Secundo
1968 3865 2082 3937 etiam

486 3984 718 4084 quaerendum
746 3984 888 4056 videtur
911 3984 1096 4082 quomodo
1114 3985 1150 4055 in
1169 3988 1288 4056 Marco
1308 3983 1472 4056 mulieres
1492 3983 1661 4057 dicuntur
1686 3984 1822 4057 nemini
1848 4008 1920 4083 prae
1945 3983 2081 4055 timore

487 4105 783 4178 resurrectionem
794 4104 941 4175 Domini
958 4104 1139 4176 nuntiasse
1151 4157 1160 4193 ,
1181 4127 1295 4202 quum
1308 4104 1424 4174 caeteri
1436 4103 1656 4201 evangelistae
1668 4117 1826 4176 asserant
1838 4127 1858 4174 e
1869 4103 2082 4174 contrario?

486 4225 649 4321 Denique
663 4227 818 4294 loannes
832 4223 976 4293 Mariam
990 4221 1258 4319 Magdaleuam,
1283 4244 1357 4292 non
1377 4221 1533 4319 aliquam
1549 4248 1633 4295 curn
1652 4248 1715 4314 ea,
1737 4222 1860 4312 refert,
1881 4235 2084 4319 antequam

487 4349 607 4416 lesum
627 4341 782 4432 videret,
804 4341 985 4413 nuntiasse
999 4346 1104 4412 Petro
1122 4354 1156 4411 et
1175 4340 1304 4411 loanni
1318 4364 1401 4411 eum
1421 4340 1466 4414 de
1485 4358 1721 4414 monumento
1736 4340 1937 4432 sublatum,
1957 4355 1994 4413 et
2009 4365 2085 4413 eos

488 4467 604 4536 statim
622 4463 706 4534 illuc
717 4462 951 4534 concurrisse.
974 4465 1085 4532 Lucas
1095 4485 1181 4532 vero
1201 4460 1306 4532 refert
1320 4460 1483 4534 eamdem
1497 4463 1643 4534 Mariam
1655 4477 1690 4535 et
1703 4461 1787 4534 alias
1801 4487 1884 4534 cum
1898 4485 1940 4534 ea
1952 4461 2087 4561 plures

489 4585 655 4673 feminas,
676 4596 865 4682 postquam
883 4580 1086 4652 didicerunt
1097 4581 1294 4652 Dominum
1314 4581 1564 4673 resurrexisse,
1581 4581 1651 4655 hoc
1666 4581 1847 4681 discipulis
1864 4583 2055 4654 nuntiasse
2074 4637 2088 4673 ,

490 4721 526 4776 et
543 4718 629 4775 tunc
649 4707 791 4772 Petrum
810 4700 856 4772 ad
876 4715 1151 4772 monumentum
1170 4701 1379 4772 cucurrisse.

524 4949 532 4975 ¹
549 4947 609 5014 Cap.
625 4963 713 5007 xxvur,
723 4961 748 4995 v.
761 4951 771 4995 1
784 4955 808 4996 et
819 4961 855 5011 sq.
870 4969 900 4980 -
911 4942 921 4970 ⁸
934 4945 994 5012 Cap.
1008 4961 1059 5008 xvv,
1070 4960 1092 4995 v.
1107 4949 1128 4994 t.
1143 4969 1169 4982 ·-
1181 4944 1190 4972 ⁸
1202 4943 1277 5005 ibid„
1290 4959 1311 4992 v.
1326 4945 1350 4993 9.
1362 4971 1387 4980 „.
1399 4943 1409 4970 ¹
1420 4945 1480 5012 Cap.
1494 4960 1562 4994 xxiv.
