4536 6102
738 565 974 645 exaestuo
1000 533 1363 646 tuaexxuea'ox.
1775 574 1844 650 ear

265 723 350 794 dicti
367 717 571 817 significans
586 713 743 813 supponi
754 711 918 786 hocloco
934 710 1076 802 debuit;
1091 691 1205 810 quum
1212 713 1286 810 jam
1296 712 1463 786 videlicet
1478 715 1584 812 hujus
1597 717 1668 790 diei
1684 721 1863 817 operatio.

265 845 356 917 sicut
367 856 403 912 et
414 853 624 912 caeterorum
636 835 673 905 in
687 832 766 904 luce
778 830 870 912 sacta
880 831 925 903 sit
934 832 1206 930 comprehensa.
1222 836 1343 921 Quum
1356 857 1441 930 ergo
1456 837 1493 908 in
1505 837 1683 913 Hebraico
1697 838 1843 912 dicitur:

267 959 476 1055 «dixitque,
493 985 511 1024 n
530 969 572 1027 ut
590 952 724 1026 scilicet
739 948 891 1047 qualiter
912 951 980 1022 ista
996 948 1056 1022 lux
1076 949 1169 1024 facta
1190 952 1241 1024 sic
1263 952 1520 1050 distinguatur,
1536 955 1588 1026 ita
1605 969 1658 1028 est
1674 954 1721 1028 ad
1741 975 1847 1054 supe·
1955 955 1960 963 ’

265 1080 361 1149 riora
376 1072 682 1160 continuandum,
700 1084 874 1166 tanquam
894 1069 924 1141 si
944 1068 1085 1142 dicatur
1097 1094 1114 1142 ε·
1121 1073 1229 1144 Facta
1243 1085 1297 1144 est
1316 1071 1397 1161 lux,
1416 1073 1454 1144 id
1470 1088 1544 1161 est,
1564 1071 1747 1146 distinctio
1764 1097 1850 1171 pree·

265 1195 426 1268 cedentis
446 1191 684 1281 confusionis,
702 1188 795 1260 sicut
818 1186 907 1260 dixit
926 1191 1046 1276 Deus,
1064 1203 1100 1260 et
1115 1189 1165 1260 ita
1181 1189 1275 1262 facta
1290 1205 1345 1262 est
1359 1191 1406 1264 ad
1432 1191 1623 1290 imperium
1647 1191 1733 1264 dicti
1751 1191 1845 1293 epte,

265 1318 356 1388 sicut
372 1331 446 1388 tam
463 1337 561 1385 nunc
576 1333 687 1410 quam
702 1308 937 1408 postmodum
961 1307 1204 1405 distinguitur.
1231 1313 1284 1382 De
1310 1311 1410 1406 cujus
1437 1310 1584 1406 quidem
1611 1309 1849 1382 distinctionis
1977 1381 1980 1390 ,

266 1459 374 1535 opere
391 1434 509 1534 primo
526 1455 624 1506 nunc
647 1430 790 1520 dicitur,
813 1457 831 1498 a
848 1428 1008 1528 dixitque
1028 1434 1142 1518 Deus,
1161 1444 1230 1502 etc.
1248 1457 1265 1498 u
1284 1431 1380 1502 Dixit
1401 1435 1515 1521 Deus,
1535 1431 1572 1502 id
1589 1447 1643 1502 est
1667 1432 1702 1502 in
1729 1431 1848 1505 Verbo

265 1553 333 1624 sibi
348 1567 527 1624 coaeterno
542 1607 551 1642 ,
570 1551 662 1623 sicut
673 1550 749 1646 jam
765 1547 1043 1623 deteminatum
1058 1562 1129 1638 est,
1144 1547 1183 1620 id
1194 1563 1249 1620 est
1264 1548 1301 1620 in
1317 1550 1395 1650 ipsa
1411 1552 1566 1648 propriae
1578 1550 1758 1648 sapientiae
1770 1573 1852 1648 pro·

265 1671 423 1744 videntia
438 1673 538 1770 prius
553 1671 591 1742 id
611 1668 789 1768 disposuit
803 1691 913 1766 quam
931 1691 1041 1765 opere
1060 1667 1271 1767 compleret.

316 1822 335 1862 a
351 1794 427 1865 Fiat
446 1791 715 1865 firmamentum
733 1790 770 1860 in
791 1788 914 1862 medio
936 1812 1130 1886 aquarum
1148 1804 1185 1862 et
1202 1789 1341 1862 dividat
1361 1813 1472 1887 aquas
1489 1789 1535 1865 ab
1551 1791 1666 1886 aquis.
1682 1818 1699 1856 n
1717 1792 1850 1862 Firma-

266 1926 427 1982 mentum
448 1923 555 1982 vocat
577 1883 723 1983 aereum
740 1906 903 1980 similiter
919 1907 1025 1980 simul
1040 1921 1077 1979 et
1092 1907 1287 1981 aetbereum
1309 1908 1463 1998 coelum,
1488 1909 1534 1980 de
1558 1908 1689 2005 quibus
1714 1908 1851 1980 dictum

255 2047 335 2122 est,
358 2061 376 2098 a
391 2048 427 2103 et
442 2055 543 2129 aquae
558 2055 637 2128 quse
653 2053 762 2127 super
777 2027 887 2100 coelos
903 2042 1005 2116 sunt,
1021 2056 1039 2096 n
1058 2053 1138 2125 quae
1153 2043 1305 2127 utraque
1324 2053 1422 2102 nunc
1442 2031 1653 2126 interjacent
1674 2031 1766 2102 inter
1786 2028 1850 2101 has

265 2175 376 2247 aquas
393 2152 597 2224 inferiores¹
613 2151 689 2222 sive
701 2165 852 2237 terram,
871 2163 908 2221 et
923 2147 1000 2220 illas
1015 2149 1223 2246 superiores
1248 2173 1371 2246 aquas.
1396 2151 1505 2237 Quod
1526 2151 1673 2248 quidem
1690 2151 1772 2227 ideo
1788 2149 1851 2221 fir·

265 2288 488 2345 mamertum
505 2272 648 2359 dicitur,
669 2267 770 2367 quod
785 2267 1008 2367 superiorem
1025 2291 1200 2366 aquarum
1216 2267 1366 2341 lluidam
1382 2283 1548 2342 neutram
1566 2295 1612 2343 ne
1628 2271 1775 2345 inferius
1791 2270 1852 2345 de·
1930 2296 1935 2306 ·

267 2391 380 2464 fluent
405 2408 443 2464 et
468 2389 674 2464 relabantur
695 2388 842 2487 propria
861 2387 1135 2484 interpositione
1158 2387 1363 2460 confirmat.
1384 2387 1488 2461 Unde
1513 2391 1763 2487 Hieronymus.
1783 2393 1851 2460 Sa·
1910 2381 1917 2393 ’

266 2535 388 2605 naaym
412 2509 607 2598 Hebraea,
625 2507 665 2580 id
679 2522 734 2580 est
758 2505 886 2597 ooelos,
909 2505 1103 2578 aetbereum
1126 2507 1260 2595 scilicet
1287 2523 1394 2606 atque
1419 2528 1565 2599 aerum,
1595 2533 1687 2606 quos
1710 2509 1770 2580 hic
1790 2507 1850 2580 fir-

266 2645 490 2702 mamentum
504 2633 644 2725 Moyses
660 2625 833 2725 appellat,
852 2647 895 2698 ex
912 2627 1014 2722 equis
1029 2625 1116 2697 dicit
1132 2627 1253 2698 sortiri
1270 2625 1506 2717 vocabulum,
1525 2629 1562 2699 id
1580 2641 1637 2700 est
1648 2651 1716 2725 pro
1742 2629 1852 2698 eosic

267 2748 499 2848 appellatum,
512 2747 613 2844 quod
627 2769 738 2844 aquas
758 2747 806 2817 ita
823 2745 986 2842 superius
1005 2743 1142 2835 firmat,
1162 2769 1209 2817 ne
1224 2744 1372 2818 inferius
1388 2745 1561 2818 defluant.

315 2868 493 2955 Quaeritur
509 2881 630 2940 autem
645 2863 833 2963 quomodo
849 2864 940 2959 ignis
955 2877 992 2934 et
1007 2887 1068 2936 aer
1083 2887 1185 2962 aquae
1199 2862 1436 2937 substantiam
1452 2891 1531 2963 quae
1547 2865 1853 2964 ponderosior'est

267 3001 465 3060 sustentare
481 2985 635 3059 valeant.
650 2985 720 3056 Sed
737 2984 900 3083 profecto
914 2997 1016 3056 tanta
1031 2997 1150 3082 potest
1166 3008 1242 3056 esse
1258 2985 1384 3057 raritas
1401 2999 1507 3083 atque
1521 2985 1695 3058 subtilitas
1712 2985 1853 3058 illarum

267 3129 460 3212 aquarum,
479 3119 515 3176 et
531 3119 636 3177 tanta
654 3104 746 3200 ignis
762 3118 798 3174 et
815 3103 906 3178 acris
925 3125 1042 3178 massa
1058 3127 1137 3200 quae
1153 3104 1186 3174 ei
1203 3102 1384 3199 subJacet,
1403 3103 1503 3202 quod
1529 3104 1574 3176 ab
1600 3105 1675 3176 istis
1701 3103 1768 3176 illae
1792 3129 1852 3178 su·

268 3225 415 3297 stentari
434 3237 586 3322 queant3
604 3224 696 3296 sicut
711 3222 807 3320 ligna
823 3237 859 3294 et
875 3221 1041 3293 nonnulli
1056 3221 1194 3320 lapides
1214 3221 1261 3294 ab
1283 3223 1403 3322 aquis,
1422 3226 1586 3321 quamvis
1607 3226 1684 3324 ipsa
1704 3239 1853 3297 terrenae

267 3345 340 3416 sint
352 3359 388 3416 et
399 3345 571 3440 gravioris
585 3358 732 3450 naturae.
750 3342 838 3429 Quis
850 3342 959 3413 etiam
972 3340 1108 3412 neseiat
1122 3341 1281 3413 vicinum
1295 3365 1433 3432 aerem,
1449 3345 1613 3441 quamvis
1627 3344 1728 3442 aquis
1740 3343 1853 3419 levior

268 3467 330 3556 sit,
349 3489 409 3540 eas
425 3481 545 3537 tamen
564 3463 790 3536 exhalatione
805 3475 909 3535 terrae
926 3459 1142 3559 vaporaliter
1163 3475 1316 3552 tractas,
1343 3476 1537 3562 antequam
1561 3465 1599 3535 in
1628 3477 1743 3560 guttas
1768 3489 1854 3536 con·

269 3585 473 3680 globantur,
491 3583 710 3683 suspendere
726 3597 834 3680 atque
852 3582 1077 3654 sustffltare?
1092 3581 1129 3652 Si
1147 3603 1233 3678 ergo
1250 3581 1306 3654 his
1322 3583 1425 3680 aquis
1442 3585 1639 3682 vaporatis,
1658 3583 1725 3655 illae
1751 3609 1855 3683 supe·

269 3705 381 3777 riores
397 3707 550 3778 rariores
566 3719 651 3776 sunt
667 3728 708 3776 ac
726 3704 846 3780 minus
862 3699 1099 3799 corpulentae,
1117 3725 1183 3772 cur
1198 3726 1274 3775 non
1291 3701 1338 3774 ab
1358 3703 1441 3798 igne
1464 3703 1569 3776 simul
1588 3719 1623 3776 et
1639 3727 1720 3775 aere
1736 3702 1854 3799 subja·

270 3825 433 3898 centibus
457 3824 646 3896 aristentari
671 3821 877 3920 perenniter
901 3819 1061 3906 valeant,
1088 3820 1181 3891 sicut
1205 3819 1271 3892 illae
1296 3821 1580 3918 corpulentiores
1601 3823 1647 3895 ab
1669 3847 1750 3896 aere
1777 3822 1855 3894 solo

269 3945 538 4045 suspenduntur
553 3942 600 4015 ad
615 3941 765 4014 horam?
782 3943 872 4012 Nam
889 3935 1055 4011 embes
1073 3937 1203 4010 densas
1219 3953 1255 4012 et
1271 3941 1428 4036 ingentia
1445 3942 1645 4014 draconum
1662 3944 1718 4014 vel
1735 3944 1854 4014 avium

270 4090 425 4164 corpora
433 4063 480 4136 ab
489 4088 571 4137 aere
580 4062 771 4136 sustentari
778 4060 1006 4132 manifestum
1016 4073 1081 4131 est.
1094 4062 1166 4131 Nec
1177 4061 1367 4158 quisquam
1377 4059 1537 4133 fidelium
1547 4059 1855 4133 dubitatlrumana

271 4209 447 4282 corpora,
466 4184 629 4282 quamvis
645 4197 795 4254 terrenae
811 4193 947 4252 naturae
962 4180 1052 4268 sint,
1070 4193 1178 4250 tantae
1194 4177 1397 4253 subtilitatis
1413 4205 1454 4252 ac
1476 4180 1628 4252 levitatis
1644 4195 1727 4279 post
1737 4205 1854 4252 resur—

272 4306 469 4377 rectionem
496 4305 634 4394 sutura,
659 4317 699 4374 ut
724 4327 799 4374 non
825 4301 942 4374 solum
967 4325 1076 4399 super
1095 4300 1205 4372 coelos
1221 4302 1416 4374 consistere
1430 4319 1586 4400 queant,
1605 4325 1731 4373 verum
1747 4302 1855 4372 etiam

273 4401 492 4522 ubicumque
508 4425 661 4496 voluerit
676 4423 827 4521 Spiritus
843 4424 920 4493 sine
940 4418 1113 4494 dilatione
1135 4422 1407 4496 transferantur.
1427 4427 1597 4495 Praeterea
1619 4425 1698 4521 quis
1723 4422 1856 4494 nesciat

273 4545 450 4617 inclusum
467 4565 586 4618 aerem
602 4546 639 4616 in
657 4544 774 4616 vesica
790 4544 1080 4615 circumstantem
1095 4541 1225 4641 pellem
1239 4546 1363 4616 vesicae
1382 4544 1543 4642 undiquc
1559 4544 1777 4642 suspendere
1802 4557 1855 4614 at·

273 4688 343 4762 que
360 4677 577 4755 sustentare,
596 4664 679 4737 licet
695 4667 770 4763 ipse
787 4663 938 4736 omnino
954 4661 1046 4761 pelle
1063 4662 1122 4735 illa
1140 4663 1185 4736 sit
1200 4663 1332 4736 levior?
1345 4653 1427 4736 lmo
1449 4665 1557 4738 etiam
1582 4679 1856 4763 quantamcum-

273 4809 344 4881 que
368 4809 565 4883 corporum
590 4783 723 4857 molem
744 4797 942 4856 sustentare
963 4797 1084 4881 posset
1103 4784 1276 4882 quamdiu
1294 4784 1451 4857 inclusus
1469 4785 1630 4858 cohiberi
1646 4797 1781 4884 posset.
1800 4785 1857 4853 Sic

275 4919 311 4976 et
323 4905 383 4978 illa
399 4908 489 4980 aeris
506 4922 542 4980 et
554 4907 645 5004 ignis
661 4905 847 5002 congeries
862 4918 970 5002 atque
987 4902 1113 5001 globus
1130 4905 1167 4976 in
1184 4904 1245 4977 illa
1267 4929 1442 5003 aquarum
1466 4905 1691 5006 corpulentia
1713 4903 1858 4978 conclu·⁴

311 5169 318 5202 ¹
336 5173 444 5226 llartcne
456 5175 515 5242 legit
525 5175 668 5235 interiores,
682 5175 762 5239 male,
777 5184 804 5226 at
817 5174 912 5242 opinor.
