4496 6102
742 639 785 712 lN
810 638 969 712 Natam
995 639 1151 712 DOMINI
1176 638 1338 710 suutto.
1758 636 1829 708 363

243 775 405 848 sibilitate
431 773 509 846 talis
536 791 731 874 conceptus
755 800 820 848 nec
844 775 983 849 dubitet
1006 778 1156 869 femina,
1182 777 1328 875 quando
1351 775 1516 850 videlicet
1538 776 1613 848 haec
1640 777 1771 848 femina
1793 778 1829 848 in

243 919 322 969 eam
352 911 522 995 tanquam
550 898 587 968 in
615 913 744 970 terram
774 898 962 996 promissio
988 899 1113 994 jecerit
1135 899 1311 997 angelica,
1344 898 1512 971 dicens¹:
1545 925 1563 966 a
1595 900 1685 968 Ecce
1712 897 1832 968 conci·

243 1019 336 1116 pies,
365 1033 433 1092 etc.
459 1046 477 1086 n
507 1021 597 1090 Cum
620 1043 694 1116 quo
715 1017 820 1090 simul
838 1018 972 1114 justitia
990 1020 1117 1111 oritur,
1141 1021 1224 1118 quia
1247 1021 1324 1118 ipse
1344 1043 1420 1090 non
1448 1017 1566 1090 solum
1582 1017 1697 1114 justus
1718 1017 1753 1087 in
1773 1042 1829 1106 se,

244 1137 427 1212 sedetiam
441 1164 508 1210 nos
523 1163 588 1238 per
601 1137 711 1212 fidem
724 1141 795 1230 sui,
812 1165 887 1212 non
906 1165 971 1238 per
983 1165 1093 1239 opera
1106 1141 1192 1240 legis
1207 1139 1422 1238 justificans,
1445 1167 1464 1206 a
1479 1139 1592 1210 lactus
1609 1153 1662 1210 est
1671 1192 1680 1230 ,
1694 1167 1712 1205 s
1733 1152 1770 1208 ut
1785 1139 1831 1209 ait

244 1258 432 1358 Apostolus
440 1262 463 1350 ¹,
483 1289 501 1328 a
516 1259 686 1358 sapientia
699 1259 802 1331 nobis
812 1285 833 1330 a
842 1263 932 1350 Deo,
946 1275 982 1332 et
992 1260 1163 1357 justitia.»
1181 1265 1286 1358 «Ego
1297 1260 1473 1334 Dominus
1488 1259 1606 1330 creavi
1617 1283 1738 1330 eum.»
1754 1262 1832 1330 Hoc

245 1393 315 1468 est,
333 1378 379 1450 ab
396 1394 528 1454 aeterno
544 1379 619 1476 jam
637 1379 796 1480 disposui
813 1379 907 1452 hanc
925 1381 1001 1475 ejus
1014 1382 1250 1473 creationem,
1266 1406 1341 1453 non
1358 1405 1422 1479 per
1434 1377 1666 1451 concubitum
1678 1376 1830 1468 virilem,

245 1496 309 1570 sed
320 1523 386 1598 per
407 1523 494 1572 meae
512 1502 678 1599 potentiae
692 1502 1052 1599 peragerevirtutem.
1074 1487 1184 1591 Quod
1202 1527 1286 1601 ergo
1304 1501 1353 1574 ibi
1377 1517 1547 1599 tanquam
1568 1500 1727 1572 futurum
1745 1523 1833 1598 prae·

245 1617 374 1692 dicitur
393 1648 401 1689 ε
429 1649 447 1688 a
464 1615 648 1719 A'periatur
669 1633 763 1693 terra
781 1635 817 1692 et
834 1621 1008 1720 germinet
1021 1621 1263 1715 salvatorem,
1286 1651 1304 1692 a
1327 1621 1387 1694 hic
1405 1623 1507 1720 quasi
1520 1621 1596 1718 jam
1613 1619 1832 1720 completum

245 1739 481 1811 ostenditur⁸:
505 1770 522 1808 «
543 1745 649 1814 Terra
666 1739 764 1813 dedit
780 1742 935 1814 fructum
952 1767 1069 1814 suum.
1093 1769 1112 1812 a

294 1857 402 1946 Quod
428 1885 515 1931 vero
533 1859 722 1932 subditur:
746 1861 974 1934 «Benedicat
997 1865 1131 1955 Dem‘,
1151 1890 1168 1932 a
1192 1863 1307 1935 oratio
1328 1876 1381 1934 est
1404 1857 1832 1961 postulantisefficaciam

246 1979 353 2076 hujus
365 1981 515 2072 fructus,
541 1982 579 2052 in
597 1981 656 2053 illa
673 1981 838 2054 videlicet
854 1981 1106 2056 benedictione
1124 1981 1208 2056 inde
1222 1981 1360 2054 mundo
1379 1981 1570 2080 promissa,
1593 2003 1672 2077 quae
1689 1977 1835 2050 Abrahae

246 2101 364 2198 primo
385 2100 476 2172 lacta
499 2116 570 2191 est,
591 2127 703 2200 quum
718 2103 784 2173 eia
798 2103 956 2174 Domino
975 2103 1134 2195 dicitur⁸,
1157 2105 1240 2201 quia
1256 2133 1275 2172 a
1289 2104 1326 2174 in
1346 2104 1483 2175 semine
1495 2117 1560 2172 tuo
1577 2099 1836 2192 benedicentur

248 2243 374 2291 omnes
388 2235 521 2316 gentes.
537 2249 555 2288 a
577 2225 617 2292 ln
635 2221 754 2319 primo
776 2223 912 2321 quippe
926 2221 1037 2294 Adam
1058 2238 1150 2296 terra
1163 2222 1367 2310 maledicta,
1387 2223 1423 2294 in
1435 2220 1595 2295 secundo
1611 2217 1836 2292 benedictio-

248 2363 332 2410 nem
355 2341 512 2438 recepit:
540 2343 624 2437 quia
640 2339 698 2411 ille
714 2342 753 2411 in
778 2321 1118 2416 condemnationem
1140 2367 1267 2416 omnes
1284 2367 1404 2415 secum
1431 2342 1563 2442 pariter
1587 2341 1709 2431 traxit,
1727 2365 1748 2411 a
1766 2361 1837 2437 qua

123 2535 127 2542 ,
249 2484 317 2532 nos
342 2460 407 2532 iste
433 2460 530 2532 solus
548 2459 720 2551 liberans,
740 2476 780 2533 ut
797 2461 942 2561 proprie
960 2466 1077 2554 Jesus,
1100 2462 1139 2535 id
1160 2478 1213 2536 est
1234 2463 1408 2555 Salvator,
1434 2477 1642 2552 vocaretur,
1666 2459 1832 2532 obtinuit.

250 2587 339 2652 Ante
364 2579 557 2654 adventum
581 2583 714 2682 quippe
731 2583 842 2680 ipsius
859 2583 946 2679 justi
964 2585 1071 2656 etiam
1091 2583 1189 2684 apud
1210 2585 1343 2656 inferos
1359 2599 1508 2683 propter
1523 2597 1710 2683 peccatum
1732 2582 1839 2682 primi

250 2699 407 2772 hominis
423 2701 690 2801 plectebantur3
707 2727 774 2802 pro
788 2701 917 2800 quibus
933 2703 1018 2776 inde
1030 2703 1223 2777 liberandis
1233 2707 1310 2805 ipse
1325 2729 1471 2803 quoque
1484 2702 1531 2775 ad
1548 2702 1681 2775 inferos
1692 2701 1839 2774 descen

251 2821 336 2896 dere
355 2822 520 2922 dignatus
538 2839 606 2916 est,
629 2823 717 2898 illud
738 2829 839 2898 Oseae
861 2826 1047 2925 complens
1067 2827 1315 2899 vaticinium⁶z
1340 2830 1405 2898 «O
1423 2850 1541 2916 mors,
1563 2848 1625 2897 ero
1639 2847 1738 2894 mors
1754 2838 1835 2894 tua:

251 2967 393 3016 morsus
412 2959 494 3017 tuus
510 2969 592 3037 ero,
613 2946 762 3018 inferne.
783 2974 801 3014 »
823 2948 951 3044 Aperta
968 2948 1088 3046 itaque
1107 2971 1174 3046 per
1186 2949 1304 3047 ipsum
1320 2947 1396 3045 jam
1416 2945 1521 3020 nobis
1534 2946 1645 3041 janua
1661 2943 1836 3042 paradisi,

248 3078 290 3134 ut
303 3063 467 3138 videlicet
484 3065 604 3138 nullus
622 3065 819 3140 electorum
837 3066 990 3166 amplius
1003 3092 1024 3140 a
1038 3091 1149 3166 regno
1164 3067 1359 3161 differatur,
1377 3067 1473 3140 illam
1487 3067 1561 3165 jam
1577 3065 1839 3164 querimoniam

248 3182 410 3257 fidelium
429 3186 578 3284 sopivit⁷
596 3215 603 3256 :
626 3216 644 3255 a
663 3191 782 3258 Patres
794 3188 908 3258 nostri
918 3186 1155 3259 comederunt
1169 3212 1275 3260 uvam
1291 3186 1478 3277 acerbam,
1494 3201 1531 3260 et
1543 3185 1669 3258 dentes
1682 3181 1839 3256 filiorum

248 3303 519 3402 obstupescunt.
538 3335 555 3374 s
570 3310 734 3393 Quorum
745 3305 893 3404 quidem
911 3308 1143 3405 querimoniae
1157 3310 1274 3380 statim
1298 3309 1374 3408 ipse
1384 3307 1623 3409 respondens,
1646 3321 1682 3379 et
1699 3321 1841 3405 tempus

246 3423 369 3519 gratim
393 3423 439 3496 de
461 3425 616 3498 adventu
641 3451 708 3498 suo
732 3427 967 3525 promittens,
988 3429 1085 3499 ait⁸:
1111 3457 1129 3495 a
1144 3429 1236 3500 Vivo
1255 3453 1339 3526 eg0,
1356 3430 1386 3500 si
1404 3429 1471 3501 erit
1495 3427 1587 3500 ultra
1606 3425 1742 3498 fabula⁹
1764 3425 1840 3498 haec

245 3545 286 3615 in
307 3546 538 3643 proverbium
556 3549 592 3618 in
612 3547 731 3620 lsrael.
744 3576 763 3615 a
785 3551 829 3618 Et
848 3548 886 3619 in
910 3547 1164 3646 sequentibus:
1184 3549 1356 3641 «Anima,
1376 3577 1395 3616 n
1410 3549 1563 3647 inquiat,
1586 3577 1603 3617 a
1620 3571 1700 3646 quae
1717 3568 1841 3646 peeca-

247 3667 359 3758 verit,
382 3667 459 3767 ipsa
478 3670 663 3740 morietur.
678 3668 785 3740 Filius
805 3693 881 3741 non
903 3647 1062 3768 portab'n
1078 3671 1301 3767 iniquitatem
1319 3671 1446 3768 patris,
1467 3685 1537 3742 eto.
1551 3697 1568 3736 n
1596 3667 1693 3757 Quid
1710 3681 1765 3739 est
1780 3689 1844 3740 ‘aur

245 3802 325 3858 tem
344 3790 516 3860 comestio
541 3815 616 3862 uvae
629 3788 786 3879 acerbae,
808 3814 888 3887 quae
906 3813 926 3860 a
943 3788 1103 3888 patribus
1121 3789 1229 3880 facta,
1251 3791 1289 3861 in
1304 3815 1450 3889 poenam
1474 3791 1582 3862 etiam
1605 3786 1763 3860 filiorum
1787 3811 1843 3859 re·

243 3900 407 3994 dundat,
424 3919 592 4000 tanquam
606 3905 673 4003 ipsi
686 3928 831 4002 quoque
848 3927 960 3976 unam
977 3903 1074 3976 illam
1087 3903 1344 3995 comedissent,
1364 3905 1432 3976 nisi
1443 3904 1674 4000 transgressio
1683 3903 1844 4001 priorum

241 4038 459 4120 parentum,
486 4049 565 4120 quae
583 4039 746 4123 posteros
765 4048 891 4096 omnes
913 4039 996 4096 ante
1020 4023 1217 4096 adventum
1232 4025 1379 4096 Domini
1398 4021 1645 4123 opprimebat,
1668 4037 1709 4093 ut
1726 4018 1844 4092 nullus

242 4157 571 4240 quantumcunque
584 4145 700 4240 justus
719 4142 765 4216 ad
783 4143 1041 4217 beatitudinem
1059 4143 1243 4235 transiret,
1269 4143 1333 4215 sed
1350 4143 1456 4214 unius
1477 4143 1592 4215 vetitae
1614 4140 1751 4242 arboris
1775 4163 1843 4211 co-

241 4261 464 4335 mestionem
486 4279 560 4334 tota
580 4265 768 4362 posteritas
786 4263 1022 4362 plecteretur?
1041 4267 1130 4335 Earn
1148 4288 1234 4337 vero
1253 4262 1437 4353 arborem,
1458 4285 1568 4362 quam
1586 4261 1739 4334 scientiae
1755 4259 1843 4333 boni

240 4395 288 4453 et
314 4379 399 4454 mali
426 4383 604 4454 Dominus
630 4382 803 4482 appellat,
828 4382 990 4483 plerique
1022 4381 1227 4455 iudaeorum
1253 4384 1361 4455 vitem
1394 4407 1471 4454 esse
1506 4393 1710 4469 autumant,
1743 4378 1844 4475 cujus

240 4499 390 4571 fructus
418 4499 489 4572 hoc
512 4501 595 4574 loeo
621 4527 688 4575 uva
718 4529 794 4576 esse
820 4502 960 4575 dicitur.
998 4505 1116 4588 Quam
1144 4503 1251 4574 etiam
1279 4500 1365 4574 inde
1393 4501 1547 4574 scientiae
1574 4499 1663 4570 boni
1687 4513 1723 4571 et
1740 4496 1841 4585 mali,

237 4621 344 4691 sicut
357 4620 533 4692 Dominus
545 4621 719 4720 appellat,
740 4623 869 4694 merito
883 4620 954 4693 dici
971 4620 1113 4711 volunt,
1130 4623 1214 4718 quia
1225 4622 1314 4693 sicut
1327 4622 1452 4694 vinum
1465 4619 1649 4692 moderate
1662 4632 1845 4716 sumptum

234 4739 350 4810 acuit
358 4739 562 4836 ingenium,
576 4743 622 4813 ita
638 4767 752 4839 quum
769 4741 920 4814 modum
936 4740 1073 4815 excedit
1089 4741 1256 4814 obtundit
1272 4743 1402 4841 ipsum.
1417 4739 1522 4813 Unde
1537 4741 1638 4838 quasi
1654 4737 1793 4811 bonum
1811 4753 1846 4810 et

238 4884 465 4959 perversum
488 4887 633 4935 sensum
652 4863 859 4955 conferens,
881 4864 1036 4936 scientiae
1049 4862 1191 4936 boniet
1209 4863 1293 4937 mali
1314 4863 1530 4936 arbitrantur
1548 4859 1630 4932 dioi.
1655 4861 1722 4932 Cui
1739 4859 1846 4932 etiam

282 5095 779 5164 'Luc-,cap.r,r.tt.-¹Gortntlr.
799 5100 1032 5167 I,cap.r,r.8⁰.
1076 5094 1845 5166 r.29.-'Dzacb.,eapxurr,r.tl.-'ltliterpurubola.
1945 5060 1953 5073 .

236 5207 277 5220 -
296 5177 312 5206 ³
326 5179 566 5246 Psalm.uxr1,r.t.
581 5211 609 5221 -
622 5184 633 5211 ⁴
644 5185 706 5237 lbid.
721 5213 751 5222 -
763 5183 774 5211 ⁸
786 5186 883 5245 Genu„
896 5199 952 5252 cap.
968 5197 1034 5247 xxrr,
1074 5209 1108 5222 -
1120 5183 1144 5214 ⁴⁹
1157 5183 1257 5244 Exocb„
1270 5197 1326 5251 cap.
1337 5199 1413 5246 xun,
1424 5197 1448 5234 r.
1458 5183 1501 5234 20.

235 5281 267 5318 v.
290 5265 375 5314 18.-
388 5264 485 5330 ⁸0seo,
499 5284 555 5336 cap.
568 5286 626 5332 xm,
637 5287 659 5320 v.
676 5271 749 5321 tt.-·
760 5269 769 5296 ⁷
780 5269 883 5333 larem,
894 5282 950 5335 cap.
963 5285 1033 5330 xxxx,
1485 5279 1491 5294 ·
