4496 6102
714 691 758 764 ΙΝ
783 683 993 764 PASSIONB
1018 688 1176 760 DOMlNl
1202 687 1364 760 SEBMO.
1758 683 1823 755 tat

239 828 473 928 corporaliter
486 855 570 904 eum
585 831 764 906 Christum
778 833 876 925 fecit,
898 846 933 904 et
953 847 1026 904 tarn
1048 832 1138 928 regis
1152 854 1259 929 quaxn
1282 828 1474 901 sacerdotis
1493 829 1530 900 in
1548 852 1592 900 eo
1612 840 1832 900 sacramenta

237 953 385 1049 peregit.
404 951 595 1045 Attendite,
611 955 690 1045 viri,
708 954 944 1028 humilitatem
957 954 1104 1025 Domini
1117 954 1165 1028 ita
1185 967 1224 1024 ut
1237 952 1392 1024 diximus
1406 952 1637 1023 ministrantis
1652 977 1659 1020 :
1677 974 1830 1048 perpen-

238 1071 329 1164 dite,
351 1071 507 1163 leminae,
529 1073 736 1172 dignitatern
756 1089 930 1166 vestram,
952 1099 1031 1173 quae
1051 1074 1151 1146 sicci
1173 1073 1210 1144 in
1232 1074 1400 1145 omnibus
1419 1073 1618 1144 ministrare
1640 1070 1828 1142 meruistis.

239 1193 347 1281 Quod
371 1219 458 1268 vero
487 1196 615 1295 saepius
637 1196 747 1294 pedes
770 1196 899 1269 Christi
926 1195 1055 1268 mulier
1078 1196 1217 1268 unxisse
1237 1193 1458 1292 perhibetur,
1482 1209 1646 1292 patenter
1673 1193 1833 1265 innuitur

239 1339 322 1386 eum
335 1316 523 1394 calciatum
536 1316 721 1409 incedere,
739 1319 839 1414 cujus
853 1317 963 1417 pedes
976 1317 1023 1389 ad
1036 1317 1245 1413 ungendum
1256 1318 1304 1388 ita
1316 1299 1560 1388 invenirentur
1572 1317 1702 1415 parati,
1720 1340 1832 1414 quum

239 1447 357 1505 tamen
382 1435 459 1532 ipse
479 1435 661 1536 discipulis
687 1437 931 1510 sandaliorum
949 1437 1180 1510 calciamenta
1203 1435 1399 1508 indulserit.
1430 1439 1480 1507 Ex
1497 1460 1571 1533 quo
1595 1451 1715 1535 aperte
1732 1436 1832 1531 juxta

239 1554 390 1627 litteram
410 1571 525 1654 patet,
547 1560 630 1656 quia
648 1558 756 1631 duras
781 1559 947 1631 habuerit
969 1560 1062 1650 vias,
1085 1559 1131 1632 de
1155 1558 1284 1657 quihus
1302 1559 1378 1657 ipse
1396 1558 1442 1629 ad
1465 1573 1604 1657 patrem
1621 1557 1798 1655 loquitur¹
1820 1587 1826 1627 :

242 1705 260 1743 α
274 1680 424 1776 Propter
436 1677 544 1751 verba
562 1679 739 1752 labiorum
759 1694 924 1771 tuorum,
940 1695 1008 1752 etc.
1024 1709 1042 1748 n

287 1796 395 1884 Quod
408 1823 495 1870 vero
508 1800 545 1871 in
562 1801 717 1872 crastino
733 1789 780 1873 de’
792 1801 960 1873 Bethania
977 1801 1095 1900 primo
1110 1799 1314 1899 Bethphage
1332 1799 1378 1872 ad
1396 1814 1559 1871 montem
1570 1798 1700 1870 Oliveti
1719 1800 1827 1887 venit,

238 1915 369 1988 deinde
387 1919 582 1991 Jerusalem
603 1922 784 2018 pervenit,
810 1946 1039 2020 nequaquam
1053 1946 1074 1993 a
1088 1922 1257 2018 mysterio
1272 1936 1384 1992 vacat.
1405 1920 1611 2020 Bethphage
1624 1920 1757 2017 quippe
1776 1921 1828 1989 vi-

237 2033 339 2108 culus
357 2051 410 2109 est
425 2039 667 2130 sacerdotum,
688 2055 724 2113 et
743 2042 994 2141 interpretatur
1012 2040 1135 2112 domur
1152 2039 1282 2126 buccoe,
1297 2041 1393 2134 sicut
1411 2039 1582 2111 Bethania
1603 2037 1728 2109 (harus
1747 2037 1829 2108 obe-

237 2154 390 2230 dientz'oe.
402 2162 455 2230 De
465 2158 635 2231 Bethania
644 2161 763 2257 itaque
775 2161 979 2260 Bethphage
989 2161 1145 2252 venitur,
1158 2161 1242 2258 quia
1252 2158 1349 2230 solus
1357 2157 1553 2264 hisdignus
1564 2155 1828 2255 estpraedicare,

236 2277 299 2372 qui
312 2279 411 2376 prius
423 2278 587 2352 didicerit
598 2280 765 2371 obedire3
783 2296 916 2353 utente
932 2280 1128 2380 discipulus
1146 2280 1252 2351 fuerit
1268 2278 1525 2377 obsequendo,
1542 2302 1650 2376 quam
1665 2279 1831 2374 magister

236 2397 563 2499 fiatpraecipiendo
580 2407 675 2474 Bene
686 2418 806 2474 autem
824 2403 883 2474 hic
896 2403 1035 2475 viculus
1049 2402 1298 2490 sacerdotum,
1315 2400 1386 2473 hnc
1403 2415 1457 2474 est
1469 2401 1762 2500 praedicatorum,
1783 2400 1829 2472 ad

237 2534 399 2592 montem
409 2520 539 2594 Oliveti
552 2547 628 2595 esse
640 2523 870 2613 describitur3
887 2524 971 2621 quia
979 2523 1042 2621 qui
1055 2523 1154 2613 tales,
1170 2537 1210 2594 ut
1221 2521 1389 2612 diximus,
1404 2520 1548 2612 fuerint,
1563 2521 1705 2593 altiores
1716 2521 1753 2592 in
1766 2523 1829 2592 Bc·

237 2637 342 2710 clesia
367 2654 440 2712 tam
466 2641 636 2741 dignitate
661 2643 800 2715 ordinis
824 2667 934 2740 quam
959 2644 1169 2715 meritorum
1192 2640 1382 2714 habentur.
1413 2639 1518 2713 Unde
1548 2656 1583 2712 et
1606 2627 1825 2713 Dominust:

239 2789 257 2826 u
274 2760 344 2848 Qui
357 2775 478 2833 autem
502 2762 623 2835 fecerit
640 2778 675 2836 et
694 2763 856 2835 docuerit
869 2764 920 2835 sic
932 2762 1118 2850 homines,
1139 2763 1199 2833 hic
1213 2787 1363 2859 magnus
1377 2761 1562 2834 vocabitur
1574 2762 1609 2832 in
1632 2787 1743 2858 regno
1757 2787 1829 2832 coe-

237 2878 368 2952 lorum.
389 2909 406 2946 n
428 2879 609 2954 Olivetum
627 2908 791 2980 quoque,
808 2883 908 2979 quod
926 2873 1048 2955 oleum
1065 2884 1259 2973 ministrat,
1275 2883 1405 2954 sanctis
1422 2879 1714 2979 praedicatoribus
1735 2895 1829 2952 recte

238 2999 413 3096 congruit.
436 2999 564 3073 Oleum
583 3002 786 3100 quippe.de
811 3003 909 3099 igne,
930 3027 1037 3099 quem
1063 3002 1190 3088 nutrit,
1211 3001 1328 3074 lucem
1349 3001 1501 3098 spargit:
1523 3015 1558 3072 et
1577 2999 1829 3099 praedicatores

237 3120 349 3190 sancti
367 3120 448 3217 igne
460 3121 613 3194 caritatis
629 3123 769 3194 accensi
783 3138 954 3220 tanquam
968 3122 1113 3194 lucerna
1126 3118 1209 3194 s'unt
1221 3121 1351 3194 ardens
1363 3137 1398 3194 et
1416 3121 1539 3193 lucens
1556 3149 1563 3190 :
1586 3119 1716 3192 ardens
1729 3119 1829 3192 vide-

237 3238 319 3311 licet
331 3239 370 3310 in
389 3264 446 3331 se,
464 3240 587 3314 lucens
600 3242 695 3332 aliis,
717 3243 780 3339 qui
794 3267 920 3314 eorum
936 3242 1183 3314 illuminantur
1198 3242 1465 3341 praedicatione.
1488 3246 1600 3312 Lucas
1620 3265 1706 3312 vero
1721 3240 1828 3312 refert

233 3358 337 3456 quod
350 3383 463 3457 quum
477 3345 782 3460 appropinquaret
796 3363 871 3457 jam
889 3362 1067 3432 Dominus
1090 3361 1136 3433 ad
1154 3363 1366 3433 descensum
1386 3361 1518 3432 montis
1539 3361 1687 3451 Oliveti,
1713 3384 1829 3458 coepe·

237 3495 319 3551 runt
338 3505 467 3554 omnes
484 3481 597 3554 turhae
614 3479 910 3554 descendentium
932 3481 1127 3578 gaudentes
1149 3479 1295 3553 laudare
1318 3485 1435 3554 Deum
1456 3505 1546 3553 voce
1572 3505 1701 3578 magna
1721 3505 1828 3579 super

237 3601 406 3673 omnihus
417 3625 505 3699 quas
518 3601 683 3674 viderant
700 3601 909 3693 virtutibus,
925 3601 1127 3675 dicentes⁸2
1153 3629 1171 3670 u
1186 3601 1401 3674 Benedictus.
1416 3603 1478 3699 qui
1500 3605 1597 3674 venit
1616 3627 1678 3673 rex
1700 3602 1736 3672 in
1756 3626 1828 3672 no-

235 3722 334 3791 mine
348 3722 494 3792 Domini
512 3748 520 3792 τ
537 3747 605 3821 pax
628 3723 665 3794 in
685 3721 794 3812 coelo,
816 3737 851 3794 et
874 3721 985 3820 gloria
1010 3723 1046 3793 in
1069 3722 1227 3794 excelsis.
1244 3751 1261 3789 r
1282 3725 1378 3794 Bene
1397 3737 1516 3795 autern
1540 3721 1762 3794 descendens
1784 3721 1829 3794 de

164 3893 168 3900 -
233 3856 361 3914 monte
371 3843 547 3915 Dominus
565 3867 587 3915 a
604 3843 716 3917 turbis
734 3841 967 3940 glorificatum
986 3844 1070 3941 quia
1088 3844 1157 3914 nisi
1175 3869 1214 3915 se
1226 3844 1306 3939 quis
1322 3844 1579 3936 humiliaverit,
1601 3865 1828 3941 nequaquam

232 3975 396 4035 meretur
407 3963 568 4056 exaltari,
581 3965 671 4036 sicut
684 3977 719 4036 et
730 3962 776 4035 de
790 3939 868 4061 ipso
883 3965 1054 4061 scriptum
1069 3978 1120 4033 est
1133 3963 1310 4034 Domino‘
1324 3991 1331 4032 :
1351 3993 1367 4030 u
1382 3963 1587 4036 Humiliavit
1598 3965 1828 4063 semetipsum

229 4083 349 4156 factus
368 4083 540 4157 obediens
554 4084 726 4184 usquead
743 4099 918 4171 mortem,
941 4097 1095 4156 mortem
1110 4097 1229 4154 autem
1244 4083 1370 4154 crucis.
1394 4089 1546 4182 Propter
1561 4063 1661 4181 quod
1679 4099 1715 4156 et
1732 4089 1827 4156 Deus

227 4203 405 4280 exaltavit
415 4204 535 4297 illum,
553 4223 587 4279 et
606 4205 705 4280 dedit
727 4206 777 4278 illi
796 4231 929 4278 nomen
949 4203 1048 4302 quod
1063 4217 1116 4276 est
1134 4227 1241 4302 super
1259 4227 1369 4275 omne
1387 4228 1539 4294 nornen,
1563 4219 1631 4275 etc.
1646 4232 1664 4270 u
1690 4203 1828 4276 Deinde

226 4325 352 4398 turbis
364 4328 416 4417 ei,
433 4341 472 4399 ut
489 4327 626 4401 dictum
644 4333 713 4418 est,
736 4327 860 4402 laudes
877 4323 1175 4416 acclamantibus,
1197 4339 1237 4396 ut
1258 4326 1574 4425 appropinquavit,
1597 4323 1723 4397 videns
1745 4325 1828 4396 civi·

223 4461 372 4583 atem,
395 4447 492 4521 flevit
516 4473 623 4548 super
644 4447 761 4538 illam,
786 4448 988 4521 dicens⁸:'u
1003 4449 1094 4534 Quia
1124 4447 1153 4520 si
1183 4446 1411 4544 cognovisses
1438 4460 1474 4518 et
1497 4461 1553 4535 tu,
1575 4445 1656 4543 quia
1685 4447 1827 4518 venient

223 4568 334 4658 dres,
356 4583 423 4640 etc.
449 4573 493 4640 Et
510 4593 586 4641 non
606 4568 809 4668 relinquent
828 4571 865 4642 in
884 4583 919 4640 te
939 4565 1095 4667 lapidem
1110 4591 1216 4666 super
1228 4566 1405 4665 lapidem,
1427 4591 1470 4639 eo
1485 4565 1584 4664 quod
1604 4589 1678 4638 non
1695 4589 1827 4664 cogno·

221 4689 318 4760 visti
333 4704 475 4789 ternpus
485 4691 697 4764 visitationis
714 4707 792 4793 tute.
808 4719 827 4758 a

281 4813 321 4881 Ο
339 4835 478 4882 summa
495 4836 578 4909 erga
593 4814 723 4911 impios
732 4813 864 4911 pietas,
881 4825 917 4883 et
930 4808 1218 4908 incomparabilis
1231 4833 1312 4906 erga
1328 4807 1490 4882 crudeles
1504 4805 1717 4904 benignitas!
1733 4811 1829 4881 Inter

214 4929 364 5004 laudes
379 4955 458 5028 quae
470 4933 503 5003 ei
521 4932 665 5023 dantur,
683 4942 719 5004 et
731 4931 996 5004 occurrentium
1008 4929 1136 5026 gaudia
1148 4929 1356 5020 turbarum,
1376 4953 1455 5026 quae
1470 4942 1542 5000 tarn
1556 4926 1705 4999 sollicite
1716 4927 1761 4998 ab
1773 4927 1828 4998 his

208 5189 216 5204 ¹
256 5232 267 5258 ¹
294 5227 391 5280 Pium.
404 5245 459 5294 ιη,
471 5246 494 5280 v.
511 5231 533 5279 l.
546 5257 574 5268 ··
587 5230 597 5258 ¹
611 5229 708 5293 aaut„
721 5246 775 5299 cap.
789 5247 813 5292 v,
826 5246 848 5280 v.
866 5231 947 5282 lh·-
959 5229 969 5258 ⁸
982 5229 1052 5291 hoa,
1070 5245 1126 5297 cap.
1143 5230 1238 5293 xxx,'r.
1253 5229 1295 5280 tt.
1305 5255 1336 5268 -
1348 5226 1358 5254 ⁴
1371 5227 1474 5291 Pttttp„
1489 5241 1545 5293 cap.
1562 5243 1579 5278 n
1588 5261 1596 5289 ,
1615 5244 1639 5279 v.
1657 5228 1682 5278 8.
1694 5253 1726 5266 -
1737 5227 1747 5255 ⁸
1757 5228 1829 5290 Luc„

211 5337 284 5387 cap.
299 5332 367 5380 xxx,
380 5332 404 5368 v.
419 5317 461 5366 ta.
