4510 6108
423 647 495 720 492
1022 647 1149 717 PETlll
1176 646 1407 719 ABAELARDl

424 786 559 859 iaciunt
579 786 762 884 discipuli,
788 787 910 884 quise
934 786 1062 883 dignos
1083 802 1301 885 praeparant,
1331 811 1414 858 eum
1432 785 1657 858 confidenter
1683 784 1923 883 expectand0,
1949 799 2006 870 ut,

324 961 327 970 .
364 995 372 1010 .
423 906 513 978 sicut
531 907 761 1004 promiserat,
781 907 827 978 ad
843 932 906 979 eos
919 907 1146 978 resuscitatus
1162 906 1297 978 redeat.

472 1025 581 1115 Quod
596 1042 716 1098 autem
737 1027 796 1099 hic
812 1028 943 1099 dicitur
961 1056 968 1098 :
988 1029 1092 1115 «Qui
1112 1027 1272 1100 ascendit
1292 1026 1339 1100 ad
1356 1027 1551 1116 orientem,
1564 1054 1582 1094 n
1602 1039 1720 1124 potest
1732 1024 1917 1098 Psalmista
1933 1051 2007 1097 nou

423 1153 619 1245 incongrue
636 1148 754 1220 dicere
775 1150 974 1222 secundum
995 1149 1064 1222 loci
1085 1151 1322 1248 positionem.
1335 1154 1414 1247 lpse
1430 1150 1563 1247 quippe
1581 1171 1687 1218 mons
1704 1146 1851 1236 Oliveti,
1871 1148 2009 1245 dequo

423 1271 599 1342 Dominus
617 1267 777 1342 ascendit
791 1271 828 1340 in
843 1268 990 1360 coelum,
1004 1270 1138 1341 civitati
1152 1269 1346 1341 Jerusalem
1362 1269 1523 1342 assistere
1540 1267 1671 1340 dicitur
1681 1291 1803 1338 versus
1817 1269 2006 1340 orientem.

424 1392 545 1461 Potest
560 1413 704 1487 quoque
721 1388 867 1485 intelligi
884 1389 998 1486 quod,
1015 1387 1222 1487 ubicunque
1239 1413 1345 1461 mous
1360 1388 1419 1461 ille
1439 1388 1562 1476 fuerit,
1578 1387 1755 1458 Dominus
1771 1386 1817 1458 ad
1834 1388 2009 1460 orientem

424 1511 636 1599 ascenderit,
649 1510 679 1581 si
689 1509 776 1582 facie
786 1535 850 1582 sua
860 1510 943 1582 illuc
955 1534 1069 1598 versa,
1081 1510 1153 1582 hoc
1167 1510 1290 1607 egerit.
1301 1510 1372 1597 Qui
1381 1510 1478 1582 enim
1488 1509 1534 1581 ad
1543 1532 1713 1580 occasum
1725 1506 1874 1580 dorsum
1885 1508 2007 1596 habet,

425 1629 552 1702 faciem
561 1630 792 1703 adorientem
803 1629 970 1702 intendit.
980 1631 1020 1701 Ei
1031 1645 1150 1702 autem
1159 1645 1243 1728 post
1252 1630 1415 1719 dorsum,
1424 1631 1500 1726 jam
1510 1629 1660 1700 omnino
1671 1642 1747 1700 erat
1753 1653 1914 1717 occasus,
1926 1629 2010 1726 quia

424 1773 610 1846 resurgens
619 1773 640 1820 a
648 1748 813 1836 mortuis,
830 1749 924 1820 ultra
934 1773 1009 1820 non
1022 1750 1187 1840 moritur,
1202 1773 1269 1820 nec
1283 1741 1437 1848 amplius
1448 1749 1494 1822 ad
1507 1749 1607 1821 illum
1619 1772 1729 1847 quem
1734 1749 1902 1821 sustinuit
1913 1773 2013 1820 occa·

424 1893 504 1939 sum
517 1883 573 1940 est
585 1866 776 1940 rediturus.
791 1871 904 1968 Super
922 1868 1054 1940 coelum
1069 1868 1149 1942 coeli
1166 1869 1377 1941 conscendit
1391 1869 1476 1967 quia
1494 1869 1741 1945 celsitudinem
1754 1869 1898 1942 aetlrerei
1910 1925 1918 1959 ‚
1932 1893 2012 1968 quae

425 1987 522 2060 aerio
538 1989 725 2086 praeminet
739 1989 972 2061 transcendit.
996 1988 1093 2076 Quid
1114 2004 1234 2062 autem
1250 2003 1333 2089 post
1348 1990 1595 2062 ascensionem
1615 2014 1735 2076 suam,
1754 1992 1863 2062 misso
1880 1991 2011 2088 Spiritu

425 2122 564 2198 sancto,
576 2107 758 2208 discipulis
770 2110 816 2181 sit
824 2109 994 2200 facturus,
1009 2125 1270 2208 consequenter
1282 2109 1508 2207 adjungitur:
1526 2113 1643 2181 «Eece
1655 2108 1756 2181 dabit
1766 2110 1848 2182 voci
1862 2135 1934 2180 suae
1945 2133 2011 2180 vo-

425 2258 505 2305 cem
516 2233 668 2304 virtutis.
680 2261 697 2300 n
712 2237 849 2304 Vocem
863 2257 979 2320 suam,
990 2231 1062 2302 hoc
1076 2247 1129 2304 est
1141 2231 1329 2331 propriam
1337 2231 1403 2303 Dei
1416 2229 1637 2303 locutionem
1646 2230 1734 2318 dicit
1746 2233 1925 2303 internam
1938 2230 2014 2327 ejus

427 2352 710 2450 inspirationem,
724 2377 804 2449 quae
818 2351 928 2424 hodie
942 2376 1007 2451 per
1021 2352 1193 2451 Spiritum
1206 2351 1347 2451 plenior
1361 2351 1453 2424 sacta
1467 2366 1533 2443 est,
1548 2377 1663 2450 quum
1673 2354 1750 2423 sine
1762 2377 1854 2424 sono
1867 2353 2014 2425 interius

328 2525 330 2530 -
426 2495 573 2545 omnem
586 2495 648 2543 eos
659 2472 846 2543 veritatem
855 2458 1135 2543 docueritssluic
1149 2485 1269 2543 autem
1278 2470 1439 2542 interiori
1452 2470 1627 2545 locutioni
1640 2497 1753 2570 quum
1767 2469 2014 2570 pereumdem

341 2611 346 2624 ·
425 2591 597 2690 Spiritum
611 2591 795 2664 exterioris
809 2590 1003 2664 locutionis
1017 2591 1158 2663 diversa
1166 2589 1244 2692 ¹sint
1260 2614 1389 2686 genera
1401 2589 1541 2681 addita,
1557 2591 1659 2688 quasi
1678 2579 1807 2662 divinia
1820 2593 1919 2682 voci,
1935 2617 2014 2689 quae

425 2714 574 2786 interius
584 2711 638 2802 fit,
650 2737 719 2784 vox
734 2712 893 2796 humana
905 2727 959 2785 est
970 2712 1140 2809 adjuncta
1155 2740 1163 2782 :
1178 2726 1218 2782 ut
1228 2712 1394 2784 videlicet
1403 2711 1554 2784 verbum
1562 2729 1682 2785 mente
1691 2728 1909 2810 conceptum
1922 2716 2012 2787 iute-

424 2835 514 2925 rius‚
537 2859 603 2935 per
617 2834 775 2907 audibile
790 2835 942 2907 verbum
955 2834 1157 2933 proseratur
1168 2847 1230 2907 aut
1244 2832 1491 2906 manifestetur
1502 2834 1673 2924 exterius,
1685 2849 1721 2906 et
1732 2834 1781 2905 ita
1792 2835 1874 2906 voci
1886 2835 2015 2908 divinae

425 2982 495 3050 vop
504 2956 665 3029 humana
671 2956 802 3046 ‚datur5
818 2970 860 3027 ut
870 2954 971 3052 quod
981 2958 1076 3028 Deus
1086 2954 1321 3052 inspiratione
1333 2978 1400 3026 sua
1411 2955 1508 3026 intus
1518 2952 1624 3028 nobis
1634 2953 1806 3053 loquitur,
1818 2955 2014 3054 nosprola-

424 3079 523 3150 tione
536 3093 660 3151 nostra
670 3077 836 3150 homines
849 3073 1166 3172 docemmfflene
1177 3075 1298 3172 itaque
1309 3073 1396 3147 dicit
1408 3101 1417 3144 :
1429 3075 1588 3148 Domino
1598 3076 1826 3166 ascendente,
1838 3078 1924 3174 quia
1935 3080 2014 3150 voci

424 3225 496 3273 suae
506 3226 571 3299 per
583 3200 774 3298 Spiritum,
786 3212 826 3270 ut
836 3198 1052 3286 dictumest,
1068 3197 1106 3268 in
1119 3195 1291 3296 apostolis
1301 3195 1419 3287 sactae,
1434 3195 1535 3270 dabit
1547 3196 1656 3269 etiam
1666 3222 1794 3268 vocem
1803 3197 2016 3296 prolationis

424 3320 609 3409 humanae,
622 3335 664 3397 ut
673 3319 773 3418 quod
785 3333 881 3391 recte
896 3332 1102 3406 senserunt,
1116 3327 1274 3413 congrue
1285 3315 1505 3415 quibuslibet
1512 3317 1673 3420 prolerre
1689 3343 1730 3391 ac
1743 3317 1916 3392 disserere
1930 3345 2014 3418 pos-

424 3443 508 3513 sint.
523 3444 643 3528 Quam
656 3440 803 3537 insuper
809 3463 939 3510 vocem
946 3438 1086 3509 virtutis
1097 3436 1201 3526 dicit,
1213 3463 1292 3546 quae
1299 3436 1411 3510 hodie
1420 3463 1527 3537 super
1539 3437 1722 3538 apostolos
1729 3453 1840 3510 vento
1851 3436 2014 3536 praefigu-

338 3549 341 3556 ’
425 3573 501 3632 rata
516 3572 570 3630 est
585 3558 808 3645 vehementi,
826 3557 918 3628 sicut
933 3557 971 3627 in
987 3556 1156 3628 hesterno
1173 3581 1339 3629 sermone
1355 3557 1597 3636 meminimus.
1617 3558 1795 3630 Virtutem
1809 3559 2014 3656 pmdicatio

425 3677 549 3770 habet,
559 3693 596 3752 et
604 3675 724 3750 valida
732 3690 798 3768 est,
811 3700 924 3775 quum
933 3677 1014 3775 quis
1022 3676 1122 3775 quod
1132 3676 1219 3748 dicit
1229 3675 1402 3750 disserere
1413 3676 1556 3770 sufficit,
1568 3692 1608 3750 ut
1616 3678 1793 3752 confutari
1801 3704 1877 3751 non
1889 3681 2014 3779 possit,

425 3797 483 3870 vel
494 3823 609 3898 quum
622 3797 746 3871 animo
757 3797 938 3898 praestanti
954 3797 1143 3896 praedicat,
1159 3821 1226 3868 nec
1242 3797 1371 3870 timore
1384 3797 1524 3895 aliquo,
1543 3798 1746 3888 veritatem;
1760 3799 1818 3871 vel
1829 3825 1945 3898 quum
1956 3823 2013 3889 ea,

426 3946 506 4020 quae
518 3921 706 4021 praedicat,
720 3920 883 3994 moribus
900 3945 976 3992 non
991 3933 1195 4019 oppugnat,
1215 3943 1283 3990 nec
1299 3920 1518 3992 conscientia
1533 3918 1695 4020 reprobae
1709 3921 1790 3992 vitae
1808 3921 2017 3994 emhescen·

426 4041 513 4114 tiam
534 4040 637 4114 timet
657 4040 704 4112 de
720 4040 985 4140 praedicatione.
1007 4043 1093 4126 Quae
1112 4039 1232 4112 omnia
1252 4038 1290 4110 in
1308 4037 1480 4138 apostolis
1500 4038 1638 4114 clarum
1655 4055 1710 4113 est
1728 4041 1958 4140 praeminere,
1978 4055 2017 4111 ut

426 4185 553 4234 eorum
575 4161 781 4259 praedicatio
808 4185 878 4232 vox
901 4159 1041 4232 virtutis
1063 4159 1192 4232 merito
1214 4159 1368 4231 dicenda
1387 4160 1444 4231 sit.
1468 4160 1556 4259 lpsis
1576 4161 1710 4259 quippe
1730 4162 1909 4233 Dominus
1931 4185 2016 4260 pro·

427 4283 612 4357 miserat¹:
639 4312 658 4350 α
684 4287 760 4380 Ego
790 4282 888 4355 dabo
910 4281 1014 4353 vobis
1036 4306 1077 4354 os
1100 4295 1136 4354 et
1158 4271 1388 4380 sapientiam,
1419 4283 1476 4353 cui
1500 4307 1575 4354 non
1601 4299 1774 4382 poterunt
1795 4285 1960 4356 resistere
1981 4299 2015 4354 et

366 4461 368 4468 .
425 4401 672 4477 contradicere
689 4427 816 4475 omnes
833 4402 1038 4475 adversarii.
1051 4430 1068 4469 n
1083 4405 1133 4473 Os
1142 4400 1275 4474 scilicet
1287 4402 1334 4474 ad
1344 4401 1585 4499 loquendum,
1600 4404 1811 4502 sapientiam
1822 4403 1869 4476 ad
1886 4401 2015 4474 intelli-

427 4522 604 4618 gendum,
621 4521 679 4594 vel
694 4522 783 4620 quid
800 4523 858 4593 cui
876 4520 1033 4612 dicatur,
1052 4521 1201 4620 quando
1223 4535 1259 4593 et
1274 4521 1462 4619 quomodo
1478 4521 1769 4594 discernendum.
1788 4523 1968 4622 Scriptum
1982 4535 2018 4591 et

427 4642 473 4714 de
489 4643 574 4742 ipsis
589 4657 660 4733 est,
678 4642 778 4740 quod
800 4645 885 4716 cuni
904 4641 1036 4716 fiducia
1050 4642 1204 4716 verbum
1225 4641 1559 4741 Dei'praedicarent.
1584 4643 1654 4731 Qui
1678 4644 1786 4715 etiam
1806 4668 1916 4742 quam
1935 4641 2016 4714 reli·

428 4763 535 4860 giosae
550 4763 631 4836 vitae
648 4779 784 4852 essent,
803 4763 858 4835 vel
874 4779 1010 4862 quanta
1024 4763 1264 4836 sollicitudine
1279 4763 1529 4862 pkoviderent,
1548 4787 1594 4835 ne
1610 4763 1832 4863 turpitudine
1849 4789 1922 4836 suae
1938 4764 2016 4835 vitae

428 4881 684 4973 adulterarent,
696 4897 757 4956 aut
767 4882 984 4955 infamarent
998 4883 1149 4956 verbum
1160 4883 1240 4975 Dei,
1255 4909 1349 4956 unus
1361 4908 1489 4956 eorum
1500 4898 1662 4974 testatur,
1676 4885 1813 4957 dicens·
1825 4913 1834 4954 ε
1849 4914 1866 4952 κ
1876 4885 2017 4978 Castigo

427 5025 561 5100 corpus
582 5026 721 5091 meum,
742 5002 831 5074 etin
848 5004 1056 5078 servitutem
1074 5003 1198 5100 redigo
1207 5057 1224 5121 ,Ι
1237 5027 1284 5075 ne
1302 5001 1394 5094 sorte
1412 5028 1525 5102 quum
1545 5003 1622 5076 aliis
1638 5005 1923 5103 praedicaverim,
1942 5005 2018 5101 ipse

468 5249 476 5279 ⁴
491 5249 976 5316 Luc.‚cap.xn,v.15.—'son'ntla
991 5253 1018 5313 l,
1030 5267 1086 5319 cap.
1099 5241 1139 5314 rx,
1150 5267 1174 5304 r.
1189 5253 1230 5303 tr.
