4496 6102
693 617 737 691 trt
762 609 973 690 emmona
998 611 1155 690 noum
1182 616 1343 687 suano.
1568 601 1574 612 '
1743 617 1818 690 aas

222 777 257 834 et
269 761 348 833 iniit
359 723 443 832 cum
457 758 509 829 eis
520 771 685 856 pactum,
700 771 739 830 ut
753 782 820 857 pro
834 758 977 856 triginta
991 759 1166 854 argenteis
1183 763 1303 830 Jesum
1319 758 1475 830 traderet
1489 756 1567 830 illis.
1583 761 1705 845 Quum
1725 761 1820 831 enim

223 881 398 959 retulisset
411 877 615 969 Matthaeus,
632 879 830 981 Dominum
848 877 1067 978 approbasse
1086 877 1296 952 ellusionem
1316 879 1487 976 unguenti
1505 902 1611 978 super
1625 893 1733 977 caput
1746 879 1822 976 ejus

223 1029 244 1076 a
262 1003 411 1075 muliere
434 1001 582 1092 tactam,
604 1000 722 1072 statim
740 999 921 1097 adjunxit¹
939 1028 946 1070 :
967 1004 1099 1072 «Tunc
1117 999 1202 1071 abiit
1220 1026 1313 1074 unus
1336 1026 1380 1073 ex
1398 999 1591 1072 duodecim
1608 1001 1670 1098 qui
1694 1000 1822 1074 dicitur

224 1122 354 1214 ludas,
375 1137 444 1202 etc.
464 1149 482 1189 u
505 1125 545 1193 ln
563 1145 637 1219 quo
655 1134 691 1193 et
708 1123 849 1192 Marcus
873 1120 1033 1192 similiter
1059 1123 1246 1193 consentit.
1267 1120 1376 1209 Quod
1393 1145 1479 1219 ergo
1498 1121 1639 1218 utrique
1656 1137 1743 1192 tunc
1761 1125 1822 1193 Ju-

224 1243 308 1316 dam
327 1243 374 1316 ad
391 1243 461 1314 hoc
474 1241 574 1340 quod
586 1240 739 1314 diximus
758 1241 884 1314 abiisse
898 1241 1073 1332 referunt,
1095 1243 1178 1314 satis
1197 1242 1384 1340 diligenter
1397 1243 1570 1334 innuunt,
1590 1240 1637 1314 ad
1653 1241 1725 1314 hoc
1739 1266 1822 1314 eum

223 1363 308 1436 inde
321 1378 545 1439 commotum
564 1362 670 1435 luisse
686 1378 793 1461 atque
810 1363 1051 1462 indignatum,
1068 1363 1167 1462 quod
1184 1363 1252 1436 hac
1271 1365 1378 1436 etiam
1391 1364 1468 1436 rice
1481 1364 1650 1438 confusus
1667 1367 1820 1464 pretium

226 1487 399 1584 unguenti
416 1509 492 1558 non
515 1487 632 1584 potuit
651 1483 824 1558 obtinere.
1228 1503 1241 1572 g

274 1605 369 1693 Quid
381 1620 500 1678 autern
514 1605 690 1676 Dominus
709 1607 833 1702 quinta
853 1604 937 1676 feria
955 1606 1083 1702 egerit,
1103 1606 1175 1678 hoc
1196 1621 1248 1679 est
1262 1606 1320 1679 die
1331 1631 1458 1698 coenae,
1473 1622 1659 1705 quo-tunc,
1680 1621 1720 1680 ut
1735 1605 1823 1678 diri·

225 1751 318 1816 mus,
334 1724 469 1798 Pascha
483 1723 688 1796 ludaeorum
702 1724 869 1822 contigit,
890 1739 924 1795 et
942 1725 1028 1823 ipsis
1043 1741 1181 1801 certum
1195 1741 1248 1798 est
1264 1726 1470 1824 evangeliis,
1486 1725 1548 1797 ubi
1562 1727 1733 1825 scriptum
1747 1741 1819 1798 est:

226 1875 244 1912 a
256 1845 371 1914 Prima
383 1857 504 1915 autem
516 1842 574 1915 die
592 1867 814 1940 azymorum,
827 1860 1052 1917 accesserunt
1063 1844 1227 1944 discipuli
1240 1845 1286 1916 ad
1300 1850 1440 1937 lesum,
1454 1845 1614 1918 dicentes
1629 1874 1637 1917 :
1657 1876 1674 1914 a
1689 1845 1758 1918 Ubi
1771 1848 1823 1918 vis
1945 1883 1948 1890 ¹

224 1993 244 2031 n
256 1987 423 2063 paremus
438 1962 502 2034 tibi
514 1962 704 2035 comedere
717 1963 872 2061 pascha?
887 1991 904 2030 u
923 1967 966 2034 Et
978 1964 1072 2035 misit
1086 1969 1229 2035 Petrum
1245 1979 1280 2036 et
1296 1970 1485 2054 loannem,
1498 1964 1641 2037 dicens:
1660 1993 1678 2034 n
1692 1969 1823 2037 Euntes

226 2113 244 2151 a
257 2097 379 2182 parate
394 2082 499 2156 nobis
513 2082 658 2182 pascha,
675 2098 714 2155 ut
731 2084 1028 2156 manducemus.»
1044 2087 1083 2155 lt
1100 2083 1151 2154 illi
1164 2083 1331 2156 dixerunt
1347 2111 1354 2154 :
1373 2084 1536 2156 «ubivis
1551 2085 1764 2184 paremusln
1781 2087 1822 2156 Et

224 2203 313 2276 dixit
321 2203 365 2276 ad
379 2229 442 2276 eos
459 2231 467 2274 ε
482 2231 501 2271 a
510 2208 601 2276 Ecce
612 2195 984 2276 introeuntibusvobis
993 2205 1184 2295 civitatem,
1199 2220 1362 2278 occurret
1375 2204 1475 2277 vobis
1486 2205 1600 2277 bomo
1610 2205 1822 2305 amphoram

227 2351 361 2424 «aquae
377 2339 537 2425 portans.
560 2325 758 2423 Sequimini
777 2349 860 2398 eum
878 2325 915 2395 in
934 2325 1084 2398 domum
1102 2326 1138 2396 in
1159 2351 1269 2424 quam
1288 2326 1415 2418 intrat,
1435 2341 1471 2398 ct
1488 2326 1613 2399 dicetis
1630 2327 1822 2426 patrifami-

134 2436 137 2444 ’
226 2477 244 2516 n
258 2447 323 2520 lias
334 2447 464 2519 domus
477 2473 484 2518 :
498 2446 591 2519 Dicit
603 2446 667 2518 tibi
680 2448 865 2544 magister:
884 2476 901 2516 r
911 2446 981 2518 Ubi
992 2462 1044 2520 est
1058 2447 1308 2539 diversorium,
1322 2447 1383 2520 ubi
1397 2448 1530 2547 pascha
1541 2472 1626 2520 cum
1639 2447 1821 2548 discipulis

227 2597 246 2636 n
260 2569 348 2640 meis
360 2567 631 2639 manducent»
653 2571 696 2638 Et
710 2555 786 2664 ipse
804 2567 970 2640 ostendet
985 2567 1087 2640 vobis
1105 2567 1329 2640 coenaculum
1348 2593 1520 2666 magnum
1537 2582 1704 2658 stratum,
1721 2581 1757 2640 et
1772 2568 1820 2640 ibi

227 2717 245 2756 n
262 2703 421 2786 parate.»
431 2692 565 2760 Euntes
574 2701 693 2760 autem
702 2688 917 2759 invenerunt
929 2689 1021 2760 sicut
1033 2687 1120 2762 dixit
1134 2687 1215 2780 illis,
1225 2703 1260 2760 et
1268 2705 1485 2787 paraverunt
1491 2688 1635 2788 pascha.
1649 2694 1693 2762 Et
1707 2715 1820 2788 quum

225 2808 316 2881 facta
339 2824 432 2880 esset
456 2809 565 2899 hora,
586 2808 787 2900 discubuit,
807 2824 842 2881 et
858 2807 1051 2882 duodecim
1074 2809 1327 2908 apostolicum
1346 2834 1439 2882 eo.»
1459 2809 1646 2882 Discubnit
1672 2810 1819 2909 quidem

224 2929 271 3000 ad
289 2943 390 3001 vetus
408 2929 539 3027 pascha
563 2929 681 3028 primo
708 2928 975 3001 celebrandum.
998 2929 1107 3018 Quod
1133 2953 1220 3002 vero
1243 2945 1316 3002 tam
1341 2929 1525 3002 Matthaeus
1546 2953 1656 3027 quam
1681 2932 1820 3001 Marcus

224 3047 368 3135 dicunt,
385 3049 457 3120 hoc
469 3073 545 3121 esse
563 3049 695 3121 factum
709 3051 826 3149 prima
840 3048 899 3121 die
918 3072 1145 3146 azymorum,
1161 3075 1240 3148 quae
1252 3049 1417 3122 videlicet
1434 3047 1510 3122 dies
1529 3051 1675 3149 proprie
1687 3048 1819 3149 pascha

225 3167 422 3261 dicebatur,
443 3185 483 3242 ut
505 3195 612 3268 supra
632 3169 883 3259 meminimus,
904 3170 995 3242 sicut
1012 3185 1150 3268 septem
1171 3170 1247 3244 dies
1271 3185 1459 3270 sequentes
1482 3193 1691 3267 azymorum
1715 3196 1820 3243 voca·

225 3286 373 3380 bantur,
391 3265 477 3360 sciat
490 3287 602 3361 lector
615 3289 734 3388 ipsum
748 3287 843 3360 diem
860 3288 1003 3361 Paschae
1012 3290 1161 3362 nomine
1173 3315 1320 3388 quoque
1337 3314 1546 3386 azymorum
1562 3291 1821 3390 comprehendi

225 3433 352 3507 posse,
373 3434 488 3507 quum
510 3410 546 3481 in
574 3435 619 3483 eo
642 3411 749 3482 etiam
769 3411 903 3507 azymis
929 3435 1012 3482 cum
1031 3409 1177 3482 lactucis
1200 3410 1396 3510 agrestibus
1419 3426 1657 3484 vescerentur.
1681 3411 1823 3485 Paschae

225 3555 371 3628 quoque
389 3531 537 3602 nomine
560 3555 823 3628 nunnunquam
842 3555 862 3604 e
881 3555 1057 3606 converso
1078 3531 1154 3604 dies
1165 3555 1374 3630 azymorum
1397 3533 1603 3604 continetur
1617 3531 1718 3629 juxta
1734 3531 1824 3606 illud

225 3648 395 3721 loannis:
420 3678 438 3718 «
454 3653 543 3722 Ante
565 3649 661 3722 diem
680 3650 807 3722 festum
829 3649 1020 3722 Paschae.»
1046 3653 1145 3749 Saepe
1167 3653 1274 3724 etiam
1300 3631 1433 3724 Pascha
1455 3652 1533 3752 ipsa
1551 3651 1667 3726 hostia
1681 3651 1823 3724 Paschae

225 3769 345 3864 potius
356 3768 549 3866 quamdies
558 3767 994 3868 appellatur,jurtaillud:
1008 3768 1105 3840 «Ubi
1117 3771 1345 3867 visparemus
1357 3769 1625 3844 tibi-comedere
1637 3771 1821 3872 paschal»
1920 3760 1924 3766 ’

228 3893 273 3968 Et
289 3890 372 3968 alibi
389 3918 397 3962 :
416 3893 552 3964 «Venit
570 3906 688 3964 autem
709 3891 784 3963 dies
802 3915 1030 3988 azymorum,
1049 3893 1086 3962 in
1105 3915 1176 3989 qua
1193 3916 1338 3966 necesse
1358 3910 1434 3967 crat
1452 3895 1568 3968 occidi
1586 3898 1730 3995 pascha.
1746 3925 1765 3965 n
1781 3903 1823 3969 Et

226 4011 438 4110 Apostolus¹
454 4041 461 4083 ε
482 4039 501 4079 n
517 4012 651 4084 Pascha
663 4027 827 4084 nostrum
838 4010 1043 4083 immolatus
1055 4026 1107 4083 est
1118 4011 1296 4102 Christus,
1312 4039 1328 4080 u
1338 4013 1410 4085 hoc
1424 4030 1477 4087 est
1490 4016 1566 4112 ipse
1575 4031 1697 4090 nostra
1708 4017 1823 4090 hostia

226 4131 414 4229 paschalis.
429 4130 538 4220 Quod
551 4155 637 4204 vero
651 4136 805 4204 Joannes
819 4131 868 4202 ait
883 4159 891 4200 :
909 4161 926 4198 a
943 4134 986 4202 Et
1002 4155 1105 4204 coena
1118 4130 1225 4222 facta,
1241 4156 1354 4230 quum
1365 4131 1530 4206 diabolus
1535 4135 1608 4230 jam
1623 4136 1775 4208 misisset
1786 4138 1822 4208 in

226 4275 291 4322 eor
303 4250 507 4323 uttraderet
519 4276 601 4323 eum
616 4252 740 4342 Judas,
750 4252 1013 4348 surgitacoena,
1025 4281 1043 4320 a
1060 4266 1101 4324 ut
1112 4251 1277 4324 videlicet
1287 4252 1397 4352 pedes
1409 4253 1541 4328 lavaret
1549 4253 1819 4354 discipulorum.

227 4374 272 4442 Et
285 4371 520 4470 postmodum
532 4371 715 4446 ablutione
729 4370 831 4463 lacta,
847 4370 1028 4470 subjungit
1045 4401 1052 4442 :
1073 4400 1091 4441 n
1105 4375 1226 4460 Quum
1240 4372 1472 4466 recubuisset,
1493 4375 1621 4448 iterum
1640 4375 1730 4448 dixit
1744 4379 1794 4449 eis
1812 4411 1819 4449 ;

229 4494 332 4564 Scitis
344 4492 433 4591 quid
451 4494 593 4566 fecerim
609 4492 732 4584 vobis,
748 4507 815 4566 etc.
835 4523 852 4564 a
866 4499 944 4566 Hoc
955 4494 1135 4566 insinuare
1148 4495 1301 4586 videtur,
1318 4496 1419 4594 quod
1426 4498 1525 4570 intra
1543 4521 1682 4570 coenam
1696 4501 1824 4572 veteris

231 4614 373 4687 Paschae
385 4631 420 4687 et
432 4639 573 4688 coenam
582 4614 819 4705 dominicam,
833 4614 944 4714 pedes
956 4615 1132 4690 Dominus
1144 4614 1317 4710 ablueret,
1328 4642 1393 4716 per
1401 4617 1473 4690 hoc
1483 4631 1644 4717 patenter
1654 4619 1822 4710 innuens,

228 4737 413 4810 neminem
433 4737 480 4809 ad
505 4736 717 4810 sacrificium
742 4737 871 4809 Christi
894 4737 1043 4836 dignum
1065 4738 1256 4829 accedere,
1284 4741 1352 4812 nisi
1375 4741 1474 4838 prius
1496 4738 1625 4812 ablutis
1650 4739 1822 4838 pedibus,

228 4856 303 4928 hoc
319 4873 373 4930 est
394 4857 642 4931 affectionibus
665 4859 775 4930 animi
794 4858 994 4951 mundatis,
1019 4859 1178 4958 alioquin
1197 4861 1372 4957 judicium
1390 4861 1457 4933 sibi
1483 4860 1639 4934 comedit
1662 4877 1697 4934 et
1720 4860 1821 4933 bibit.

263 5085 383 5150 'llattb.,
401 5101 456 5153 cap.
474 5103 550 5150 un,
568 5103 591 5139 v.
613 5087 651 5137 tl.
672 5085 788 5154 Reliquos
808 5085 1011 5152 evangelistarum
1050 5086 1159 5138 invenias
1172 5087 1238 5154 apud
1258 5087 1413 5150 llattbaenm,
1433 5103 1487 5154 cap.
1512 5105 1568 5140 nn
1585 5098 1611 5140 ct
1624 5105 1663 5157 sq.
1675 5089 1825 5148 -blarcum,

227 5173 299 5222 locos
309 5170 342 5222 de
354 5171 472 5223 Passione
484 5171 582 5224 Domini
596 5187 611 5222 a
625 5182 709 5223 nostro
720 5169 849 5223 Abalardo
867 5170 1010 5238 compilatos
1051 5187 1107 5238 cap.
1119 5188 1160 5222 arv
1174 5181 1199 5222 et
1208 5188 1257 5238 sq,
1269 5172 1402 5233 -Lucarn,
1418 5188 1474 5240 cap.
1489 5189 1539 5224 xxu
1560 5184 1585 5226 et
1600 5190 1650 5241 aq.;
1661 5174 1806 5226 -loannem
1820 5212 1826 5232 ,

230 5272 319 5308 omnes
332 5256 468 5310 minutatim
480 5268 566 5309 nome
581 5273 666 5323 parum
685 5256 747 5308 utile
759 5273 813 5308 erse
827 5257 949 5309 duximus.
962 5257 1010 5308 llos
1051 5273 1107 5323 cap.
1120 5274 1162 5308 xm
1177 5269 1201 5308 et
1214 5274 1253 5323 sq.
1265 5286 1292 5294 -·
1306 5255 1437 5310 '‘Conuth.
1450 5257 1477 5316 l,
1491 5273 1546 5324 cap.
1561 5275 1585 5320 r,
1598 5275 1621 5309 v.
1633 5261 1656 5308 7.
