4496 6102
693 659 738 732 ΙΝ
762 657 897 730 ultus
923 659 1165 732 Pttulutttt
1190 660 1353 731 SERMO.
1751 659 1823 730 tta

238 798 350 871 boant
362 798 609 871 necessitatem
624 801 792 900 patienti;
808 815 844 874 et
857 801 893 872 in
909 786 1141 874 eiterioribus
1155 800 1353 874 actionibus
1365 797 1585 889 laborantes,
1603 797 1661 870 illa
1674 799 1825 897 implent

238 942 347 1018 opera
364 917 630 1009 misericordiae,
652 919 698 992 de
714 919 844 1017 quibus
859 920 926 992 illis
940 923 1116 994 Dominus
1130 921 1288 994 dicturus
1303 924 1374 993 est¹
1391 948 1398 990 :
1420 949 1437 988 a
1455 919 1614 1011 Esurivi,
1632 933 1666 990 et
1680 918 1826 992 dedistis

238 1037 326 1110 mihi
338 1038 575 1129 manducare,
592 1055 660 1112 etc.
677 1068 694 1106 n
709 1040 990 1140 Contemplativa
1004 1067 1090 1114 vero
1109 1057 1161 1113 est
1177 1042 1265 1132 vita,
1286 1065 1364 1137 quae
1377 1063 1500 1111 amore
1515 1039 1579 1110 Dei
1594 1037 1823 1112 vehementer

238 1182 423 1250 succensa,
444 1174 543 1232 tanto
561 1161 731 1233 sincerius
744 1161 776 1232 ei
791 1177 907 1251 vacat,
922 1177 958 1234 et
970 1164 1006 1234 in
1021 1163 1096 1260 ejus
1112 1162 1469 1261 contemplationem,
1486 1176 1520 1232 et
1535 1175 1645 1232 status
1663 1185 1824 1257 supernae.

236 1279 315 1350 vitae
342 1279 467 1350 oculos
494 1281 627 1352 meritis
647 1280 835 1380 perfectius
857 1284 974 1380 erigit,
996 1297 1033 1354 et
1049 1309 1093 1356 eo
1111 1284 1223 1380 magis
1241 1283 1277 1353 in
1300 1282 1369 1353 hac
1389 1279 1631 1380 speculatione
1653 1304 1823 1378 suspensa

236 1399 443 1490 delectatur,
460 1415 595 1497 quanto
609 1424 629 1473 a
643 1402 736 1473 curis
748 1402 864 1474 saeculi
878 1402 1029 1504 amplius
1042 1418 1181 1476 remota
1193 1402 1354 1502 quiescit.
1372 1399 1509 1472 Martha
1523 1401 1640 1497 itaque
1654 1414 1823 1497 tanquam

236 1521 272 1590 in
300 1521 465 1594 exteriori
489 1520 796 1596 administratione
820 1540 1014 1623 occupata,
1035 1525 1192 1596 Domino
1209 1523 1366 1596 venienti
1383 1522 1500 1593 statim
1518 1521 1692 1611 occurrit,
1712 1522 1820 1591 Maria

236 1663 321 1712 vero
339 1637 439 1711 domi
458 1640 585 1712 sedens
603 1641 767 1739 quiescit,
785 1667 1009 1740 nequaquam
1031 1643 1105 1715 istis
1122 1642 1317 1714 visibilibus
1335 1643 1469 1713 intenta
1486 1639 1609 1730 bonis,
1626 1638 1690 1710 sed
1703 1663 1824 1737 super·

236 1760 290 1830 uis
303 1759 445 1832 inhians
459 1760 613 1856 gaudiis,
635 1787 714 1859 quae
731 1786 798 1836 nec
816 1762 941 1835 oculus
965 1763 1074 1855 vidit,
1098 1788 1165 1835 uec
1178 1764 1272 1834 auris
1288 1762 1432 1834 audivit.
1455 1764 1572 1848 Quam
1589 1761 1697 1831 etiam
1715 1783 1820 1830 evan·

236 1879 357 1975 gelista
373 1880 410 1951 in
424 1895 563 1952 tantum
575 1882 732 1979 quietem
746 1907 844 1956 suam
857 1907 977 1955 amare
988 1883 1174 1974 describit,
1191 1899 1231 1955 ut
1244 1906 1470 1982 nequaquam
1485 1881 1529 1953 de
1543 1879 1655 1952 domo
1669 1901 1820 1975 egressa,

235 2002 302 2072 nisi
329 2025 349 2072 a
379 2004 545 2098 Domino¹
561 2005 668 2103 prius*
685 2020 829 2095 vocata,
856 2031 968 2105 quum
997 2007 1030 2079 ei
1059 2006 1224 2078 videlicet
1248 2005 1386 2078 Martha
1412 2003 1576 2076 diceret:
1612 2001 1821 2097 «Magister

234 2121 351 2213 adest,
372 2137 409 2194 et
426 2139 528 2196 vocat
543 2139 589 2197 te.
609 2129 909 2224 »Nonnunquam
930 2127 994 2198 viri
1012 2126 1280 2227 contemplativi
1300 2129 1345 2197 de
1364 2139 1500 2197 secreto
1519 2123 1651 2194 intimae
1669 2119 1814 2219 quietis,

233 2244 310 2314 Deo
323 2243 529 2342 inspirante,
543 2261 721 2342 coguntur
739 2247 851 2337 exire,
873 2263 908 2319 et
923 2247 1060 2346 populo
1079 2243 1140 2320 illo
1158 2247 1373 2347 postulante,
1393 2245 1486 2317 curis
1509 2241 1736 2343 implicantur
1753 2263 1819 2326 eof

231 2361 448 2454 clesiasticis,
468 2365 558 2436 sicut
574 2366 609 2436 in
630 2364 735 2437 beato
752 2365 883 2438 lactum
902 2381 956 2439 est
973 2368 1137 2439 Martino.
1160 2371 1303 2454 Quanto
1320 2379 1439 2438 autem
1458 2361 1815 2460 contemplativorum

232 2483 347 2579 major
365 2484 487 2582 religio
505 2486 710 2558 ferventiori
730 2486 849 2558 studio
872 2487 1029 2559 adhaeret
1046 2492 1145 2579 Deo,
1167 2502 1267 2560 tanto
1285 2486 1402 2557 Mariae
1419 2484 1648 2556 devotionem
1667 2505 1816 2576 evange·

230 2599 309 2673 lista
326 2606 437 2702 magis
453 2606 711 2680 commendans
731 2608 824 2679 ait¹z
848 2637 865 2676 u
884 2609 991 2680 Maria
1009 2624 1142 2697 autem,
1159 2633 1272 2706 quum
1290 2607 1443 2679 venisset
1459 2603 1521 2675 ubi
1540 2617 1613 2676 erat
1626 2603 1743 2690 lesus,
1765 2601 1815 2670 vi·
1886 2641 1899 2666 .

231 2720 321 2794 dens
336 2749 433 2816 eum,
453 2726 580 2800 cecidit
597 2727 644 2799 ad
661 2728 772 2827 pedes
788 2728 875 2825 ejus.
893 2731 936 2800 Et
957 2728 1045 2801 dixit
1060 2731 1092 2802 ei
1109 2757 1117 2799 ε
1136 2728 1336 2818 «Domine,
1351 2725 1514 2798 siluisses
1531 2724 1610 2812 hic,
1632 2745 1705 2793 non
1721 2735 1814 2794 esset

231 2870 252 2908 a
266 2859 428 2917 mortuus
437 2847 544 2919 frater
554 2871 692 2922 meus.»
708 2854 808 2921 lesus
822 2874 919 2948 ergo,
928 2813 1062 2924 utvidit
1071 2875 1150 2924 eam
1159 2850 1374 2950 plorantem,
1385 2863 1420 2918 et
1426 2845 1566 2918 ludaeos
1574 2845 1813 2942 quivenerant

231 2985 316 3032 cum
342 2987 383 3035 ea
405 2963 603 3063 plorantes,
625 2983 691 3039 etc.
715 2996 733 3036 n
760 2971 991 3067 Nequaquam
1013 2970 1107 3041 enim
1126 2967 1280 3058 Martha,
1300 2991 1379 3065 quae
1397 2965 1554 3034 Domino
1574 2964 1672 3059 prior
1690 2984 1815 3066 occurs

229 3097 343 3174 rerat,
360 3083 415 3156 vel
433 3085 478 3156 ad
495 3086 605 3185 pedes
623 3088 699 3184 ejus
715 3088 901 3161 adorando
920 3101 1114 3187 prostrata,
1136 3087 1194 3160 vel
1212 3112 1319 3188 super
1338 3086 1443 3157 fratre
1461 3083 1590 3155 dicitur
1604 3081 1808 3176 lacrymata.

227 3203 331 3274 Prior
342 3202 388 3276 ad
400 3207 596 3278 Dominum
609 3209 746 3280 Martha
760 3211 868 3300 venit,
884 3210 1055 3307 quoniam
1069 3209 1182 3282 activa
1194 3208 1266 3279 vita
1277 3207 1358 3278 licet
1370 3207 1407 3276 iu
1423 3203 1555 3275 meritis
1567 3203 1610 3274 sit
1622 3201 1808 3299 posterior,

227 3323 435 3396 naturaliter
453 3341 572 3399 tamen
593 3329 629 3398 in
650 3327 776 3400 ordine
793 3331 964 3428 temporis
982 3345 1035 3402 est
1053 3330 1162 3429 prior.
1181 3333 1228 3399 Ut
1247 3327 1343 3398 enim
1361 3325 1485 3397 beatus
1501 3323 1663 3395 meminit
1675 3324 1810 3417 Grego-

224 3443 301 3514 rius
319 3467 340 3514 a
359 3444 514 3517 minimis
531 3449 681 3545 quimue
701 3448 865 3540 inchoat,
884 3463 924 3521 ut
941 3449 986 3522 ad
1007 3449 1141 3546 majora
1156 3448 1351 3547 perveniat.
1369 3449 1412 3516 Et
1428 3443 1667 3543 imperfectior
1683 3441 1814 3513 activo·

223 3587 309 3634 rum
330 3566 402 3637 vita
418 3565 581 3663 quaedam
603 3583 656 3641 est
678 3567 838 3640 fidelium
859 3569 1062 3658 inchoatio,
1085 3570 1122 3640 in
1142 3593 1212 3665 qua
1231 3593 1268 3640 se
1286 3567 1384 3665 prius
1402 3578 1606 3654 exerceant,
1631 3585 1741 3659 quam
1764 3559 1812 3630 ad

219 3684 481 3782 perfectionem
497 3690 807 3788 contemplationis
826 3690 1081 3762 conscendant.
1165 3706 1172 3722 ¹
1409 3767 1411 3772 ,

275 3808 385 3896 Quod
397 3833 483 3880 vero
499 3812 675 3882 Dominus
692 3816 862 3883 Lazarum
881 3812 1110 3882 suscitaturus
1129 3812 1351 3883 iuhemuisse
1364 3813 1507 3910 spiritu,
1525 3825 1559 3884 et
1573 3813 1727 3910 seipsum
1742 3825 1814 3882 tur·

218 3928 331 4000 basse
343 3927 485 4022 dicitur,
499 3929 570 4002 hoo
581 3932 617 4002 in
636 3932 752 4030 seipso
771 3928 930 4002 exhibuit
946 3929 1046 4028 quod
1064 3929 1339 4002 misericorditer
1353 3931 1387 4002 in
1402 3931 1508 4002 nobis
1519 3933 1600 4027 agit.
1619 3933 1701 4017 Quo
1717 3931 1815 4001 enim

215 4054 378 4149 quisque
399 4054 576 4151 poenitens
594 4052 729 4148 majora
747 4053 981 4143 commiserit,
999 4053 1110 4150 magis
1127 4050 1278 4123 horrore
1298 4052 1469 4148 gehennae
1486 4051 1675 4124 infremere
1687 4075 1728 4122 ac
1741 4066 1814 4121 tur-

215 4171 305 4242 bari
316 4172 454 4269 cogitur
465 4171 510 4244 de
523 4188 752 4272 peccatorum
767 4197 914 4244 suorum
929 4171 1185 4270 magnitudine.
1199 4173 1263 4243 llic
1276 4195 1361 4244 vero
1375 4173 1437 4269 qui
1449 4169 1706 4269 quatriduanus
1721 4196 1815 4243 mor-

214 4309 311 4364 tuus
327 4291 442 4365 dictus
460 4308 530 4385 est,
550 4319 614 4392 per
631 4294 699 4365 hos
712 4307 866 4391 quatuor
879 4293 973 4384 dies,
989 4319 1080 4392 quos
1090 4294 1164 4390 jam
1178 4295 1214 4364 in
1233 4309 1348 4365 morte
1365 4285 1560 4384 habuerat,
1578 4293 1679 4362 omni
1692 4317 1814 4391 pecca·

213 4431 348 4486 torum
365 4416 495 4512 genere
512 4415 774 4486 contaminatus
792 4415 897 4488 fuisse
913 4415 1085 4486 innuitur.
1107 4420 1147 4486 ln
1166 4440 1210 4487 eo
1228 4416 1360 4515 quippe
1378 4430 1450 4487 tam
1466 4415 1689 4512 cogitationis
1706 4438 1814 4513 quam

210 4535 446 4633 operationis
458 4549 644 4634 peccatum
660 4534 864 4633 praecedens
883 4535 920 4607 in
939 4534 1236 4608 consuetudinem
1254 4550 1418 4626 venerat,
1435 4549 1470 4609 et
1485 4534 1629 4606 tandem
1648 4534 1736 4606 alios
1751 4560 1816 4632 per

208 4653 433 4751 exemplum
458 4656 744 4754 corrumpendo,
765 4655 801 4726 in
820 4671 935 4727 morte
953 4656 1085 4754 pariter
1102 4672 1174 4727 tarn
1195 4655 1345 4728 aliorum
1361 4680 1469 4753 quarn
1484 4635 1630 4754 propria
1651 4679 1818 4727 consum·

205 4789 366 4848 matum
386 4793 478 4866 erat,
500 4776 637 4873 prim0,
656 4790 695 4847 ut
716 4775 851 4848 dictum
871 4791 944 4864 est,
965 4777 1002 4846 in
1021 4777 1234 4874 cogitatione
1249 4830 1259 4866 ,
1274 4775 1433 4848 secundo
1451 4767 1613 4847 habitum
1631 4775 1668 4847 in
1685 4801 1815 4874 opere,

205 4895 335 4998 ¹tertio
353 4893 488 4966 dictum
502 4895 539 4967 in
558 4895 839 4987 consuetudine,
858 4912 986 4995 quarto
1001 4898 1036 4968 in
1050 4896 1201 4969 aliorum
1215 4898 1456 4996 corruptione.
1474 4896 1581 4983 Quod
1593 4921 1680 4970 vero
1694 4899 1818 4969 Domi-

203 5037 302 5087 nus
317 5014 511 5111 interrogat
532 5045 540 5084 :
567 5045 585 5083 a
605 5014 673 5087 Ubi
691 5016 858 5113 posuistis
876 5017 983 5088 eum?
1002 5045 1019 5084 »
1042 5033 1211 5115 tanquam
1229 5018 1397 5114 ignorans
1417 5015 1570 5114 sepulcri
1588 4995 1728 5108 locum;
1748 5018 1820 5090 hoc

246 5293 256 5320 ¹
284 5290 388 5356 statu,
399 5309 455 5360 cap.
467 5277 561 5356 urst.
576 5297 616 5346 35.
629 5323 659 5333 -
669 5294 679 5321 ’
691 5296 775 5358 loun,
789 5311 845 5362 cap.
859 5313 900 5358 xt,
913 5311 936 5346 v.
952 5298 1054 5354 20,91.
