4536 6102
427 569 499 640 cro
1010 563 1140 674 rarat
1165 555 1399 642 annuatur

426 737 472 784 ne
499 712 617 783 servor
637 709 696 782 ille
716 711 879 808 superior
898 707 956 781 vel
970 709 1085 782 nubes
1101 711 1194 810 ipsas
1210 687 1271 781 vel
1284 731 1393 808 aquas
1413 709 1600 782 inferiores
1617 709 1767 782 omnino
1789 707 1979 786 attraheret
1991 721 2013 804 ,'

426 857 538 930 quum
555 832 599 902 sit
613 829 667 900 vis
681 830 771 924 ignis
789 827 997 901 naturaliter
1013 831 1198 902 attractiva
1220 829 1382 902 lmmoris
1401 856 1411 900 ε
1429 830 1527 901 unde
1544 844 1580 900 et
1595 828 1875 927 phlebotomarii
1894 857 2003 929 quum

427 952 576 1025 vasculis
593 951 764 1048 appositis
779 951 990 1046 sanguinem
1008 949 1191 1022 extrahere
1204 949 1348 1040 volunt,
1368 949 1512 1022 inclusis
1524 950 1637 1047 stupis
1653 950 1772 1046 ignem
1789 951 2001 1042 immittunt,

304 1139 308 1150 ,
426 1085 465 1141 ut
482 1068 601 1140 calore
618 1067 707 1163 ignis
723 1068 915 1138 humorem
932 1067 1113 1140 attrahant
1128 1069 1323 1164 sanguinis.

475 1193 519 1258 Et
530 1187 750 1276 notandum,
769 1187 868 1284 quod
886 1187 948 1257 ubi
963 1211 1029 1258 nos
1042 1187 1195 1259 dicimus
1209 1216 1226 1255 a
1241 1185 1304 1258 frat
1315 1186 1582 1258 firmamentum
1595 1187 1632 1256 in
1645 1187 1766 1258 medio
1779 1211 1969 1285 aquarum,
1987 1217 2003 1254 n

426 1309 564 1380 Hebraei
585 1309 740 1397 habent,
766 1339 783 1377 n
799 1311 844 1379 sit
860 1309 1018 1378 extensio
1042 1308 1135 1379 infra
1155 1331 1282 1405 aquas;
1306 1335 1323 1374 u
1342 1305 1413 1380 hoc
1434 1322 1489 1379 est
1510 1307 1737 1378 intervallum
1759 1332 1834 1405 quo
1855 1309 1937 1406 ipsae
1961 1308 2006 1380 ab

326 1469 330 1476 ·
426 1429 581 1498 invicem
597 1429 633 1498 in
652 1413 865 1525 perpetuum
883 1440 1094 1522 separentur
1107 1451 1154 1496 ne
1169 1449 1208 1497 se
1220 1425 1366 1497 ulterius
1380 1426 1591 1521 contingant
1607 1453 1615 1495 :
1631 1426 1722 1497 sicut
1735 1428 1905 1524 scriptum
1916 1431 2003 1498 est¹:

429 1546 670 1618 «Extendens
695 1546 826 1617 coelum
847 1547 938 1615 sicut
959 1542 1107 1641 pellem,
1137 1545 1200 1640 qui
1220 1545 1308 1640 tegis
1330 1545 1431 1641 aquis
1451 1545 1636 1642 superiora
1652 1546 1745 1640 ejus.
1769 1575 1786 1613 n
1806 1549 1849 1617 Et
1870 1545 2005 1616 alibi':

429 1699 446 1735 a
467 1671 696 1763 Congregans
713 1668 804 1737 sicut
822 1667 859 1736 in
875 1678 955 1736 utre
976 1689 1086 1761 aquas
1101 1665 1222 1736 maris.
1238 1691 1257 1731 u
1286 1661 1349 1736 Illa
1371 1665 1477 1760 igitur
1497 1666 1656 1736 extensio
1673 1689 1745 1761 qua
1760 1667 1958 1762 superiores
1974 1682 2007 1736 et

426 1789 611 1859 inferiores
636 1812 736 1884 aquae
761 1799 971 1884 separantur
996 1785 1098 1882 quasi
1122 1784 1224 1883 pellis
1249 1783 1462 1880 interjacens
1494 1784 1679 1856 inferiores
1704 1807 1815 1881 aquas
1839 1800 2007 1882 tanquam

428 1923 545 1979 utrem
566 1906 766 1995 concludit,
791 1919 825 1976 et
850 1906 1051 2003 superiores
1073 1901 1175 2000 quasi
1198 1903 1475 1976 firmamentum·
1488 1902 1674 2000 suspendit
1694 1917 1801 1998 atque
1823 1917 2004 1974 sustentat.

427 2033 549 2117 Quum
565 2045 685 2100 autem
702 2030 751 2100 ait
767 2056 773 2098 :
792 2027 951 2098 «Divisit
967 2050 1078 2123 aquas
1094 2049 1173 2122 quae
1189 2040 1292 2098 erant
1307 2025 1375 2097 sub
1391 2023 1638 2112 firmamento,
1653 2037 1739 2112 etc,
1757 2051 1775 2090 n
1788 2023 1860 2095 tale
1873 2024 2009 2095 videtur

427 2175 523 2239 esse,
543 2175 584 2222 ac
597 2151 627 2222 si
643 2150 776 2222 diceret
791 2176 799 2218 ε
814 2149 941 2218 Divisit
956 2171 1036 2244 quae
1052 2148 1126 2242 jam
1144 2146 1257 2218 divisa
1274 2161 1389 2218 erant.
1409 2149 1488 2216 Non
1505 2147 1692 2216 enimait:
1712 2147 1799 2231 Quae
1817 2169 1916 2217 nunc
1930 2161 2009 2216 sunt

428 2271 494 2341 sub
508 2270 736 2341 firmamento
755 2283 790 2338 et
806 2291 884 2362 quae
900 2291 1021 2364 super,
1037 2266 1100 2336 sed
1114 2293 1122 2336 ε
1134 2269 1223 2353 Quae
1232 2268 1307 2362 jam
1324 2280 1411 2337 tunc
1427 2279 1542 2336 erant.
1561 2269 1612 2336 Ex
1625 2289 1699 2362 quo
1716 2263 1945 2335 manifestum
1960 2279 2009 2335 est

427 2413 447 2460 a
464 2391 581 2486 prima
596 2389 654 2459 die
667 2389 741 2483 jam
766 2411 875 2483 aquas
893 2409 999 2484 super
1018 2385 1186 2457 aetherem
1204 2387 1426 2475 constitisse,
1442 2379 1519 2458 sive
1535 2387 1620 2468 flatu
1637 2385 1757 2472 venti,
1779 2399 1821 2455 ut
1836 2384 2005 2472 diximus,

427 2509 511 2579 illuc
528 2509 760 2606 superjectas,
783 2507 857 2578 sive
873 2505 924 2576 ibi
940 2507 976 2576 in
994 2507 1071 2604 ipsa
1087 2531 1150 2577 sua
1171 2508 1352 2578 creatione
1372 2507 1482 2578 iactas
1507 2519 1543 2576 et
1563 2505 1825 2584 circumductas
1846 2506 2007 2575 universo

428 2629 585 2716 munda,
604 2651 680 2698 non
698 2623 743 2696 de
760 2625 989 2697 interioribus
1009 2625 1093 2696 illuc
1118 2625 1203 2698 flatu
1224 2626 1344 2723 aliquo
1366 2625 1463 2697 venti
1486 2624 1654 2697 sublatas.
1680 2601 1788 2710 Quod
1811 2647 1896 2721 ergo
1917 2648 2008 2695 nuuc
2092 2641 2096 2652 '

428 2750 558 2821 dicitur
582 2749 621 2818 in
645 2747 803 2818 secunda
826 2745 885 2816 die
905 2745 1164 2842 divisasaquas
1179 2769 1259 2844 quae
1275 2760 1378 2818 erant
1395 2767 1503 2843 super
1520 2744 1639 2816 abbis
1653 2766 1732 2841 quae
1749 2759 1852 2816 erant
1867 2745 2006 2829 subtus,

428 2853 642 2942 divisionem
656 2870 761 2941 istam
772 2891 838 2966 per
851 2867 1160 2965 interpositionem
1175 2863 1393 2938 firmamenti
1407 2866 1569 2963 intelligit
1584 2867 1633 2937 ita
1649 2867 1759 2937 casin
1777 2866 1939 2936 secundo
1955 2864 2009 2936 die

428 2991 585 3062 firmatas
609 3013 705 3078 esse,
729 3003 771 3058 ut
786 2986 933 3058 ulterius
948 2987 1021 3058 labi
1037 3011 1111 3058 non
1129 3000 1288 3083 possent.
1307 2987 1479 3074 Quamvis
1495 2985 1645 3056 enimin
1661 2987 1779 3083 prima
1794 2985 1853 3056 die
1870 2987 1946 3082 jam
1964 2985 2009 3056 ibi

428 3125 562 3200 essent,
576 3134 652 3180 non
669 3123 790 3180 tamen
800 3096 876 3204 jaim
892 3108 942 3179 ibi
959 3107 1107 3179 firmatae
1118 3122 1237 3197 erant,
1252 3121 1292 3178 ut
1308 3106 1379 3179 labi
1396 3132 1471 3178 non
1487 3121 1651 3204 possent,
1666 3107 1768 3204 quod
1783 3107 1937 3178 secunda
1953 3107 2011 3176 die

428 3233 638 3320 factumest,
652 3231 689 3301 in
701 3229 771 3326 qua
781 3229 1047 3301 firmamentum
1058 3228 1135 3300 fieri
1146 3230 1288 3301 dicitur.
1303 3228 1519 3300 Hebraicum
1532 3243 1652 3299 tamen
1666 3227 1728 3299 ubi
1741 3251 1808 3298 nos
1820 3227 2007 3298 habemus:

431 3383 446 3419 n
468 3355 594 3424 Divisit
608 3375 718 3449 aquas
736 3375 814 3447 quae
830 3366 933 3421 erant
949 3350 1016 3421 sub
1032 3349 1274 3439 firmamento,
1293 3366 1378 3438 etc.,
1393 3378 1410 3416 u
1424 3375 1500 3420 non
1515 3348 1626 3420 babet
1640 3377 1660 3416 (ι
1671 3361 1790 3435 eraut;
1807 3375 1824 3414 a
1843 3349 2010 3444 quoniam

429 3470 541 3541 verbo
555 3469 778 3540 substantivo
793 3483 853 3538 aut
868 3469 927 3538 vix
939 3483 1000 3538 aut
1011 3491 1199 3565 nunquam
1211 3470 1336 3559 utitur,
1351 3455 1534 3565 etabsque
1545 3468 1616 3540 boc
1627 3467 1739 3539 verbo
1752 3468 2011 3538 enuntiationes

429 3590 546 3660 lacere
562 3589 761 3675 consuevit,
779 3587 889 3657 veluti
901 3611 1013 3684 quum
1030 3586 1322 3660 diciturnbeatus
1338 3590 1406 3678 vir,
1423 3615 1441 3655 u
1455 3612 1523 3687 pro
1535 3617 1553 3655 a
1564 3587 1690 3659 beatus
1700 3601 1753 3658 est
1762 3588 1828 3657 vir.
1846 3613 1863 3653 n
1874 3586 1955 3658 Tale
1964 3602 2012 3657 est

430 3709 550 3804 itaque
565 3705 665 3803 quod
682 3705 731 3776 ibi
748 3703 913 3794 babetur,
936 3707 1022 3776 acsi
1043 3706 1222 3778 diceretur
1242 3735 1249 3777 :
1269 3708 1396 3778 Divisit
1412 3731 1522 3804 aquas
1538 3723 1617 3804 quae
1636 3706 1704 3777 sub
1719 3703 1948 3776 firmamento
1970 3705 2012 3776 ab

430 3829 486 3898 his
503 3851 581 3924 quae
597 3851 704 3925 super
725 3825 1003 3897 firmamentum.
1029 3825 1098 3897 Ubi
1118 3827 1265 3924 quidem
1276 3829 1311 3898 si
1327 3827 1623 3923 subintelligatur,
1650 3855 1669 3894 ι(
1682 3839 1786 3914 sunt,
1804 3853 1822 3892 a
1844 3824 1945 3922 quod
1965 3839 2012 3895 est

430 3949 467 4018 in
485 3971 638 4045 praesens
651 3945 819 4032 verbum,
833 3947 935 4017 sicuti
952 3970 1065 4043 quum
1077 3947 1208 4018 dicitur
1226 3975 1244 4015 r
1254 3946 1379 4019 beatus
1391 3951 1458 4038 vir,
1474 3975 1491 4014 n
1506 3972 1574 4046 pro
1591 3947 1745 4019 «beatus
1761 3959 1814 4018 eet
1825 3947 1899 4034 vir3
1918 3975 1935 4013 u
1950 3945 2012 4017 tale

431 4069 594 4167 estquod
606 4067 785 4166 propbeta
797 4069 844 4139 ait
860 4095 867 4138 :
883 4095 901 4135 «
913 4069 1040 4140 Divisit
1050 4083 1137 4140 tunc
1150 4069 1249 4166 quod
1261 4095 1358 4140 nunc
1371 4069 1438 4140 sub
1452 4055 1695 4156 firmamentO,
1710 4083 1796 4155 etc,
1810 4095 1829 4134 u
1845 4069 2010 4163 quoniam
2095 4065 2097 4070 ⁴

430 4190 466 4260 in
495 4190 574 4288 ipso
601 4204 765 4287 tempore
794 4187 978 4286 prophetae
1010 4188 1073 4285 qui
1101 4188 1261 4284 loquitur
1283 4202 1318 4260 et
1343 4183 1610 4264 firmamentum
1633 4187 1708 4284 jam
1734 4187 1822 4258 olim
1849 4185 2012 4258 existebat
2047 4239 2050 4244 ‚

430 4289 583 4399 factum,
602 4325 638 4383 et
654 4311 783 4381 divisio
801 4333 977 4407 aquarum
994 4323 1070 4380 erat
1085 4334 1150 4408 per
1166 4312 1476 4409 interpositionem
1493 4312 1601 4410 ipsius
1618 4311 1709 4382 sicut
1725 4323 1760 4380 et
1777 4309 1903 4392 modo.

480 4431 515 4502 Si
533 4432 612 4528 quis
629 4445 749 4501 autem
764 4409 924 4526 requirat
941 4445 1075 4527 quanta
1091 4455 1196 4501 mora
1210 4430 1260 4502 ibi
1277 4432 1408 4504 suerint
1424 4447 1617 4529 antequam
1634 4430 1877 4519 firmarentur,
1896 4407 2013 4501 rolens

433 4571 650 4644 cognoscere
666 4571 744 4645 quae
762 4547 866 4618 fixerit
883 4543 942 4618 illa
958 4549 1075 4646 prima
1090 4545 1166 4620 dies
1183 4564 1266 4620 ante
1281 4550 1477 4622 secundam
1493 4578 1501 4622 :
1518 4550 1605 4622 sciat
1621 4551 1707 4621 istos
1720 4574 1781 4620 sex
1796 4547 1874 4623 dies
1890 4543 2014 4673 quibus

430 4669 588 4739 mundus
605 4666 782 4765 perlectus
799 4683 868 4759 est,
890 4691 1117 4765 nequaquam
1139 4671 1337 4742 mensurari
1354 4670 1486 4742 debere
1507 4667 1706 4741 secundum
1724 4669 1803 4740 dies
1825 4670 1912 4739 istos
1929 4689 2014 4764 quos

435 4811 530 4858 nunc
544 4787 719 4858 babemus
735 4813 777 4857 ex
792 4787 877 4858 solis
894 4787 1173 4876 illuminatione,
1188 4791 1385 4888 praesertim
1398 4815 1509 4887 quum
1524 4790 1690 4861 nondum
1702 4788 1805 4860 sol-iu
1824 4787 1892 4859 illis
1907 4785 2013 4858 tribus

435 4906 715 5002 praecedentibus
733 4907 858 4979 diebus
875 4907 988 4980 sactus
1006 4923 1108 4981 esset.
1129 4913 1251 4997 Quum
1268 4937 1353 5009 ergo
1370 4911 1445 4984 dies
1462 4897 1498 4984 in
1517 4911 1572 4984 bis
1589 4911 1758 5010 operibus
1779 4911 1844 4981 Dei
1868 4930 2012 5004 compu-

468 5177 476 5204 ¹
496 5177 583 5230 Psalrn.
596 5195 651 5241 cut,
662 5197 686 5230 r.
697 5181 738 5231 20.
750 5180 801 5218 -'
815 5179 903 5231 Psalm.
915 5197 984 5232 mu
994 5219 1001 5243 ‚
1011 5197 1035 5231 r.
1047 5185 1072 5231 l.
