4520 6104
365 587 372 608 ⁸
481 611 551 684 rso
911 604 1040 676 annu
1067 603 1301 676 sentiant
1327 603 1383 674 er
1406 604 1633 676 annorum

478 769 554 826 tum
573 752 609 823 in
626 749 697 824 hoc
711 763 871 846 tempore
882 746 1096 818 clericorum
1106 745 1284 844 praecipue
1297 745 1353 818 vel
1364 745 1627 818 monachorum
1645 746 1805 819 studium
1817 744 2058 818 circaoellars'a

477 887 648 960 versetur,
670 885 710 942 ut
734 892 773 940 ea
794 866 926 938 scilicet
943 865 1091 938 diversis
1110 863 1297 961 generibus
1315 865 1388 937 vini
1407 865 1588 965 repleant3
1604 865 1725 938 herbis
1742 866 1853 957 illud,
1874 865 2003 946 melle,
2025 881 2058 938 et

477 990 661 1091 speciebus
672 987 864 1074 condiant3
879 1000 920 1058 ut
932 999 1034 1058 tanto
1045 983 1433 1071 iaciliuseeinehriant,
1452 1002 1588 1084 quanto
1601 985 1844 1060 delectabilius
1865 1001 1991 1086 potent
2003 1015 2015 1076 3
2026 1003 2060 1059 et

477 1126 575 1186 tanto
593 1135 632 1180 se
645 1109 756 1205 magis
768 1107 814 1179 ad
826 1105 1011 1178 libidinem
1024 1105 1193 1192 incitent,
1210 1120 1345 1202 quanto
1359 1105 1511 1204 amplius
1522 1107 1608 1178 rino
1620 1106 1793 1180 mot?
1812 1107 1901 1193 Quis
1914 1105 1975 1177 hic
1987 1126 2056 1178 non

476 1247 547 1304 tarn
561 1255 662 1302 error
678 1251 787 1326 quam
802 1226 922 1315 luror,
944 1241 983 1296 ut
998 1225 1061 1322 qui
1078 1249 1116 1296 se
1134 1223 1287 1296 maxime
1300 1249 1364 1322 per
1376 1224 1634 1323 professionem
1648 1227 1874 1299 continentiae
1887 1225 2056 1323 obligant,

476 1353 593 1424 minus
612 1349 658 1420 ad
675 1345 963 1420 conservandum
975 1360 1101 1416 votum
1115 1369 1152 1416 se
1164 1345 1385 1444 preparent?
1400 1346 1474 1418 imo
1488 1361 1528 1418 ut
1540 1346 1687 1420 minime
1700 1346 1872 1420 custodiri
1884 1349 1997 1447 possit
2013 1349 2059 1420 el·

474 1473 620 1545 ficiunt?
637 1474 803 1558 Quorum
821 1465 982 1564 prolecto
1004 1465 1034 1536 si
1058 1465 1218 1536 claustris
1243 1467 1440 1538 retinentur
1459 1491 1633 1566 corpora,
1654 1467 1766 1540 corda
1789 1467 1936 1542 libidine
1956 1468 2059 1567 plena

474 1608 571 1685 sunt,
588 1606 624 1663 et
639 1591 676 1662 in
690 1588 963 1662 fornicationem
979 1584 1169 1658 inardescit
1182 1586 1334 1657 animus.
1353 1586 1518 1658 Scribens
1532 1585 1577 1658 ad
1590 1587 1816 1659 Timotheum
1833 1588 2032 1686 lposmlns¹
2049 1617 2056 1658 :

477 1743 494 1780 «
512 1711 610 1801 Noli,
628 1737 647 1780 u
669 1711 804 1806 inquit,
827 1735 845 1776 u
860 1705 979 1779 adhuc
993 1729 1123 1802 aquam
1142 1703 1285 1794 bibere,
1308 1706 1372 1780 sed
1388 1707 1473 1778 vino
1487 1706 1631 1780 modico
1645 1721 1746 1780 utere
1766 1723 1914 1806 propter
1931 1723 2061 1780 stom·

474 1833 584 1904 chum
596 1845 699 1902 tuum
712 1843 748 1900 et
761 1828 961 1925 Sequentes
973 1823 1194 1898 infirmitates
1206 1839 1297 1897 tuas.
1313 1853 1331 1893 n
1354 1827 1419 1898 Cui
1436 1841 1583 1924 propter
1597 1825 1839 1900 infirmitatem
1852 1827 2062 1902 conceditur

475 1955 599 2024 vinum
618 1948 803 2020 modicum
815 1999 824 2038 ,
838 1960 978 2018 constat
993 1945 1116 2042 utique
1127 1945 1210 2042 quia
1223 1968 1330 2016 sanus
1343 1960 1500 2018 sumeret
1513 1945 1665 2018 nullum.
1682 1949 1720 2017 Si
1730 1947 1840 2018 vitam
1852 1946 2062 2046 profitemur

473 2070 703 2170 apostolicam
717 2121 727 2158 ,
743 2083 779 2140 et
791 2066 967 2167 praecipue
981 2065 1133 2136 lonnarn
1147 2089 1318 2136 vovemus
1332 2065 1562 2164 poenitentiae,
1576 2081 1614 2138 et
1624 2065 1744 2164 lugere
1760 2066 1920 2140 seculum
1930 2091 2063 2167 propo·

473 2193 616 2280 nimus3
632 2213 697 2261 cur
710 2213 755 2260 eo
769 2187 922 2258 maxime
936 2183 1167 2274 delectamur,
1183 2184 1283 2282 quod
1298 2187 1483 2286 proposito
1501 2201 1626 2258 nostro
1645 2188 1798 2260 maxime
1816 2187 1995 2273 adversari
2015 2191 2063 2260 vi-

473 2314 625 2400 demus,
644 2324 679 2381 et
704 2308 877 2380 universis
900 2320 958 2378 est
971 2304 1147 2377 albuenus
1164 2305 1431 2378 delectabilius?
1450 2305 1607 2404 Diligens
1623 2308 1839 2406 peanitentiae
1863 2308 2065 2410 descriptor

473 2435 598 2506 heatus
612 2429 818 2504 Ambrosius
832 2427 920 2500 nihil
933 2428 969 2499 in
985 2427 1079 2498 victu
1092 2427 1340 2524 poenitentium
1355 2441 1482 2525 praeter
1492 2429 1616 2500 vinum
1628 2444 1783 2519 accusat,
1799 2429 1961 2503 dioens':
1981 2463 2000 2500 u
2010 2439 2063 2506 An

473 2557 664 2654 quisquan
689 2563 791 2649 putat
811 2547 909 2620 illam
933 2546 1178 2646 poenitentiam
1198 2545 1260 2618 ubi
1280 2547 1504 2644 aotpuirendoe
1520 2547 1668 2620 ambitio
1691 2548 1887 2646 dignande,
1908 2550 1971 2622 nbi
1989 2554 2065 2624 vini

473 2675 619 2763 effusio,
641 2673 703 2745 uhi
723 2671 834 2770 ipsius
854 2666 992 2766 copulae
1010 2665 1207 2763 conjugalis
1228 2665 1341 2738 nme?
1363 2667 1655 2739 lienumiandum
1676 2668 1799 2740 seculo
1822 2685 1888 2741 est.
1913 2672 2067 2745 Facilius

471 2795 593 2868 inveni
609 2793 672 2890 qui
689 2789 931 2862 innocentiam
950 2785 1188 2876 seruauerint,
1217 2809 1326 2883 quam
1346 2787 1409 2883 qui
1425 2807 1583 2884 congrue
1603 2787 1849 2884 paenitentiam
1872 2794 2022 2887 egerint.
2045 2823 2063 2860 a

472 2920 559 2988 ltern
580 2915 617 2985 in
635 2912 728 2984 libro
742 2909 792 2982 de
807 2913 908 3008 Fuga
925 2906 1043 2980 Secnlr'
1052 2909 1086 2977 ⁸:
1108 2935 1127 2976 u
1142 2912 1258 2996 Bene,
1278 2934 1296 2973 »
1320 2907 1455 3004 inquit,
1480 2905 1622 3004 «lupa,
1646 2907 1676 2979 si
1701 2908 1827 2982 orarius
1848 2923 1929 2983 tuus
1952 2913 2065 3010 llrgiat

471 3035 609 3124 calices,
625 3047 660 3106 et
672 3030 821 3130 phialas,
836 3054 882 3102 ne
898 3027 961 3100 fiat
975 3025 1202 3117 libidinosus,
1218 3025 1307 3100 dum
1322 3040 1482 3098 moratur
1497 3027 1533 3098 in
1548 3028 1645 3099 vino.
1661 3053 1680 3095 u
1694 3027 1818 3100 Solum
1832 3029 1879 3102 de
1893 3033 2068 3106 omnibns

471 3155 647 3229 alimentis
665 3154 703 3224 in
718 3157 819 3249 Fuga
831 3148 950 3222 Seculr'
965 3147 1089 3222 vinum
1106 3160 1388 3234 commemorat,
1409 3161 1445 3220 et
1457 3145 1529 3218 hoc
1552 3148 1677 3220 viuum
1696 3149 1726 3220 si
1744 3149 1941 3246 lirgiamus,
1967 3153 2068 3228 bene

471 3299 538 3346 nos
556 3271 716 3346 seculum
729 3270 849 3366 lugere
863 3267 987 3340 asserit
1001 3319 1010 3353 ,
1026 3266 1129 3362 quasi
1142 3291 1269 3338 omnes
1282 3265 1391 3338 seculi
1403 3265 1605 3365 rohrptates
1617 3291 1659 3340 ea
1670 3267 1742 3340 hoo
1753 3274 1849 3342 uno*
1863 3272 2065 3368 pendeant.

474 3399 544 3466 Nec
571 3393 678 3464 etiam
702 3389 808 3477 dicit,
847 3389 876 3459 si
902 3385 984 3484 gula
1010 3385 1118 3482 fugiat
1144 3385 1220 3481 ejus
1243 3401 1407 3483 gustum,
1434 3389 1668 3460 verumetiam
1693 3389 1820 3462 oculus
1844 3391 1985 3484 risum,
2018 3418 2071 3470 ne

473 3513 622 3586 libidine
639 3525 674 3582 et
699 3507 881 3607 voluptate
898 3506 1008 3608 ipsius
1024 3507 1205 3604 capiatur,
1234 3506 1334 3603 quod
1357 3507 1559 3605 frequenter
1575 3509 1745 3582 intuetur.
1781 3509 1884 3588 Unde
1909 3530 1946 3587 et
1971 3515 2070 3588 illud

473 3648 524 3706 est
539 3630 739 3704 Salomonis
751 3626 853 3726 quod
865 3649 973 3726 supra
985 3626 1237 3698 meminimus·
1253 3653 1261 3696 ι
1278 3655 1296 3696 u
1313 3631 1366 3699 Ne
1378 3628 1582 3702 intueamur
1594 3631 1718 3702 rinura
1729 3631 1876 3728 quando
1889 3634 2070 3728 flavescit,

473 3782 586 3855 quurn
595 3752 815 3854 splenduerit
828 3751 864 3822 in
878 3751 971 3822 vitro
984 3749 1086 3822 color
1103 3750 1191 3846 ejus.
1212 3778 1230 3818 a
1250 3751 1321 3823 Sed
1333 3752 1422 3849 quid
1440 3767 1477 3824 et
1494 3752 1565 3844 hic,
1587 3777 1721 3852 qumso,
1736 3756 1920 3851 dicemus,
1940 3765 2006 3859 qui
2027 3781 2074 3840 ut

472 3895 546 3951 tam
561 3890 664 3973 gustu
683 3873 758 3970 ejus
775 3895 884 3970 quam
898 3872 974 3942 visu
994 3869 1236 3962 oblectemur,
1256 3895 1369 3968 quum
1388 3872 1478 3945 illud
1491 3874 1619 3963 melle,
1641 3875 1782 3968 herbis,
1804 3878 1861 3951 vel
1875 3883 2076 3980 speciebus

472 3996 618 4070 diversis
629 3993 883 4082 condierimus,
898 3989 1025 4089 phialis
1036 3991 1141 4062 etiarn
1156 3992 1275 4088 ipsum
1285 3992 1470 4089 propinari
1487 3991 1685 4066 volumus?
1704 4001 1831 4070 Beatus
1849 4002 2077 4079 Benedictus

473 4117 545 4188 vini
562 4130 706 4187 coactus
720 4111 976 4208 indulgentiam
993 4109 1169 4182 faciens⁸z
1194 4110 1357 4183 «Saltem
1370 4110 1427 4183 vel
1444 4111 1537 4203 hoc,
1556 4141 1573 4181 n
1594 4115 1729 4213 inquit,
1745 4145 1764 4185 u
1778 4123 2072 4220 consentiamus,

471 4260 545 4309 non
576 4258 688 4332 usque
716 4232 761 4306 ad
781 4232 977 4304 satietatem
998 4229 1184 4319 bibamus,
1214 4230 1274 4302 sed
1301 4232 1441 4328 μιωίω
1467 4259 1475 4303 =
1501 4233 1586 4330 quia
1606 4236 1730 4308 nuum
1756 4253 1956 4336 apostatare
1980 4245 2080 4321 lacit

469 4357 576 4430 etiarn
601 4353 776 4453 sapientes
788 4353 810 4422 ’.
831 4377 849 4418 a
873 4353 906 4420 0
924 4349 1059 4420 utinam
1078 4373 1192 4446 usque
1210 4348 1256 4420 ad
1274 4349 1470 4423 satiantem
1488 4351 1611 4425 hibere
1628 4353 1827 4448 sufficeret,
1849 4377 1897 4432 ne
1914 4363 2078 4460 majoris

469 4478 520 4550 rei
536 4472 824 4572 transgressionis
837 4469 883 4542 ad
897 4468 1175 4567 superfluitatem
1194 4467 1419 4542 efferremur!
1439 4475 1563 4546 Beatus
1581 4475 1687 4546 etiam
1706 4479 1921 4573 Augrrstinus
1933 4503 2078 4556 mona-

468 4597 573 4669 steria
598 4593 770 4666 ordinans
793 4589 1024 4676 clericorum,
1040 4601 1076 4658 et
1089 4587 1140 4659 eis
1157 4587 1318 4685 regulam
1336 4588 1538 4662 scribens⁸2
1563 4621 1580 4660 u
1596 4592 1753 4668 Sabbata
1770 4611 1908 4670 tantum
1929 4615 1964 4671 et
1989 4601 2081 4676 do-

468 4715 622 4802 minica,
642 4713 732 4785 siem
750 4707 975 4782 consuetudo
994 4721 1064 4796 est,
1079 4708 1142 4804 qui
1159 4693 1305 4798 volunt,
1321 4709 1445 4782 vinnm
1463 4711 1655 4812 accipiaat3
1673 4741 1691 4782 a
1712 4728 1790 4788 nun
1806 4716 1971 4791 videlicet
1989 4747 2079 4820 pm

467 4835 662 4908 reverentia
680 4831 868 4906 dominicae
885 4828 957 4902 diei
975 4842 1011 4900 et
1029 4828 1140 4926 ipsius
1160 4828 1306 4926 vigiliae,
1326 4855 1406 4928 quae
1429 4847 1482 4904 eet
1501 4833 1711 4927 sabbatum,
1740 4837 1831 4937 tumJ
1844 4841 1951 4912 eham
1971 4847 2081 4941 quia

498 5065 506 5094 ⁴
529 5067 629 5117 mort.
647 5065 674 5124 l,
692 5078 749 5128 cap.
763 5079 787 5123 r,
805 5077 829 5114 r.
850 5063 891 5112 28.
903 5087 934 5098 -
945 5059 955 5089 ¹
965 5060 1001 5111 De
1015 5061 1117 5120 Putate,
1134 5061 1179 5112 lib.
1203 5059 1241 5121 ll,
1274 5077 1331 5128 cap.
1344 5078 1419 5124 nur,
1430 5080 1453 5115 r.
1465 5063 1656 5132 tt.-⁸liegal.‚
1667 5083 1723 5132 cap.
1735 5067 1924 5130 xc.-'Brett.‚
1935 5087 1993 5139 cap.
2004 5089 2083 5136 m,

461 5167 515 5216 cap.
528 5165 555 5210 ι,
567 5150 629 5213 01η).
642 5157 660 5199 t.
672 5147 769 5210 tt,e01.
781 5145 893 5198 lide-⁸
903 5145 1019 5210 Dalana
1030 5145 1127 5205 Statili,
1137 5159 1194 5212 cap.
1206 5161 1241 5204 rx,
1275 5163 1298 5196 a.
1318 5149 1343 5198 2.
1353 5146 1407 5187 -⁸
1420 5146 1505 5215 llegnl.
1522 5163 1586 5211 sac„
1600 5163 1657 5216 cap.
1671 5167 1705 5214 n,
1721 5153 1781 5217 Opp.
1796 5163 1814 5204 t.
1828 5153 1938 5222 kapp,¹
1950 5157 2000 5208 001,
2021 5161 2082 5216 η,

463 5238 524 5300 Ona.
548 5245 565 5285 t.
587 5233 612 5293 l,
636 5231 685 5285 ool.
708 5229 908 5283 tta-‘Vno
926 5229 976 5282 18.
993 5227 1061 5280 hmh·
1080 5229 1243 5289 -¹l'rav.,
