4510 6108
741 582 799 656 DE
824 583 992 656 SANCTO
1019 584 1164 657 PETRO
1188 586 1352 657 SERMO.
1769 583 1838 656 505

256 720 413 821 primum
429 721 622 812 Dominus,
641 747 747 821 super
763 747 872 821 quem
887 721 1076 794 aedifxcavit
1092 722 1304 812 Ecclesiam,
1323 720 1424 794 dedit
1438 737 1478 793 ut
1494 720 1531 792 id
1547 721 1701 794 solveret
1716 721 1753 793 in
1770 737 1840 793 ter-

256 843 304 914 ris
319 842 418 940 quod
434 843 492 914 ille
508 843 714 916 solvisset.»
733 842 834 914 Idem
849 842 895 913 de
912 841 1041 914 eodem
1056 842 1107 913 ad
1124 846 1312 932 Quintum¹
1330 870 1338 913 :
1358 872 1376 914 ι(
1397 847 1541 915 Petrum
1557 866 1664 940 quem
1681 842 1838 940 primum

256 964 432 1036 Dominus
456 964 578 1059 elegit,
604 979 640 1035 et
662 987 769 1060 super
793 987 902 1060 quem
927 961 1114 1034 aedificavit
1134 962 1329 1034 Ecclesiam
1353 987 1468 1034 suam.
1484 991 1501 1029 u
1525 961 1732 1034 Ambrosius
1747 988 1839 1060 quo·

255 1107 327 1180 que
351 1085 469 1181 ipsum
496 1090 660 1168 Petrum,
684 1108 791 1181 super
815 1107 944 1180 quem,
967 1096 1052 1171 etc.,
1071 1081 1292 1178 intelligens,
1319 1081 1479 1180 quodam
1507 1082 1589 1154 loco
1615 1084 1690 1154 ait:
1711 1087 1837 1173 «Hoc,

256 1201 333 1299 ipsa
353 1218 454 1300 petra
474 1203 638 1275 Ecclesiae
659 1218 828 1291 canente,
847 1202 991 1300 culpam
1007 1201 1157 1274 diluit.»
1181 1207 1226 1273 Et
1241 1203 1479 1299 Hieronymus
1500 1200 1547 1272 ad
1567 1202 1770 1274 Marcellam
1793 1202 1841 1276 de

257 1317 328 1393 fide
353 1338 476 1395 nostra
496 1339 532 1395 et
556 1325 717 1396 Montani
739 1323 895 1395 haeretici
919 1322 1087 1419 dogmate
1109 1320 1288 1411 scribens,
1307 1321 1353 1394 de
1368 1323 1440 1394 hoc
1455 1323 1534 1420 ipso
1551 1322 1637 1393 ait’:
1654 1324 1720 1393 «Si
1736 1324 1842 1418 igitur

257 1441 440 1536 apostolus
454 1447 590 1532 Petrus,
605 1468 712 1542 super
726 1468 835 1542 quem
851 1444 1027 1514 Dominus
1043 1442 1207 1515 fundavit
1222 1443 1429 1532 Ecclesiam,
1443 1459 1511 1514 ete.
1526 1471 1544 1510 »
1563 1445 1706 1530 Quanta
1722 1459 1841 1516 autem

258 1557 406 1633 firmitas
426 1576 462 1633 et
481 1563 683 1634 constantia
704 1563 798 1634 Petri
819 1578 912 1635 esset
931 1563 968 1634 in
990 1562 1079 1652 side,
1103 1578 1143 1634 ut
1162 1561 1248 1634 hinc
1269 1564 1344 1661 ipse
1366 1563 1494 1635 merito
1516 1576 1618 1659 petra
1633 1578 1839 1653 vocaretur,

256 1680 433 1752 Dominus
450 1681 525 1779 ipse
540 1680 624 1753 alibi
640 1696 870 1779 protestatur,
886 1681 1025 1754 dicens³
1038 1710 1046 1753 ε
1059 1711 1078 1750 x
1092 1686 1166 1778 Ego
1183 1707 1250 1781 pro
1268 1697 1303 1753 te
1319 1682 1454 1779 rogavi,
1474 1684 1589 1770 Petre,
1609 1694 1738 1752 utnon
1755 1680 1842 1753 defi·
1942 1675 1943 1680 ¹

256 1797 326 1870 ciat
342 1785 436 1871 fides
447 1815 520 1871 tua.
534 1827 552 1868 u
570 1809 618 1870 Ae
634 1801 664 1872 si
679 1800 813 1872 diceret
830 1828 838 1872 τ
854 1804 1181 1899 Quantumcunque
1192 1801 1250 1873 alii
1266 1801 1439 1889 titubent,
1458 1815 1778 1898 quantumcunque
1794 1801 1840 1874 de

192 1935 196 1944 ·
257 1933 373 1990 morte
390 1943 470 1991 mea
486 1919 689 2018 desperent,
707 1935 769 1992 tua
785 1918 873 1992 lides
890 1921 1102 1992 inconcussa
1118 1920 1290 1992 manebit.
1311 1925 1361 1991 Ex
1379 1945 1449 2018 qua
1465 1919 1612 2017 quidem
1629 1918 1714 1990 fidei
1729 1918 1840 1992 firmi·

256 2046 341 2125 tate,
354 2051 390 2108 et
405 2039 480 2134 ipse
497 2043 620 2109 Petrus
637 2037 761 2110 fratres
777 2036 992 2111 confirmare
1008 2037 1236 2128 admonetur,
1246 2064 1360 2137 quum
1368 2040 1488 2111 statim
1498 2039 1531 2109 ei
1545 2063 1566 2110 a
1578 2038 1736 2109 Domino
1752 2038 1841 2110 dici·
1911 2087 1914 2096 ·

257 2167 342 2224 tur:
365 2181 384 2222 u
395 2157 440 2226 Et
463 2171 503 2227 tu
523 2155 717 2254 aliquando
739 2182 936 2229 conversus
952 2157 1127 2229 confirma
1143 2156 1267 2229 iratres
1289 2172 1383 2230 tuos.
1400 2186 1417 2224 u
1438 2161 1560 2254 Neque
1577 2157 1674 2228 enim
1690 2155 1841 2260 creden·

257 2271 344 2344 dum
374 2291 427 2348 est
455 2291 541 2349 tune
574 2275 683 2349 fidem
714 2278 809 2350 Petri
837 2277 1025 2368 defecisse,
1054 2302 1168 2376 quum
1192 2276 1314 2350 divina
1337 2277 1613 2375 'dispensatione
1644 2279 1841 2350 Dominum

257 2397 449 2492 permissus
465 2413 519 2470 est
534 2422 682 2495 negare,
701 2425 743 2470 ex
760 2397 966 2472 infirmitate
982 2398 1115 2473 scilicet
1130 2400 1247 2472 carnis
1264 2416 1299 2473 et
1314 2401 1443 2472 timore
1460 2401 1599 2471 mortis.
1622 2400 1688 2471 Hic
1705 2414 1758 2471 est
1775 2403 1840 2470 Pe·

257 2528 351 2604 uus,
375 2516 572 2589 ut'dictum
594 2534 666 2606 est,
685 2533 858 2618 tanquam
873 2520 1021 2591 unicum
1036 2534 1247 2592 caeterorum
1263 2517 1530 2591 firmamentum
1546 2534 1582 2589 et
1598 2515 1838 2607 confirmatio,

256 2633 314 2704 cui
343 2651 425 2731 post
450 2636 582 2708 trinam
606 2639 738 2711 amoris
763 2639 818 2712 sui
844 2638 1124 2728 conlessionem,
1146 2639 1323 2710 Dominus
1344 2661 1430 2709 oves
1451 2662 1532 2709 suas
1553 2652 1589 2708 et
1609 2660 1722 2731 agnos
1743 2661 1841 2708 com·

257 2753 419 2846 mittens,
444 2758 561 2856 ipsum
584 2761 693 2832 totius
713 2760 877 2832 Ecclesiae
897 2784 1079 2832 summum
1099 2760 1284 2831 constituit
1308 2773 1501 2856 pastorem.
1526 2755 1631 2828 Unde
1651 2771 1687 2826 et
1711 2756 1840 2828 merito

258 2874 361 2948 sedes
384 2878 476 2974 ejus,
500 2905 609 2977 quam
635 2884 810 2980 passionis
830 2906 902 2954 suae
921 2882 1093 2978 martyrio
1117 2881 1317 2968 decoravit,
1341 2881 1434 2950 inter
1459 2879 1642 2951 universas
1667 2877 1840 2950 Ecclesias

257 2997 452 3094 primatum
468 3001 622 3098 accepit,
641 3016 681 3072 ut
696 3003 788 3073 sicut
802 3002 861 3074 ille
878 3000 1047 3073 omnibus
1064 3001 1251 3099 apostolis,
1271 3003 1320 3073 ita
1335 3002 1560 3100 episcopatus
1581 3000 1656 3097 ejus
1676 2998 1840 3096 praelatus

257 3117 302 3187 sit
317 3119 464 3190 caeteris.
484 3120 622 3192 Scimus
637 3123 833 3219 antiquitus
849 3137 920 3194 tres
937 3136 1077 3194 tantum
1092 3121 1365 3220 patriarchatus,
1382 3121 1455 3192 hoc
1471 3135 1525 3192 est
1538 3135 1610 3192 tres
1627 3117 1840 3218 principales
1882 3199 1887 3208 ,

256 3235 528 3333 episcopatuum
550 3237 652 3310 sedes
675 3238 870 3311 Ecclesiam
889 3239 1074 3328 hahuisse,
1093 3263 1282 3310 romanam
1298 3238 1448 3327 scilieet,
1467 3237 1752 3327 alexandrinam,
1774 3261 1838 3308 an·

256 3353 474 3427 tiochenam.
498 3360 660 3444 Quarum
680 3358 827 3456 quidem
842 3351 1001 3454 'dignitas
1022 3357 1068 3429 ad
1088 3358 1268 3430 honorem
1283 3357 1379 3430 beati
1398 3359 1490 3429 Petri
1506 3359 1660 3430 maxime
1677 3357 1836 3454 respicit,

256 3498 368 3571 quum
392 3475 558 3549 videlicet
582 3492 656 3549 tam
684 3477 900 3551 antiochena
924 3503 1033 3577 quam
1062 3502 1213 3550 romana
1235 3477 1337 3550 sedes
1357 3477 1432 3574 ejus
1456 3467 1610 3575 propriae
1630 3475 1779 3565 suerint,
1804 3491 1858 3548 et.

255 3595 371 3682 tertia,
398 3593 436 3665 id
461 3610 515 3667 est
539 3594 789 3685 alexandrina,
819 3601 939 3668 Marco
966 3597 1040 3694 ejus
1065 3596 1240 3694 discipulo
1264 3597 1419 3669 cesserit.

301 3714 366 3784 Hic
401 3729 455 3785 est
488 3718 612 3787 Petrus
645 3731 728 3815 post
762 3715 960 3805 Christum,
989 3717 1090 3812 quasi
1121 3714 1210 3787 alter
1236 3715 1379 3788 Elisaeus
1413 3729 1495 3815 post
1520 3715 1648 3788 Eliam.
1676 3717 1839 3812 Legimus

253 3845 336 3926 post
361 3849 504 3932 raptum
528 3834 632 3924 Eliae,
662 3833 709 3906 ad
735 3833 898 3905 Elisaeum
923 3832 1027 3917 filios,
1042 3832 1301 3930 prophetarum
1321 3851 1557 3931 congregatos
1578 3838 1683 3924 esse‘,
1706 3860 1839 3935 eosque

249 3949 350 4044 juxta
372 3950 507 4025 fluenta
533 3952 697 4025 Jordanis
722 3954 760 4024 in
786 3952 913 4024 casulis
941 3951 1161 4041 habitantes,
1189 3953 1290 4048 quasi
1322 3955 1560 4025 monasticam
1590 3969 1627 4026 et
1655 3954 1837 4026 coenobia·

254 4069 325 4142 lem
349 4072 460 4144 vitam
489 4098 573 4144 cum
603 4075 680 4172 ipso
710 4072 863 4146 duxisse.
897 4077 950 4143 De
980 4097 1135 4168 quorum
1156 4073 1428 4145 conversatione
1449 4072 1575 4146 beatus
1600 4075 1838 4170 Hieronymus

253 4191 414 4288 quodam
430 4191 512 4264 loco
529 4194 709 4283 merninit,
733 4192 875 4265 dicens⁸
894 4223 901 4262 ε
924 4221 941 4260 u
958 4191 1035 4262 Filii
1060 4191 1331 4290 prophetarum,
1350 4217 1452 4290 quos
1466 4191 1665 4264 monachos
1689 4192 1838 4288 legimus

253 4311 291 4382 in
313 4313 432 4383 Veteri
456 4317 699 4401 Testamento,
723 4326 792 4384 etc.
812 4341 828 4379 u
859 4312 958 4382 Sicut
984 4326 1102 4383 autem
1129 4328 1215 4384 tunc
1240 4312 1285 4384 ad
1309 4312 1475 4392 Elisaeum
1499 4312 1567 4402 illi,
1595 4327 1636 4383 ut
1664 4310 1836 4402 diximus,
1879 4363 1882 4369 ,

253 4445 338 4502 sunt
353 4434 570 4529 congregati,
590 4434 787 4504 monastice
803 4447 839 4502 et
850 4431 1090 4503 communiter
1107 4457 1190 4502 cum
1207 4432 1286 4530 ipso
1302 4433 1480 4520 viventes3
1500 4433 1549 4503 ita
1565 4445 1601 4502 et
1615 4444 1698 4530 post
1712 4453 1837 4501 ascen·

229 4635 232 4642 Ι
253 4549 394 4622 sionem
419 4552 583 4642 Domini,
611 4550 733 4624 fideles
751 4552 797 4624 ad
816 4556 959 4623 Petmm
983 4550 1128 4623 adunati
1152 4551 1246 4632 hanc
1266 4551 1345 4622 vitae
1370 4550 1627 4652 perlectionem
1646 4548 1703 4620 vel
1731 4548 1838 4620 etiam

255 4669 430 4765 majorem
454 4672 692 4770 arripuerunt.
720 4669 828 4758 Quod
853 4669 1000 4768 quidem
1024 4671 1062 4741 in
1085 4667 1228 4744 Aratus
1248 4669 1498 4767 Apostolorum
1520 4674 1631 4741 Lucas
1650 4668 1838 4765 diligenter

255 4787 501 4865 describens:
535 4791 819 4882 «Multitudinis,
838 4819 855 4860 u
882 4792 1015 4888 inquit,
1046 4790 1305 4868 «credentium
1330 4805 1405 4863 erat
1429 4815 1494 4863 cor
1518 4815 1633 4863 unum
1659 4806 1695 4865 et
1718 4792 1839 4864 anima

289 5088 298 5115 ⁴
321 5089 383 5153 Opp.
395 5105 422 5156 p.
439 5089 738 5160 12¹1.-·'Epist.xxnx,
754 5091 844 5156 Oppt.
859 5089 975 5159 lll,part.
985 5091 1022 5150 ll,
1063 5105 1086 5141 u.
1104 5092 1128 5140 3.
1141 5115 1172 5128 -
1183 5090 1194 5118 ¹
1207 5089 1285 5156 Epist.
1305 5105 1361 5152 xcx,
1383 5091 1444 5154 opp.
1466 5099 1486 5142 t.
1501 5089 1543 5152 tt,
1566 5099 1629 5156 part.
1647 5089 1684 5151 11,
1697 5105 1724 5156 p.
1738 5091 1839 5142 tta.-

253 5173 304 5222 oul.
318 5173 418 5223 tt.-⁸
430 5175 632 5241 Luc.‚cap.xxn,
646 5191 670 5226 a.
686 5177 727 5226 32.
739 5203 769 5213 -
780 5173 859 5240 ‘lieu¹
871 5175 916 5235 tt,
927 5189 982 5241 cap.
995 5191 1021 5235 u,
1064 5175 1074 5202 ⁶
1088 5179 1142 5227 Act.
1156 5177 1250 5238 Aparn,
1263 5189 1319 5241 cap.
1334 5190 1369 5240 μ,
1382 5191 1408 5225 r.
1421 5176 1462 5230 32.

374 5275 385 5328 1
1677 5261 1717 5325 64
