4522 6102
756 726 760 735 -
873 693 1109 766 srrsronrs.
1694 660 1701 674 ’
1740 693 1786 760 st

209 836 389 924 exhausit,
411 849 450 906 ut
466 833 595 909 frustra
608 833 690 929 jum.
702 833 760 906 vlii
774 832 870 906 setta
888 835 969 929 ojus
983 835 1195 908 formident
1207 838 1281 908 Noc
1293 834 1325 906 ri
1339 834 1375 904 ei
1392 831 1512 906 adhue
1525 831 1634 904 tolum
1649 829 1794 927 aliquod

209 970 433 1056 superesset,
455 954 587 1028 locum
601 955 639 1028 ic
664 978 722 1028 ms
745 953 903 1028 vulneris
929 955 1126 1040 inveniret,
1145 959 1265 1028 Unum
1287 956 1381 1026 inter
1402 967 1458 1026 tot
1479 951 1627 1024 vulnera
1648 954 1792 1040 uetuit,

209 1103 255 1150 ne
278 1089 394 1151 morte
421 1073 596 1172 supplicis
622 1072 766 1164 finiam
790 1088 826 1146 ct
849 1097 962 1171 quum
986 1074 1189 1166 interimere
1211 1097 1287 1145 non
1310 1087 1444 1162 cesset,
1476 1073 1658 1144 interitum
1676 1085 1795 1142 tamen

208 1221 317 1294 quem
334 1193 523 1283 accelerat,
542 1195 653 1270 timet.
666 1197 699 1266 Ο
712 1217 770 1266 mc
783 1194 995 1268 miserarum
1014 1191 1268 1266 monument
1286 1192 1483 1266 infelicium
1501 1190 1790 1277 infelicissimam,

210 1339 288 1412 qius
307 1327 444 1410 quanto
460 1313 636 1390 universis
651 1313 690 1387 in
708 1327 744 1388 te
761 1312 903 1386 fucinis
920 1311 1064 1410 praelatu
1083 1311 1328 1384 sublimiorem
1347 1309 1489 1382 obtinui
1506 1309 1675 1406 gradum,
1696 1322 1793 1380 tanto

210 1434 293 1504 hinc
312 1445 490 1529 prostrata
508 1431 709 1528 graviorem
727 1432 763 1504 iu
782 1446 818 1504 te
839 1446 874 1502 ct
892 1431 929 1503 in
948 1455 1007 1502 me
1032 1431 1165 1528 pariter
1189 1453 1357 1529 perpesso
1380 1453 1460 1502 sum
1483 1426 1623 1500 ossum!
1651 1432 1794 1514 Quanto

206 1554 340 1652 quippe
358 1551 464 1626 altior
488 1551 714 1626 ascendentis
731 1550 879 1649 padus,
901 1565 1001 1624 tanto
1022 1552 1164 1648 gravior
1186 1552 1386 1624 corruentis
1406 1573 1508 1622 casus
1521 1555 1541 1620 ¹.
1565 1553 1682 1635 Quam
1706 1547 1793 1622 mihi

208 1672 384 1746 nobilium
414 1676 477 1745 ac'
507 1674 708 1770 potentium
744 1673 957 1748 &minarum
990 1672 1133 1744 fortuna
1164 1695 1323 1769 trnqtmm
1353 1695 1560 1769 prrcpcncre
1590 1671 1707 1770 potuit
1736 1690 1794 1744 aut

208 1794 372 1893 aequare?
387 1798 504 1882 Quam
524 1795 681 1892 derrique
705 1793 798 1868 adeo
826 1795 955 1890 dejecit
981 1808 1016 1866 et
1040 1794 1168 1867 dolore
1184 1793 1362 1868 conficere
1385 1791 1524 1892 potuit?
1550 1795 1668 1879 Quam
1687 1792 1723 1862 in
1743 1801 1796 1864 te*

211 1915 299 1986 mihi
314 1912 465 2010 gloriam
482 1913 654 1986 contulit?
670 1917 788 2000 Quam
801 1914 838 1986 in
854 1928 888 1986 tc
899 1913 989 1986 mihi
1001 1915 1143 1986 ruinam
1156 1913 1301 1986 intulit?
1320 1918 1438 2001 Quam
1451 1911 1540 1984 mihi
1556 1910 1747 1983 vehemens
1759 1914 1795 1982 in

212 2051 399 2130 utramque
418 2047 559 2131 partem
573 2034 702 2123 extitit,
719 2048 759 2106 ut
777 2056 844 2106 nec
862 2034 899 2104 in
913 2032 1021 2105 honis
1036 2057 1103 2106 nec
1120 2035 1158 2104 in
1177 2033 1280 2106 malis
1298 2032 1450 2104 modurn
1468 2031 1675 2104 habuerit⁸?
1694 2035 1793 2120 Quae,

213 2171 253 2226 ut
276 2179 333 2228 me
354 2154 588 2226 miserrimam
616 2154 780 2230 omnium
816 2153 967 2242 fuceret,
1000 2153 1170 2226 omnibus
1194 2169 1278 2226 ante
1301 2153 1499 2226 beatiorem
1523 2151 1707 2240 effecerat,
1740 2169 1793 2242 ut,

211 2299 323 2372 quum
338 2288 434 2347 touta
451 2273 593 2372 perdidi
613 2297 800 2373 pensarem
817 2310 826 2363 r
847 2287 950 2346 tanto
971 2299 1029 2346 mc
1047 2274 1181 2369 majora
1200 2272 1639 2361 conmmerentlcmenra,
1659 2289 1795 2369 quanto

212 2418 270 2468 me
287 2394 425 2489 majora
443 2409 696 2491 oppresserant
713 2393 864 2483 damno3
886 2409 922 2466 et
947 2409 1047 2467 tanto
1072 2395 1186 2490 major
1213 2395 1427 2466 amissorum
1448 2393 1653 2466 succederet
1675 2393 1792 2482 dolor,

211 2527 346 2610 quanto
362 2513 476 2608 major
488 2537 736 2610 possessorum
749 2529 973 2611 precesserat
990 2537 1092 2585 amor
1105 2529 1142 2586 et
1152 2537 1300 2585 summm
1313 2513 1503 2611 voluptatis
1516 2512 1644 2610 gaudia
1656 2537 1795 2584 summo

141 2615 150 2632 ⁰
213 2632 376 2704 moeroris
391 2633 598 2704 terminaret
618 2633 766 2705 trhtitia.
789 2637 849 2722 lit,
872 2648 973 2706 uter
994 2635 1122 2729 injuria
1140 2634 1258 2730 major
1268 2633 1466 2731 indignatio
1484 2648 1659 2730 surgeret,
1676 2636 1795 2704 omnia

213 2752 247 2822 in
268 2750 373 2822 nobis
390 2751 563 2847 aequitatis
577 2750 658 2846 jura
675 2751 806 2848 pariter
824 2765 907 2822 sunt
923 2775 1100 2848 perversa.
1122 2755 1218 2824 Dum
1236 2754 1332 2824 enirn
1349 2752 1490 2824 solliciti
1508 2753 1640 2824 amoris
1661 2751 1797 2848 gaudiis

212 2871 425 2959 frueremur,
450 2884 503 2960 et,
526 2884 567 2940 ut
584 2870 761 2968 turpiore,
778 2868 841 2942 sed
859 2871 1080 2966 expressiore
1102 2869 1300 2942 vocabulo'
1317 2871 1680 2972 111111,,111111111111116
1697 2893 1797 2943 vacu-

213 3013 353 3077 remus,
374 2988 496 3060 divina
514 2987 619 3062 nobis
636 2989 803 3060 severitas
813 2989 1007 3086 'pepercit
1032 2993 1077 3059 Ut
1102 3003 1222 3060 autem
1242 2987 1363 3060 illicita
1375 2989 1477 3061 licitis
1494 2991 1711 3061 correximus
1721 2993 1742 3062 ⁸.
1761 3007 1795 3060 et

211 3107 352 3180 honore
368 3107 522 3204 conjugii
540 3107 798 3206 turpitudinem
814 3107 1059 3180 fornicationis
1070 3107 1294 3198 operuimus,
1312 3108 1365 3178 ira
1378 3107 1523 3179 Domini
1535 3129 1683 3179 manum
1694 3131 1793 3178 suam

212 3251 324 3323 super
338 3251 402 3298 nos
414 3227 645 3300 vehementer
657 3228 888 3324 aggravavit⁹,
904 3242 940 3298 et
953 3226 1218 3300 immaculatum
1237 3251 1314 3298 non
1331 3227 1473 3325 pertulit
1492 3243 1627 3318 torum,
1650 3229 1712 3326 qui
1733 3229 1794 3300 diu

214 3363 297 3418 ante
318 3348 531 3420 sustinuerat
550 3347 738 3446 pollutum.
754 3347 994 3446 Deprehensis
1011 3349 1047 3420 in
1066 3325 1196 3444 quovis
1212 3347 1389 3420 adulterio
1407 3349 1494 3419 viris
1507 3348 1583 3420 hoec
1601 3349 1684 3420 satis
1702 3366 1793 3421 esset

214 3467 260 3540 ad
281 3467 473 3540 vindictam
491 3491 598 3566 poena
615 3493 725 3564 quam
744 3469 931 3566 pertulisti
953 3467 1061 3555 Quod
1079 3493 1123 3540 cx
1139 3467 1317 3540 adulterio
1337 3484 1588 3566 promerentur
1605 3469 1681 3559 alii,
1702 3469 1740 3540 id
1758 3484 1795 3542 tu

214 3613 259 3658 cs
275 3587 444 3683 conjugio
462 3587 657 3674 incurristi,
679 3612 744 3685 per
757 3587 857 3684 quod
873 3588 946 3683 jam
968 3585 1185 3660 teomnibus
1198 3587 1404 3660 satisfecisse
1416 3586 1624 3660 confidebas
1646 3589 1793 3684 injuriis.

214 3707 323 3792 Quod
342 3707 614 3782 fornicatoribus
624 3711 644 3746 ¹⁰
661 3709 734 3779 scis
756 3707 942 3796 adultere,
967 3706 1039 3779 hoc
1051 3710 1203 3806 propria
1222 3733 1313 3779 uxor
1335 3708 1397 3779 tibi
1416 3708 1578 3780 contulit.
1596 3713 1667 3782 Nec
1685 3733 1796 3806 quum

213 3826 373 3922 pristinis
391 3851 597 3900 vacaremus
614 3825 873 3924 voluptatibus,
899 3825 965 3898 sed
988 3849 1103 3922 quum
1122 3825 1195 3920 jam
1222 3827 1267 3900 ad
1292 3843 1433 3926 tempus
1460 3830 1649 3926 segregati,
1670 3831 1798 3902 castius

213 3947 435 4036 viveremus,
452 3961 487 4020 te
505 3945 651 4044 quidem
667 3945 818 4020 Parisius
832 3942 962 4018 scholis
979 3945 1210 4043 presidente,
1228 3961 1264 4016 et
1277 3971 1335 4018 ne
1353 3948 1398 4018 ad
1416 3949 1607 4047 imperium
1622 3963 1722 4020 tuum
1738 3955 1798 4018 Ar-

211 4066 370 4160 genteoli
384 4089 468 4138 cum
485 4063 813 4138 sanctimonialibus
830 4077 1085 4152 conversante,
1104 4063 1225 4134 divisis
1243 4067 1362 4162 itaque
1380 4068 1430 4138 sic
1452 4067 1555 4138 nobis
1569 4067 1769 4140 adinvicem
1782 4074 1798 4108 ¹¹

212 4201 258 4256 ut
269 4200 306 4257 tu
321 4186 514 4258 studiosius
527 4185 671 4274 scholis,
686 4209 752 4282 ego
763 4183 907 4256 liberius
919 4184 1075 4256 crationi
1086 4184 1159 4254 sive
1171 4207 1277 4256 sacrae
1293 4184 1454 4257 lectionis
1464 4186 1687 4259 meditationi
1699 4211 1798 4260 vaca-

211 4330 309 4396 rem,
319 4319 355 4378 et
365 4320 464 4376 tanto
474 4303 883 4400 nobissanctiusquantc
892 4303 1024 4376 castius
1032 4302 1255 4400 degentibus,
1268 4303 1365 4375 solus
1377 4306 1414 4376 in
1426 4329 1578 4404 corpore
1592 4306 1687 4377 luisti
1698 4307 1796 4401 quod

35 4505 36 4510 ,
208 4424 293 4494 duo
306 4425 438 4522 pariter
453 4425 759 4496 commiseramus.
777 4421 930 4522 Solusin
945 4445 1052 4521 prena
1064 4422 1177 4510 fitisti,
1199 4423 1273 4494 duo
1286 4425 1323 4494 in
1337 4423 1464 4522 culpa,
1481 4427 1590 4522 etqui
1605 4426 1723 4495 minus
1737 4424 1797 4494 de·

36 4529 38 4612 i
206 4546 363 4634 buccas,
371 4561 486 4620 totum
500 4545 687 4645 pertulisti.
700 4550 844 4632 Quanto
854 4545 951 4618 euim
965 4544 1118 4641 emplius
1131 4560 1166 4617 te
1184 4569 1252 4644 pro
1269 4567 1327 4617 me
1340 4544 1563 4616 humiliando
1581 4544 1796 4616 satisfeceras

203 4685 243 4741 et
259 4693 323 4740 me
333 4669 465 4767 pariter
478 4683 637 4741 ettctum
648 4691 760 4765 genus
769 4691 890 4760 meum
903 4667 1169 4756 sublimaveras,
1186 4683 1287 4740 tanto
1306 4683 1340 4740 te
1357 4669 1560 4740 minustam
1573 4665 1670 4766 apud
1680 4671 1796 4738 Deum

202 4813 328 4886 qnam
342 4788 442 4886 apud.
455 4787 754 4886 illosprcditores
768 4785 965 4858 obnoxium
979 4807 1094 4884 poenae
1108 4785 1326 4860 reddideras.
1343 4791 1376 4859 Ο
1393 4811 1452 4859 me
1469 4787 1634 4858 miserem
1652 4789 1689 4858 in
1710 4793 1796 4860 tanti

241 4981 249 5005 ¹
277 4979 397 5029 inseritur
409 4991 433 5030 et
445 4995 497 5030 curn
511 4979 645 5031 Claudiano
769 5025 774 5040 ,
1026 4977 1096 5029 ttlts.
1110 5005 1140 5015 —
1156 4977 1330 5029 'sermonibus
1347 4983 1533 5040 expressioribus
1551 4978 1621 5031 1118.
1638 4978 1692 5016 -⁸
1714 4981 1797 5029 Verrerr'

628 5093 697 5134 rottor
707 5095 726 5132 ᾖ,
736 5093 799 5134 „mm
1025 5061 1302 5114 111111111111ΒΜ8.-
1314 5062 1428 5114 111111111
1440 5062 1511 5114 ltus.
1523 5092 1548 5100 -
1559 5063 1568 5090 ⁸
1581 5065 1758 5115 correxerimus
1766 5063 1794 5113 l).

366 5163 390 5202 ur
399 5175 447 5204 mu
457 5163 551 5216 ‘metm
561 5176 617 5204 rum
635 5165 696 5206 11111,
1027 5173 1057 5184 -
1069 5145 1080 5173 ⁹
1092 5147 1228 5198 &rariorem
1248 5149 1352 5197 reddidit
1369 5145 1440 5197 leS.
1451 5173 1484 5185 —
1496 5146 1518 5175 '⁰
1529 5149 1707 5200 scortatoribus
1725 5145 1785 5198 ttrts

979 5289 984 5298 Ι
1026 5257 1058 5271 -
1071 5231 1090 5258 “
1104 5234 1140 5282 Ab
1153 5229 1378 5282 11111οωῦ11118.
1390 5231 1462 5283 111111.

200 5315 231 5326 —-
248 5287 261 5314 ·
275 5289 321 5336 Ac
333 5285 399 5336 deest
415 5287 443 5336 o.
458 5287 508 5322 -⁸
523 5287 584 5337 7111
599 5286 618 5336 Β
633 5297 657 5336 er
673 5285 723 5338 lts.
737 5284 850 5337 11111.-
861 5284 871 5310 ⁴
882 5285 994 5336 Porueru
