4496 6102
462 635 534 706 386
1062 632 1189 704 PETRI
1217 633 1450 704 tBAEttnot

463 776 670 875 speluncam
684 778 719 846 in
734 799 836 865 saxo,
860 775 1016 847 lontibus
1035 789 1070 846 et
1087 774 1207 847 electis
1225 773 1412 846 arboribus
1433 774 1711 858 amoenissimus,
1739 773 1776 842 in
1797 797 1906 869 quem
1926 797 2052 847 ascen-

463 895 587 967 dentes
606 909 640 967 et
658 896 814 968 lavantes
832 921 870 967 se
889 895 1040 967 orabant
1058 910 1094 967 et
1110 895 1304 968 laudabant
1321 900 1437 967 Deum
1452 896 1487 968 in
1501 894 1640 966 silentio
1658 891 1771 965 tribus
1784 892 1928 986 diebus,
1951 911 1985 966 et
2003 897 2051 968 sic

462 1015 637 1087 faciebant
665 1041 729 1114 per
756 1016 910 1113 singulas
940 1015 1185 1114 generationes
1216 1031 1442 1115 expectantes
1465 1039 1606 1113 semper
1631 1039 1676 1085 ne
1699 1003 1789 1085 lorte
1806 1014 1843 1085 in
1862 1039 1926 1085 sua
1948 1041 2052 1112 gene·

462 1138 602 1211 ratione
626 1136 727 1210 stella
745 1137 805 1208 illa
824 1136 1051 1210 beatitudinis
1079 1139 1250 1228 oriretur,
1282 1138 1399 1210 donec
1425 1135 1589 1236 apparuit
1618 1136 1668 1207 eis
1699 1134 1919 1208 descendens
1945 1162 2052 1234 super

462 1261 621 1330 Montem
640 1258 741 1330 illum
759 1258 1006 1349 victorialem,
1029 1257 1167 1330 habens
1188 1259 1225 1330 in
1245 1283 1282 1329 se
1299 1259 1399 1356 qnasi
1415 1258 1566 1328 formam
1583 1257 1685 1355 pueri
1703 1257 1820 1354 parvi,
1840 1271 1874 1327 et
1893 1281 2052 1355 superse

461 1377 729 1450 similitudinem
748 1380 880 1470 crucis,
902 1395 937 1451 et
954 1380 1072 1451 locuta
1090 1395 1142 1450 est
1159 1379 1228 1470 eis,
1249 1393 1285 1451 et
1303 1378 1426 1450 docuit
1448 1401 1529 1467 eos,
1556 1391 1590 1449 et
1612 1377 1779 1475 praecepit
1798 1391 1837 1447 ut
1853 1376 2053 1474 proficisce-

460 1513 584 1570 rentur
597 1499 633 1570 in
647 1504 666 1570 1
669 1499 818 1572 udaeam.
836 1483 1144 1571 proficiscentibus
1157 1514 1276 1571 autem
1291 1500 1354 1590 eis,
1371 1524 1436 1597 per
1448 1498 1634 1569 biennium
1646 1495 1868 1594 praecedebat
1881 1496 2000 1588 stella,
2018 1514 2052 1569 et

461 1642 577 1714 neque
596 1643 676 1690 esca
699 1646 816 1719 neque
834 1635 941 1720 potus
967 1619 1094 1692 deiecit
1121 1621 1158 1691 in
1179 1620 1430 1718 pariseorum.
1453 1622 1577 1689 Cetera
1595 1632 1733 1708 autem,
1753 1641 1832 1714 quae
1855 1631 1951 1713 gesta
1975 1643 2051 1691 esse

460 1725 661 1811 referuntur
675 1738 721 1810 ab
735 1739 801 1830 eiS,
819 1741 855 1811 iu
873 1740 1064 1836 Evangelio
1080 1740 1337 1838 compendiose
1350 1740 1465 1838 posita
1480 1752 1574 1809 sunt.
1593 1736 1772 1810 Tandem¹
1791 1762 1903 1834 quum
1920 1742 2051 1810 reversi

460 1857 624 1946 fuissent,
648 1875 855 1932 manserunt
872 1860 1030 1932 colentes
1050 1875 1086 1932 et
1106 1859 1342 1958 glorificantes
1358 1864 1475 1932 Deum
1498 1858 1690 1930 studiosius
1716 1859 1826 1955 magis
1847 1883 1957 1955 quam
1979 1860 2049 1958 pri·

462 2003 578 2070 mum,
597 1995 631 2052 et
644 1980 925 2078 praedicaverunt
943 1980 1111 2052 omnibus
1130 1981 1167 2052 in
1186 2006 1315 2078 genere
1328 2005 1412 2071 suc,
1429 1995 1464 2051 et
1477 1978 1609 2050 multos
1623 1977 1873 2051 erudierunt.»
1888 1981 2050 2075 [egimus

462 2114 616 2172 mortem
636 2115 860 2173 terrenorum
885 2125 1027 2197 regum,
1059 2100 1114 2173 vel
1146 2101 1445 2172 commutationes
1471 2123 1664 2196 regnorum
1687 2099 1795 2171 stellis
1815 2097 2047 2196 quibusdam,

460 2243 547 2314 quas
565 2236 723 2293 cometas
742 2221 923 2321 appellant
945 2221 1123 2317 designari
1148 2221 1289 2293 solere:
1311 2236 1524 2293 nontamen
1548 2220 1666 2309 novis,
1694 2219 1758 2290 sed
1783 2221 1923 2290 noviter
1945 2218 1991 2291 de
2016 2245 2051 2290 se

458 2342 559 2437 quasi
574 2341 767 2439 quemdam
786 2343 922 2414 crinem
939 2341 1233 2440 producentibus.
1256 2340 1360 2412 Unde
1379 2355 1414 2412 et
1432 2354 1598 2429 cometae,
1617 2341 1754 2436 quasia
1773 2364 1894 2430 coma,
1919 2341 2050 2412 crinita

458 2475 541 2530 sunt
557 2461 753 2560 appellatae.
772 2463 910 2532 Summi
924 2485 1009 2533 vero
1024 2462 1115 2558 regis
1129 2485 1266 2534 novum
1280 2461 1471 2532 nativitatis
1486 2459 1650 2548 modum,
1667 2461 1758 2532 sicut
1771 2475 1806 2530 et
1819 2475 2047 2559 conceptum,

458 2603 552 2652 nova
571 2579 671 2651 stella
690 2597 725 2650 et
742 2579 1013 2678 incomparabili
1027 2580 1218 2679 splendore
1230 2581 1443 2678 praesignare
1460 2579 1596 2650 debuit.
1619 2579 1728 2675 Cujus
1742 2595 1777 2650 et
1796 2596 1952 2652 mortem
1970 2595 2051 2652 tan-

457 2723 842 2798 quamexpavescens‚
864 2699 920 2770 vel
937 2700 983 2770 de
1001 2699 1141 2772 sceleris
1162 2698 1407 2796 magnitudine
1429 2697 1556 2770 dolens
1582 2698 1636 2770 sol
1657 2699 1884 2788 obscuratus,
1911 2701 2049 2772 mundo

458 2815 625 2888 indicavit
639 2818 826 2910 universo;
851 2834 889 2889 ut
909 2833 981 2889 tam
1001 2834 1121 2889 ortum
1140 2842 1249 2917 quam
1267 2841 1434 2889 occasum
1451 2817 1525 2888 veri
1541 2818 1626 2888 solis
1645 2833 1679 2888 et
1696 2818 1846 2890 coelestis
1864 2819 1956 2914 regis
1974 2819 2049 2916 glo-

457 2941 545 3012 riam
564 2938 719 3012 coelestia
738 2955 1018 3039 protestarentur
1031 2942 1143 3037 signa.

444 3077 447 3084 ’
505 3061 594 3130 Sunt
608 3059 672 3156 qui
686 3085 760 3132 non
775 3059 948 3132 mediocri
966 3059 1204 3132 admiratione
1220 3072 1430 3147 moventur,
1452 3082 1526 3154 quo
1545 3057 1656 3129 modo
1671 3073 1744 3129 tam
1758 3058 1880 3156 paucis
1902 3057 2045 3148 diebus,

453 3205 474 3250 a
504 3179 616 3252 Natali
634 3181 766 3253 scilicet
787 3182 932 3252 Domini
950 3205 1063 3278 usque
1086 3181 1133 3252 ad
1157 3180 1443 3279 Theoplraniam,
1465 3180 1559 3276 magi
1580 3178 1627 3250 ab
1651 3180 1792 3250 oriente
1810 3205 1925 3276 usque
1946 3180 2049 3252 Beth-

454 3298 571 3372 lehem
585 3303 773 3398 pervenire
787 3316 994 3400 potuerunt.
1012 3301 1121 3391 Quod
1130 3302 1277 3397 quidem
1292 3315 1377 3373 tunc
1389 3316 1484 3372 recte
1497 3302 1724 3391 mirarentur,
1740 3293 1770 3372 ii
1781 3315 1816 3372 et
1827 3317 2048 3398 quaererent,

454 3421 482 3488 si
501 3435 679 3492 constaret
703 3420 798 3492 hanc
825 3421 962 3494 stellam
984 3445 1211 3519 nequaquam
1233 3437 1314 3493 ante
1334 3420 1552 3494 dominicam
1579 3422 1798 3493 nativitatem
1823 3424 2048 3520 apparuisse,

454 3563 521 3610 nec
540 3555 575 3612 et
593 3565 716 3637 magos
734 3543 799 3612 iter
815 3541 887 3612 hoc
906 3541 1107 3640 arripuisse.
1125 3545 1246 3630 Quum
1267 3567 1352 3614 vero
1375 3541 1649 3638 Chrysostomus
1675 3567 1718 3614 ex
1736 3541 1942 3639 supradicta
1967 3543 2052 3614 scri·

452 3673 557 3756 ptura
575 3677 835 3732 commemoret
855 3685 917 3733 eos
941 3685 1006 3760 per
1025 3660 1211 3733 biennium
1232 3660 1500 3760 proficiscentes
1524 3660 1632 3732 stellae
1654 3661 1858 3760 apparentis
1876 3660 2050 3733 ducatum

453 3775 634 3868 babuisse,
656 3795 691 3851 et
710 3780 855 3854 tandem
874 3782 1032 3852 Domino
1047 3781 1122 3877 jam
1141 3797 1227 3854 nato
1241 3782 1513 3854 Hierosolimam
1530 3783 1751 3894 pervenisse,
1773 3780 1861 3852 nibil
1879 3783 2049 3878 quaestio-

453 3899 508 3968 nis
527 3898 749 3996 relinquitur.
767 3900 858 3971 lllud
874 3916 993 3973 autem
1008 3903 1164 3974 fortassis
1177 3903 1373 4002 plurimum
1386 3918 1525 3992 movet,
1540 3902 1727 3999 quomodo
1743 3917 1879 3991 tantus,
1904 3918 1944 3974 ut
1963 3902 2051 3972 dici·

452 4032 526 4108 tur,
547 4019 719 4118 splendor
738 4020 844 4093 stellae
868 4021 963 4093 solos
986 4025 1220 4094 commoverit
1245 4047 1384 4120 magos,
1411 4047 1478 4094 nec
1495 4023 1541 4094 ab
1561 4023 1701 4095 Herode
1719 4023 1774 4094 vel
1790 4024 1924 4094 caeteris
1945 4047 2048 4096 com·

452 4137 558 4231 periri
581 4139 753 4235 potuerit,
777 4140 930 4211 maxime
947 4165 1060 4238 quum
1079 4165 1158 4213 eam
1177 4143 1474 4240 propinquiorem
1495 4167 1603 4239 quam
1622 4145 1782 4214 caeteras*
1800 4143 1955 4214 extitisse
1976 4142 2048 4242 ple·

451 4259 552 4354 rique
579 4259 813 4351 arbitrentur,
843 4285 916 4357 quo
943 4262 1070 4333 melius
1088 4287 1195 4361 super
1212 4287 1365 4361 puerum
1384 4265 1530 4336 veniens
1548 4263 1669 4336 locum
1691 4265 1802 4361 magis
1828 4263 2061 4362 designaret.'

452 4378 521 4449 Sed
540 4404 653 4476 quum
674 4380 762 4470 nihil
780 4380 999 4481 impossibile
1015 4388 1092 4456 Deo
1107 4409 1183 4456 esse
1197 4386 1379 4471 credatur,
1402 4410 1478 4457 non
1497 4401 1550 4458 est
1564 4385 1802 4458 dubitandum
1816 4411 1900 4459 eum
1913 4387 2049 4485 quibus

452 4495 601 4567 voluerit
622 4498 716 4570 hanc
737 4498 873 4571 stellam
892 4500 1105 4593 occultasse,
1127 4518 1162 4576 et
1180 4504 1230 4574 eis
1249 4518 1388 4575 tantum
1404 4505 1466 4601 qui
1484 4504 1583 4601 digni
1602 4505 1742 4577 fuerant
1758 4503 1944 4582 revelasse.
1979 4513 2048 4578 Po·

451 4625 595 4686 tueruut
613 4631 647 4687 et
665 4618 722 4688 isti
741 4619 834 4715 magi
852 4633 987 4691 tantam
1006 4613 1078 4719 prae
1096 4625 1229 4694 caeteris
1247 4639 1425 4696 astrorum
1441 4623 1607 4696 babuisse
1624 4626 1809 4716 notitiam,
1833 4643 1871 4699 ut
1887 4627 1954 4699 soli
1977 4651 2049 4698 no·

451 4759 533 4806 vam
551 4736 874 4812 animadverterent
892 4741 1048 4832 stellam,
1070 4745 1158 4815 etin
1179 4745 1254 4840 ejus
1273 4771 1461 4844 progressu
1479 4746 1536 4820 vel
1552 4749 1705 4819 statione
1722 4773 1798 4820 non
1817 4749 2045 4822 oberrarent.

452 4855 504 4922 De
515 4853 644 4948 quibus
657 4882 769 4952 quum
788 4860 958 4957 scriptum
977 4859 1041 4931 sit³
1062 4863 1145 4958 quia
1165 4893 1183 4931 n
1198 4864 1365 4937 viderunt
1382 4891 1459 4938 eam
1475 4869 1511 4938 in
1527 4867 1683 4956 oriente3
1700 4895 1717 4936 a
1734 4884 1769 4954 et
1782 4894 1923 4941 rursum
1941 4872 2052 4966 quia⁵

485 5155 492 5178 ⁸
513 5153 563 5206 ttS.
579 5154 645 5206 ains.
655 5183 671 5194 -
684 5159 770 5207 Tamen
783 5158 848 5209 Edit.
862 5158 935 5210 Amb.
950 5187 976 5198 ·-
990 5160 1059 5213 ’118Ι
1074 5163 1142 5218 Eius.
1154 5193 1171 5204 ·
1184 5168 1324 5219 Cetaria...
1338 5171 1457 5232 plerisque
1472 5171 1535 5221 Edit.
1553 5170 1624 5222 tmb.
1637 5197 1670 5208 -
1680 5171 1690 5198 ³
1700 5189 1712 5216 ι
1724 5170 1799 5222 Stella
1812 5188 1884 5238 quam
1895 5172 2013 5222 viderant
2027 5174 2051 5221 in

451 5239 558 5290 Oriente.
572 5259 583 5286 ι
598 5239 711 5306 (blatta,
724 5259 778 5310 cap.
792 5262 823 5306 n,
836 5263 857 5296 r.
871 5245 906 5311 9.)
920 5246 967 5284 -⁸
981 5247 1044 5298 lbid.
