4522 6104
1091 1191 1177 1295 EL
1190 1191 1391 1316 uult,

652 1423 753 1529 Qut
781 1440 1020 1520 uicimus
1049 1439 1199 1519 serm
1232 1437 1506 1519 inmitem
1535 1432 1829 1516 susumus

761 1669 906 1720 emolu
928 1667 1098 1720 moso!
1121 1667 1356 1720 Pffll‘l'ffilfl
1377 1667 1429 1718 sot
1452 1665 1499 1715 ΒΧ
1517 1663 1723 1718 ΡΔΙΔΩΙΒΙὉ.

450 1849 576 1926 [Legitur
585 1869 648 1924 peg.
662 1852 781 1906 tto-m
795 1851 859 1906 edit.
873 1853 954 1906 Amb.
967 1853 1077 1908 Exstant
1096 1853 1190 1908 ffilsn'i
1212 1859 1302 1905 Versus
1313 1864 1338 1905 et
1349 1851 1429 1916 Ludi,
1443 1869 1511 1923 quos
1524 1869 1611 1924 nuper
1625 1848 1726 1924 publici
1735 1848 1802 1920 juris
1813 1846 1876 1901 iecit
1887 1845 2025 1916 Clrnmpol-

579 1944 743 2018 lion·l·'igcsc
756 1945 882 2018 (lutetia
892 1945 1053 2000 Parisiorum
1059 1985 1068 2015 ,
1083 1947 1178 2020 1838).
1193 1947 1237 2001 Cl'.
1249 1947 1357 2000 Hutoirc
1366 1945 1487 1998 munire
1496 1943 1528 1996 de
1537 1950 1640 2006 ancc,
1653 1941 1727 2008 111,
1740 1943 1789 1996 est
1804 1952 1831 1996 et
1841 1937 1894 2014 sq.]

560 2484 665 2555 Lingua
680 2449 762 2552 servi,
776 2481 872 2556 lingue
884 2483 1022 2558 perfidie,

560 2573 637 2628 llisae
650 2583 756 2642 motus,
767 2590 861 2628 semen
874 2573 1029 2643 discordie,

558 2665 651 2734 Quam
666 2663 703 2720 sit
714 2681 796 2737 prere
809 2664 947 2720 sentimus
960 2665 1059 2732 bodie,

557 2753 734 2826 Subjacendo
748 2755 824 2827 gravi
838 2754 990 2812 sententie.

595 2845 667 2899 Tort
679 2862 757 2899 svers
770 2847 837 2899 ιιοεΙ
851 2844 870 2899 li
885 2854 999 2901 mestre.

558 2971 666 3043 Lingua
681 2971 764 3041 servi,
778 2981 906 3027 nostrum
919 2970 1078 3039 dissidium,

559 3062 594 3117 In
608 3080 658 3116 nos
670 3061 748 3120 Petri
767 3063 918 3118 commovit
933 3062 1041 3131 odium,

559 3154 629 3223 Que
641 3163 766 3208 meretur
778 3152 899 3209 ultorem
912 3151 1036 3227 gladium
1078 3149 1080 3154 ’

557 3244 633 3314 Quis
643 3254 770 3298 nostrum
783 3244 917 3302 exstinxit
928 3243 1064 3298 studium.

596 3336 669 3390 Tort
681 3351 759 3390 avers
772 3352 822 3390 nos
834 3333 855 3390 li
870 3345 983 3390 mestre.

565 3463 752 3520 Detestandus
766 3473 808 3519 est
820 3463 868 3519 ille
882 3463 1013 3534 rusticus,

561 3557 617 3612 Per
629 3572 713 3628 quem
726 3553 809 3608 cessit
821 3572 836 3608 a
848 3553 942 3608 schola
959 3553 1093 3622 clericus;

563 3643 666 3700 Gravis
680 3642 761 3698 dolor
773 3641 974 3716 quodquidam
988 3641 1116 3716 publicus

564 3735 598 3789 Id
611 3733 703 3788 effecit
714 3743 746 3789 ut
760 3742 847 3788 cesset
858 3731 977 3806 logicus.

599 3825 671 3878 Tort
683 3841 759 3881 avers
772 3841 822 3878 nos
830 3822 850 3877 li
861 3833 974 3880 mestre.

563 3955 612 4009 Est
623 3950 776 4009 dolendum
788 3951 865 4026 quod
879 3952 976 4026 lingua
990 3953 1092 4008 servuli

564 4045 659 4116 Magni
674 4043 755 4098 nobis
767 4060 848 4098 causa
861 4043 979 4116 periculi

565 4133 726 4190 Susurravit
739 4133 767 4186 in
780 4151 877 4200 uorem
888 4133 996 4188 creduli

564 4225 618 4278 Per
629 4222 707 4302 quod
718 4222 777 4293 ejus
790 4232 899 4278 cessent
910 4223 1051 4296 discipuli.

598 4313 670 4367 Tort
682 4330 757 4367 avers
770 4331 820 4368 nos
834 4312 854 4370 li
867 4323 980 4369 mestre.

566 4440 592 4497 Ο
606 4459 691 4514 qoem
700 4438 803 4494 durum
817 4440 984 4514 magistrum
994 4442 1094 4509 sentio,

565 4532 594 4589 Si
609 4549 662 4606 pro
674 4531 717 4586 sui
730 4530 846 4586 bubulci
859 4533 970 4601 nuntio,

566 4623 623 4692 Qui
638 4621 700 4676 vilis
709 4632 751 4676 est
760 4632 790 4677 et
798 4621 858 4677 sine
869 4623 970 4696 pretio,

565 4711 620 4767 Sua
630 4711 711 4766 nobis
724 4720 843 4784 negetur
855 4711 949 4766 lectio.

601 4801 675 4856 Tort
689 4819 766 4856 avers
778 4817 829 4856 nos
841 4799 862 4856 li
878 4810 991 4858 mestre.

490 5002 498 5030 ⁴
517 5002 595 5053 Aliter
603 5018 655 5054 uos.

1372 2484 1436 2540 Heu
1446 2501 1531 2560 qnam
1544 2481 1666 2538 crudelis
1677 2482 1731 2538 iste
1742 2483 1859 2538 nuntius

1372 2574 1474 2629 Dicens
1490 2597 1497 2626 z
1514 2573 1659 2640 «Fratres,
1675 2574 1748 2630 exite
1760 2573 1853 2640 citius,

1374 2663 1526 2720 Habitetur
1538 2661 1616 2718 vobis
1629 2663 1800 2734 Quinciacus
1812 2688 1818 2718 ι

1372 2754 1516 2829 Alioquin,
1529 2772 1587 2810 non
1599 2753 1673 2826 leget
1686 2753 1848 2809 monachus.
1862 2777 1877 2804 s

1407 2845 1479 2900 Tort
1488 2862 1566 2900 avers
1577 2861 1628 2898 nos
1641 2842 1662 2898 li
1676 2853 1788 2900 mestre.

1372 2973 1459 3044 Quid,
1475 2972 1575 3042 Hilari,
1585 2972 1656 3048 quid
1667 2991 1736 3047 ergo
1749 2971 1879 3028 dubitus?
1893 2974 1900 3044 ξ

1375 3064 1434 3118 Cur
1446 3081 1503 3118 non
1516 3063 1584 3130 ubis,
1595 3062 1725 3118 etsillam
1738 3062 1866 3118 babitus?

1375 3153 1429 3209 Sed
1442 3163 1471 3208 te
1486 3163 1562 3208 tenet
1575 3151 1631 3207 diei
1641 3153 1772 3219 brevitas,

1372 3245 1431 3300 Iter
1444 3243 1570 3316 longum,
1584 3253 1614 3300 et
1626 3253 1673 3298 tua
1689 3245 1816 3316 glutitus.

1408 3335 1480 3390 Tort
1492 3352 1569 3390 svers
1578 3351 1628 3389 nos
1640 3334 1659 3390 li
1672 3344 1784 3390 mestre.

1375 3465 1414 3520 Ex
1425 3462 1536 3520 diverso
1549 3463 1630 3518 multi
1644 3463 1832 3531 convenimus,

1328 3581 1335 3598 ·
1377 3554 1442 3623 Quo
1451 3553 1556 3626 logices
1567 3553 1629 3607 sons
1642 3563 1702 3608 erat
1712 3551 1860 3628 plurimus,

1374 3642 1428 3699 Sed
1442 3641 1567 3698 discedat
1580 3661 1705 3698 summus
1715 3653 1743 3698 et
1753 3645 1904 3699 minimus:

1377 3733 1448 3788 Nem
1463 3743 1581 3806 negatur
1593 3731 1670 3807 quod
1684 3734 1730 3788 bic
1743 3735 1930 3808 quesivimus.

1410 3824 1482 3879 Tort
1493 3841 1571 3879 svers
1582 3841 1632 3880 nos
1645 3823 1665 3879 li
1679 3833 1790 3884 mestre.

1378 3952 1435 4008 Nos
1445 3955 1475 4008 in
1488 3971 1578 4008 unum
1588 3954 1688 4026 passim
1701 3965 1730 4010 et
1743 3955 1855 4028 publice

1265 4041 1279 4070 ⁹
1377 4044 1478 4099 Traxit
1491 4062 1558 4098 aura
1571 4046 1705 4102 torrentis
1718 4046 1829 4120 logice:

1378 4133 1531 4201 Desolatos,
1548 4135 1690 4206 magister,
1706 4137 1828 4210 respice,

1378 4223 1518 4298 Spemque
1532 4235 1665 4292 nostram,
1675 4243 1735 4299 qne
1745 4225 1872 4299 languet,
1887 4228 1978 4284 retice.

1410 4315 1482 4369 Tort
1496 4331 1573 4369 svers
1584 4332 1634 4369 nos
1647 4315 1667 4371 li
1682 4326 1794 4371 mestre.

1376 4443 1430 4498 Per
1440 4443 1604 4516 impostum,
1616 4461 1666 4517 per
1676 4443 1868 4516 deceptorium

1378 4531 1407 4588 Si
1420 4549 1522 4606 negare
1535 4533 1575 4590 ris
1588 4531 1772 4606 adjutorium,

1377 4624 1470 4696 liujus
1482 4624 1536 4680 loci
1551 4643 1608 4680 non
1620 4627 1777 4681 oratorium

1378 4713 1488 4770 Nomen
1500 4716 1565 4783 erit,
1581 4716 1629 4770 sed
1642 4715 1835 4789 ploratorium.

1372 4869 1374 4872 ¹
1414 4805 1486 4861 Tort
1499 4823 1576 4861 avers
1591 4823 1641 4861 uos
1653 4805 1676 4862 li
1687 4817 1797 4864 mestre.
