4496 6102
1021 629 1150 700 PETlll
1168 627 1401 702 ABAELARDI

818 969 1342 1116 rn‘cracuncrsrovs
1377 1023 1606 1123 nonin,

993 1242 1045 1306 AD
1065 1241 1220 1306 EASDEM
1240 1238 1433 1306 lllllGlNES.

1122 1487 1233 1534 SERMO
1257 1488 1307 1534 111.

472 1651 757 1723 Circumcisionis
782 1649 968 1720 dominicae
998 1674 1059 1720 seu
1085 1647 1252 1746 baptismi
1275 1651 1451 1722 rationem
1479 1649 1737 1746 quaerentibus,
1763 1651 1877 1748 prima
1903 1649 2005 1722 nobis

424 1771 577 1843 occurrit
595 1772 740 1868 quaestio
753 1798 760 1840 :
772 1775 842 1841 Cur
855 1769 914 1841 illa
927 1771 963 1840 in
978 1770 1125 1866 antiquo
1142 1769 1279 1868 populo
1298 1769 1534 1866 praecesserit?
1549 1769 1686 1841 Deinde
1698 1794 1763 1841 cur
1775 1767 2006 1867 postmodum

424 1915 466 1962 ca
479 1905 638 1962 cessante
650 1889 846 1988 baptismus
860 1890 892 1960 ei
905 1887 1136 1961 successerit?
1150 1889 1313 1986 Denique
1331 1913 1394 1959 cur
1410 1903 1491 1986 post
1508 1889 1652 1960 loannis
1668 1891 1879 1977 adventum,
1895 1911 2007 1984 usque

423 2008 470 2081 ad
504 2034 611 2107 quem
631 2009 686 2080 lex
708 2023 741 2082 et
766 2008 968 2107 prophetae,
999 2010 1175 2080 Dominus
1201 2024 1350 2106 utraque
1379 2010 1598 2106 susceperit:
1627 2009 1779 2080 maxime
1808 2033 1921 2105 quum
1947 2007 2005 2098 id,

424 2154 577 2226 proquo
597 2127 791 2200 aulerendo
805 2129 964 2200 instituta
975 2128 1162 2218 dicuntur,
1182 2127 1384 2200 nullatenus
1401 2125 1533 2199 habere
1556 2127 1733 2226 potuerit?
1751 2131 1848 2214 Quas
1862 2125 2008 2224 quidem

425 2265 494 2320 tres
514 2246 743 2344 quaestiones,
772 2248 800 2318 si
820 2247 977 2318 Domino
994 2262 1174 2318 annuente
1198 2246 1336 2318 solvere
1358 2249 1574 2346 poterimus,
1601 2246 1780 2345 praesentis
1802 2246 2008 2317 intentionis

425 2394 573 2469 operam
587 2367 929 2441 consummabimus.
951 2371 1053 2440 Nunc
1066 2368 1112 2441 de
1125 2369 1240 2466 prima
1253 2370 1411 2468 primum
1431 2368 1626 2440 videamus.
1648 2370 1795 2438 Constat
1807 2383 1889 2439 ante
1904 2367 2010 2438 Abra-

426 2490 509 2561 ham
527 2513 547 2560 a
566 2513 639 2587 quo
658 2489 882 2561 circumcisio
902 2489 1062 2588 incoepit,
1082 2479 1277 2560 nonnullos
1290 2489 1442 2561 extitisse
1452 2489 1580 2585 justos,
1597 2487 1694 2558 velut
1708 2486 1805 2578 Abel,
1821 2503 1855 2558 et
1868 2487 2009 2574 Enoch,

426 2611 498 2680 sive
525 2613 617 2698 Noe,
639 2623 673 2680 et
690 2611 810 2708 ipsnm
836 2634 980 2706 quoque
1006 2608 1183 2681 Abraham
1205 2635 1271 2708 per
1292 2635 1414 2682 veram
1440 2609 1558 2680 cordis
1583 2610 1890 2680 circumcisionem
1913 2609 2012 2707 prius

425 2754 534 2825 quam
553 2729 866 2801 circumcideretur
883 2754 1007 2821 carne,
1026 2729 1161 2826 justum
1174 2729 1280 2801 luisse
1297 2758 1305 2800 ι
1323 2731 1413 2801 sicut
1427 2749 1466 2801 ex
1488 2730 1692 2802 testimonio
1721 2733 1865 2801 Genesis
1890 2743 2014 2827 aperte

425 2851 620 2938 convincit,
644 2853 694 2922 sic
711 2850 757 2922 de
776 2851 847 2922 hoc
864 2852 956 2923 inter
970 2865 1094 2922 caetera
1107 2849 1265 2921 scribens
1282 2849 1328 2920 ad
1348 2853 1547 2921 Romanos¹
1568 2877 1575 2918 :
1599 2880 1615 2917 a
1633 2848 1729 2936 Quid
1748 2873 1833 2944 ergo
1850 2847 2015 2918 dicemus

425 2970 599 3042 invenisse
622 2969 799 3042 Abraham
817 2985 954 3068 patrem
976 2984 1137 3041 nostrum
1161 2967 1358 3039 secundum
1382 2967 1555 3040 carnem?
1584 2969 1618 3038 Si
1642 2968 1738 3038 enirn
1764 2966 1942 3037 Abraham
1972 2949 2015 3036 ex
2107 3001 2131 3076 .-

426 3090 594 3186 operibus
606 3089 817 3186 justificatus
831 3104 900 3178 est,
922 3087 1028 3159 habet
1048 3087 1214 3184 gloriam,
1231 3085 1294 3157 sed
1317 3111 1391 3158 non
1414 3086 1510 3186 apud
1530 3090 1660 3158 Deum.
1686 3085 1901 3173 Quid'enirn
1928 3085 2018 3156 dicit

426 3209 648 3309 Scriptura'?
669 3238 686 3278 a
701 3207 861 3280 Credidit
874 3207 1050 3279 Abraham
1064 3210 1161 3295 Deo,
1178 3221 1213 3278 et
1226 3223 1430 3304 reputatum
1450 3220 1503 3279 est
1521 3207 1553 3277 ei
1570 3205 1617 3276 ad
1634 3206 1817 3302 justitiam.
1837 3233 1854 3270 n
1876 3209 1919 3275 Et
1933 3220 2020 3302 post

427 3329 582 3425 atiqmt:
604 3359 620 3396 n
638 3330 796 3399 Dicimus
807 3327 890 3424 quia
904 3339 1065 3424 reputata
1084 3341 1135 3396 est
1152 3324 1299 3396 Abrahae
1313 3325 1402 3396 fides
1415 3324 1461 3397 ad
1470 3327 1652 3421 justitiam.
1669 3355 1687 3393 n
1702 3325 1897 3412 Quomodo
1909 3350 2021 3424 repu-

427 3461 498 3518 tata
514 3445 589 3517 est?
605 3451 643 3516 ln
658 3446 946 3532 circumcisione,
968 3468 1013 3514 an
1029 3444 1066 3514 in
1081 3443 1281 3541 praeputio?
1300 3447 1379 3514 Non
1393 3445 1430 3514 in
1445 3445 1731 3531 circumcisione,
1751 3445 1864 3516 sedin
1879 3469 2025 3544 praepu-

429 3566 489 3636 tio.
512 3571 553 3636 Et
571 3567 713 3660 signum
734 3547 872 3661 accepit*
883 3564 1161 3635 circumcisionis
1176 3563 1395 3659 signaculum
1414 3563 1555 3659 justitiae
1573 3562 1675 3653 fidei,
1692 3587 1770 3659 quae
1796 3563 1904 3634 estin
1929 3591 2025 3662 prae-

428 3684 546 3781 putio,
572 3699 639 3755 etc.
656 3711 673 3749 n
709 3687 759 3752 Ex
788 3707 861 3779 quo
887 3681 1021 3780 liquide
1046 3682 1226 3753 convincit
1249 3681 1458 3781 Apostolus,
1492 3681 1591 3779 quod
1617 3683 1647 3753 is
1676 3683 1737 3779 qui
1761 3707 1803 3752 ex
1830 3681 2025 3754 dominico

428 3817 605 3901 praecepto
619 3803 754 3901 primus
767 3803 865 3872 estin
881 3819 987 3873 carne
1000 3801 1242 3891 circumcisus,
1264 3816 1347 3872 ante
1362 3801 1457 3873 hanc
1474 3801 1781 3872 circumcisionem
1794 3800 1882 3872 durn
1896 3801 2027 3874 adhuc

428 3923 657 4022 praeputiatus
675 3935 782 4013 esset,
807 3946 850 3993 ex
868 3920 940 3993 fide
954 3923 997 3993 sit
1007 3921 1238 4017 justificatus,
1259 3946 1325 3993 nec
1335 3922 1507 4018 justitiam
1521 3947 1563 3993 ex
1578 3921 1847 3993 circumcisione
1868 3921 1913 3992 sit
1931 3947 2029 3993 con-

429 4057 580 4114 secutus.
603 4047 670 4112 Pro
689 4044 790 4140 signo
805 4057 922 4113 autem
939 4042 1080 4137 justitiae
1100 4042 1176 4137 jam
1193 4041 1322 4113 habitae
1336 4042 1644 4114 circumcisionem
1662 4042 1832 4140 suscepit,
1856 4055 1896 4112 ut
1917 4041 2031 4113 vide·
2072 4077 2080 4094 ·

428 4161 510 4235 licet
527 4163 731 4234 interiorem
756 4163 884 4234 mentis
900 4161 1026 4233 avitiis
1040 4162 1366 4252 circumcisionem,
1387 4162 1458 4234 hoc
1476 4178 1527 4234 est
1543 4163 1714 4258 justitiam
1738 4159 1840 4250 fidei,
1864 4165 2032 4233 exterior

429 4283 649 4354 circumcisio
667 4281 783 4352 carnis
796 4280 1001 4352 ostenderet
1016 4281 1136 4378 potius
1154 4285 1262 4377 quam
1281 4280 1423 4352 laceret.
1444 4282 1589 4353 Interim
1606 4295 1724 4353 autern
1740 4281 2034 4380 praecedentium
2092 4355 2094 4358 ,

428 4402 714 4501 patrumjustitia
728 4405 805 4472 Deo
818 4399 1042 4497 acceptabilis
1061 4401 1191 4492 extitit,
1212 4414 1251 4472 ut
1268 4425 1360 4472 unus
1375 4424 1518 4490 eorum,
1540 4400 1577 4473 id
1593 4416 1645 4473 est
1661 4401 1807 4490 Enoch,
1833 4403 1912 4472 vitae
1938 4429 2037 4500 prae·

430 4523 537 4593 sentis
559 4524 724 4592 aerumnis
742 4521 960 4612 subtractus,
988 4523 1025 4592 in
1043 4521 1248 4620 paradisum
1277 4522 1377 4591 vivus
1403 4546 1423 4593 a
1446 4523 1601 4594 Domino
1630 4524 1673 4594 sit
1695 4522 1900 4610 translatuS,
1932 4525 2038 4595 sicut

331 4701 334 4707 .
430 4641 691 4712 Ecclesiasticus
707 4665 852 4738 quoque
873 4641 1070 4731 meminit‘,
1085 4655 1121 4712 et
1137 4640 1293 4713 Isidorus
1306 4639 1349 4710 de
1364 4645 1455 4712 Orto
1473 4658 1509 4712 et
1528 4641 1630 4716 Obitu
1648 4647 1799 4712 Patroni
1817 4641 1871 4712 his
1893 4646 2040 4717 asserit

431 4762 584 4866 verblst:
602 4791 619 4830 r<
632 4763 756 4835 Enoch
766 4764 901 4854 meruit
909 4763 947 4832 in
962 4787 1045 4834 eum
1055 4763 1175 4834 locum
1191 4762 1370 4833 transferri
1383 4763 1521 4851 vivens,
1538 4761 1635 4834 unde
1649 4761 1761 4833 suerat
1774 4761 2042 4860 protoplastus

432 4885 612 4982 expulsus,
628 4911 646 4951 n
665 4885 701 4955 in
721 4884 1068 4956 consummationem
1085 4881 1212 4955 mundi
1232 4883 1419 4954 restituens
1438 4908 1520 4954 curn
1538 4882 1613 4954 Elia
1638 4883 1796 4955 mortalis
1824 4883 1902 4952 vitae
1939 4911 2043 4959 con·

468 5124 475 5149 ¹
497 5125 578 5182 Rom„
598 5137 654 5186 cap.
677 5138 716 5183 tv,
739 5139 762 5172 v.
789 5131 810 5173 1,
826 5121 968 5181 -¹lbid.,
984 5139 1008 5173 v.
1029 5122 1208 5184 9.-⁸lbid.,
1252 5083 1324 5185 opp,
1345 5121 1447 5186 Romae,
1470 5123 1629 5182 rtet-rsus,
1652 5118 1818 5183 in-l⁰,t.lV,
1836 5135 1862 5186 p.
1879 5119 1945 5173 1⁵4.
1972 5123 2047 5178 Male

435 5225 458 5262 v.
476 5211 503 5258 10
515 5218 539 5258 ct
556 5223 593 5274 sq.
608 5231 641 5244 -
655 5206 665 5234 ⁴
677 5209 768 5267 Ecclr‘„
781 5221 836 5273 cap.
853 5223 916 5269 xnv,
931 5223 953 5256 v.
975 5210 1012 5257 ro.
1025 5233 1057 5246 -
1068 5207 1077 5232 '⁵
1089 5207 1149 5272 Cap.
1168 5223 1207 5267 ιιι,
1249 5207 1337 5272 legitur
1348 5207 1373 5257 in
1385 5205 1450 5257 Edit.
1461 5206 1535 5262 Anrb.
1548 5225 1554 5256 ι
1567 5208 1755 5269 protoplaustos.
