4510 6108
899 587 1157 660 strutiones.

305 1009 363 1096 ut
397 959 492 1096 nra
527 1004 721 1096 sareu
755 1002 1103 1094 raucarum
1137 1000 1298 1091 rara
1332 1001 1401 1090 nr
1433 999 1742 1104 aturrus,

486 1243 537 1302 Al)
558 1240 765 1304 MONACHOS
782 1237 1112 1302 uotflottltcattstts
1132 1235 1336 1310 REthUlAS
1356 1235 1564 1298 HABENTE&

895 1458 1008 1506 muto
1032 1457 1143 1504 xxvn.

282 1675 444 1772 Supema
466 1675 598 1773 pietas,
619 1673 767 1762 iratres,
790 1673 962 1746 memhris
978 1675 1055 1746 suis
1075 1671 1244 1746 omnihus
1265 1695 1308 1744 ex
1329 1670 1592 1769 omnipotentia
1607 1670 1814 1768 providens,

234 1793 324 1864 sicut
343 1793 494 1865 sortibus
511 1818 532 1866 a
549 1794 846 1892 praesumptione,
864 1794 915 1865 sic
931 1791 1082 1864 infirmis
1103 1790 1270 1891 providet
1285 1815 1307 1864 a
1325 1790 1587 1890 desperatione.
1607 1789 1711 1862 Unde
1727 1805 1763 1862 et
1777 1792 1815 1862 in

233 1926 388 2009 utroque
398 1915 554 2011 seipsum
570 1914 688 2012 primo
704 1913 925 1986 constituens
940 1911 1209 2011 inexemplum,
1223 1935 1321 1984 nunc
1336 1912 1623 2010 persecutionem
1634 1907 1817 1982 declinans

233 2054 272 2102 se
287 2029 498 2119 abscondit,
521 2056 619 2103 nunc
641 2031 817 2130 passionis
832 2031 1042 2102 imminente
1056 2030 1224 2119 articulo,
1247 2031 1285 2102 in
1307 2045 1449 2104 tantum
1471 2053 1602 2127 pavere
1624 2051 1667 2098 ac
1686 2027 1816 2100 taedere

233 2149 412 2238 scribitur,
431 2163 471 2221 ut
485 2150 523 2221 in
543 2150 672 2246 agonia
692 2151 821 2240 lacttrs,
840 2151 943 2250 quasi
958 2150 1170 2246 sanguineas
1187 2164 1303 2244 guttas
1319 2174 1386 2247 pro
1402 2148 1535 2222 sudore
1546 2161 1673 2220 eontra
1688 2148 1815 2220 huma·

234 2291 319 2340 nam
330 2282 496 2340 naturam
509 2268 704 2357 emitteret,
722 2283 757 2338 et
773 2269 899 2366 saepius
911 2266 959 2339 ad
969 2271 1110 2340 Patrem
1125 2291 1246 2357 orans,
1260 2267 1409 2340 calicem
1425 2267 1601 2365 passionis
1616 2290 1686 2338 ase
1702 2281 1816 2338 hans·

234 2386 304 2474 ire,
326 2385 356 2456 si
376 2385 546 2483 possibile
562 2399 671 2474 esset,
694 2386 903 2483 postularet.
929 2388 1000 2474 Qui
1021 2387 1130 2459 etiam
1149 2384 1292 2462 infirma
1312 2385 1474 2462 membra
1490 2386 1528 2456 in
1545 2399 1685 2458 tantum
1698 2399 1817 2458 trans·

234 2503 325 2575 ferre
340 2503 378 2574 in
397 2505 554 2601 seipsum
570 2503 817 2599 dignatusest,
835 2503 1044 2576 utdiceret¹
1066 2531 1073 2576 :
1095 2533 1114 2572 a
1135 2508 1236 2576 Nunc
1260 2505 1381 2578 anima
1407 2528 1487 2578 mea
1502 2504 1649 2576 tur-bata
1673 2518 1739 2576 est.
1773 2509 1818 2576 Et

232 2621 320 2718 quid
343 2621 482 2696 dicam?
517 2627 619 2698 Pater
638 2620 832 2698 salvivifica
854 2647 972 2694 mccx
985 2622 1055 2694 hac
1076 2623 1217 2694 horai
1245 2628 1294 2694 Ac
1315 2625 1345 2694 si
1364 2622 1500 2696 diceret
1520 2650 1528 2692 :
1546 2627 1601 2724 Da
1625 2622 1715 2694 mihi
1732 2648 1818 2696 con·

232 2741 400 2813 stantiam
413 2742 450 2813 in
467 2742 646 2838 passione,
665 2766 711 2812 ne
727 2742 836 2814 timor
858 2741 1047 2839 prmreleat
1062 2740 1261 2818 infirmitati
1277 2742 1456 2816 humanae.
1476 2746 1613 2832 Quare,
1634 2768 1658 2812 ο
1674 2743 1814 2834 fratres,

233 2856 393 2930 Christus
404 2859 531 2929 dixerit
546 2883 690 2930 securus
706 2883 771 2957 per
788 2860 909 2930 omnia
926 2884 964 2931 se
980 2859 1081 2931 nullo
1097 2861 1226 2932 timore
1241 2860 1434 2958 passionis,
1453 2860 1554 2930 nullo
1571 2862 1731 2944 cruciatu
1748 2860 1815 2934 do·

231 2975 318 3048 loris
333 3003 437 3075 posse
453 2978 633 3074 superari?
650 2993 810 3050 nostram
826 2978 966 3077 utique,
985 2979 1129 3069 fratres,
1145 2977 1389 3052 infirmitatem
1400 2979 1456 3051 his
1471 2979 1589 3052 verbis
1607 2980 1817 3054 intendebat

231 3093 431 3183 consolari,
460 3115 535 3166 non
558 3095 715 3193 aliquam
738 3096 1020 3170 imbecillitatem
1045 3121 1156 3196 quam
1180 3097 1330 3171 haberet
1347 3123 1538 3196 exponere.
1564 3098 1674 3172 Nobis
1697 3101 1736 3170 in
1760 3099 1817 3172 his

231 3213 402 3284 omnibus
425 3214 648 3305 consulebat,
667 3239 742 3286 non
767 3215 837 3288 sibi
860 3216 1095 3315 providebat,
1118 3243 1165 3290 ne
1191 3217 1282 3290 forte
1307 3219 1336 3289 si
1358 3217 1494 3315 aliquid
1515 3216 1638 3290 fideles
1652 3233 1816 3316 tempore

231 3331 407 3428 passionis
427 3333 668 3432 trepidarent,
693 3349 755 3406 aut
770 3334 822 3406 ab
838 3359 880 3408 ea
895 3335 1133 3424 declinarent,
1152 3335 1402 3434 desperatione
1422 3339 1581 3434 percussi
1596 3351 1632 3408 et
1650 3335 1696 3409 de
1711 3337 1815 3409 venia

231 3449 434 3523 diffidentes
450 3452 611 3525 dicerent
623 3477 661 3525 se
673 3453 718 3525 ad
734 3453 916 3526 Christum
931 3455 1081 3527 minime
1098 3455 1291 3552 pertinere.
1309 3459 1444 3527 Contra
1455 3479 1565 3552 quam
1576 3455 1684 3528 etiam
1696 3454 1819 3553 despe

231 3571 379 3644 rationis
403 3571 545 3670 plagam
569 3597 645 3645 non
664 3573 784 3646 solum
808 3573 952 3650 Thomas
976 3573 1261 3665 dubitationem,
1285 3599 1411 3648 verum
1432 3574 1543 3649 etiam
1566 3575 1698 3648 trinam
1724 3577 1819 3648 Petri

232 3692 471 3787 negationem¹
490 3691 641 3764 infirmis
670 3694 863 3791 opposuit,
894 3709 933 3767 et
964 3693 1242 3768 saluberrimum
1273 3693 1360 3767 inde
1396 3692 1613 3793 cataplasma
1647 3695 1813 3768 confecit.

231 3811 394 3908 Denique
410 3825 446 3883 et
460 3811 706 3886 Marcellinum
723 3826 907 3904 nostrum,
931 3811 1028 3884 beati
1048 3814 1144 3884 Petri
1157 3813 1349 3901 vicarium,
1373 3814 1474 3909 cujus
1496 3828 1660 3911 tempore
1678 3814 1814 3886 crebrae

232 3930 414 4027 passiones
441 3931 573 4002 multos
598 3931 799 4021 terrebant,
823 3931 1020 4006 nonnullos
1042 3931 1151 4004 etiam
1174 3929 1352 4029 abnegare
1372 3932 1566 4028 cogebant,
1593 3933 1748 4006 titubare
1768 3933 1815 4006 ad

230 4047 360 4122 horam
385 4051 560 4124 Dominus
582 4053 746 4150 pertulit,
765 4066 802 4126 et
821 4051 868 4124 ad
887 4067 1029 4150 tempus
1044 4051 1190 4141 cadere,
1216 4051 1280 4124 sed
1305 4077 1380 4124 non
1406 4052 1601 4148 confringi,
1623 4054 1713 4124 sicut
1730 4057 1814 4127 scri·

231 4181 334 4265 ptum
351 4173 441 4242 est¹:
457 4197 475 4238 a
483 4173 604 4258 Quum
615 4170 787 4244 ceciderit
799 4171 916 4268 justus
937 4195 1013 4244 non
1029 4170 1235 4262 collidetur,
1252 4171 1338 4268 quia
1358 4171 1534 4242 Dominus
1552 4173 1723 4269 supponit
1743 4197 1815 4245 ma-

231 4302 491 4361 nummum.»

278 4410 396 4481 Tertio
412 4411 555 4506 negavit
570 4415 710 4501 Petms,
730 4435 799 4484 nec
814 4411 1021 4512 simpliciter
1036 4413 1196 4510 negavit,
1213 4412 1279 4486 sed
1293 4413 1385 4484 sicut
1401 4413 1575 4510 scriptum
1585 4413 1678 4483 est⁸2
1701 4439 1719 4478 u
1738 4415 1813 4484 Coe·

230 4529 285 4624 pit
304 4527 471 4600 detestari
490 4544 526 4602 et
539 4530 660 4626 jurare
679 4533 764 4628 quia
788 4556 864 4604 uon
886 4533 1046 4604 novisset
1068 4531 1269 4604 hominem.
1287 4561 1305 4600 n
1333 4531 1441 4618 Quod
1457 4556 1543 4603 vero
1563 4530 1748 4604 Matthaeus
1763 4534 1812 4604 ait

233 4645 444 4738 «detestari,
461 4678 479 4718 »
496 4652 637 4722 Marcus
653 4650 848 4749 discipulus
864 4636 976 4750 ipsius
985 4653 1092 4741 Petri,
1106 4667 1142 4724 et
1157 4676 1221 4751 per
1232 4652 1352 4750 ipsum
1362 4650 1602 4724 describendo
1617 4650 1810 4746 Evangelio
1916 4697 1926 4709 .

230 4766 445 4858 instructus,
469 4769 557 4842 dixit
581 4751 600 4840 a
614 4771 912 4845 anathematizare
920 4774 943 4862 ⁸,
958 4799 977 4841 u
1004 4772 1077 4844 hoc
1096 4787 1149 4846 est
1169 4772 1532 4848 excommunicationi
1548 4795 1585 4844 se
1601 4757 1773 4860 subdere,
1790 4795 1810 4844 a

231 4912 305 4984 quo
321 4888 380 4960 alii
394 4885 657 4964 absolutionem
678 4893 925 4992 expectabant.
941 4897 1013 4966 Nec
1024 4894 1061 4966 in
1073 4918 1146 4967 una
1157 4908 1298 4967 tantmn
1316 4895 1506 4990 negatione
1521 4894 1615 4964 Petri
1625 4891 1810 4964 Matthaeus
1909 4955 1917 4968 .

265 5157 274 5184 ¹
292 5157 375 5220 teau,
389 5172 445 5225 cap.
456 5175 506 5222 ιιι,
518 5175 542 5212 r.
551 5163 593 5214 2⁷.
603 5159 655 5200 -⁸
669 5161 757 5214 Prelm.
767 5175 857 5226 mn,
868 5178 892 5214 r.
904 5164 948 5214 at.
960 5188 992 5202 -
1001 5161 1012 5192 ¹
1022 5161 1119 5226 luth„
1131 5177 1187 5230 cap.
1199 5179 1271 5226 rau,
1282 5179 1307 5216 r.
1319 5164 1359 5214 tt.
1368 5187 1399 5202 -
1409 5161 1420 5192 ⁴
1432 5161 1517 5225 una,
1531 5175 1587 5227 rap.
1596 5175 1648 5222 nv,
1657 5174 1681 5209 ¹·
1692 5161 1734 5217 ll·

1633 5247 1672 5309 67
