4606 6106
626 615 716 688 mu
741 613 868 691 remu
895 616 1128 692 mensum
1153 613 1477 694 susurronibus.
1771 615 1847 692 ms
1985 694 2000 714 Ι

263 755 421 830 bermone
438 756 640 856 compassio
657 771 712 830 est
729 782 773 830 ex
794 757 944 832 miseriis
961 757 1112 833 oliorum
1129 782 1335 858 progressa,
1354 783 1425 856 qua
1443 780 1486 834 ex
1508 757 1713 856 infirmitate
1735 760 1846 838 animi

264 877 375 976 nugis
391 899 501 974 quam
515 875 706 952 carinum
727 899 851 976 poenas
873 875 1125 965 abhorremus,
1151 902 1195 950 ex
1219 876 1302 956 hoc,
1318 901 1391 958 nno
1418 875 1520 974 quod
1544 876 1739 976 patientem
1756 875 1854 957 alili·-

263 1011 371 1095 gunt,
397 1011 478 1070 tem.
499 1019 578 1087 eas,
605 1019 685 1094 quse
712 1009 796 1070 sunt
818 995 940 1091 juatae,
970 1019 1080 1093 quam
1106 1021 1188 1094 quae
1215 995 1363 1093 injustae.
1390 996 1492 1070 Talis
1507 995 1619 1078 ammi
1643 997 1856 1095 compassio,¹

263 1115 452 1210 naturalis,
471 1117 545 1192 sive
562 1116 745 1190 rationebs
757 1117 817 1208 sit,
835 1118 910 1192 sive
928 1117 1094 1209 minime,
1109 1116 1359 1194 misericordia,
1367 1117 1512 1216 proprie
1528 1115 1670 1208 dicitur,
1685 1131 1772 1198 teste
1785 1117 1849 1196 See

142 1300 145 1306 .
263 1241 379 1312 oeca¹.
396 1235 592 1312 Clementia
610 1251 749 1329 autem,
772 1261 852 1336 quae
869 1236 940 1309 hoc
958 1237 1041 1310 looo
1058 1235 1153 1312 dicta
1169 1252 1222 1312 est
1239 1235 1505 1326 misericordia„
1525 1235 1744 1327 rationabilis
1767 1221 1844 1316 tun·

263 1371 340 1430 tnm
357 1355 489 1433 dicitur
502 1357 724 1455 compassio,
746 1381 812 1456 per
827 1379 940 1454 quam
957 1355 1122 1430 videlicet
1139 1355 1189 1428 eis
1206 1353 1396 1432 subvenire
1417 1354 1770 1454 volumus,·quibus‚
1783 1354 1854 1438 dtr.

262 1478 401 1552 bemus.
423 1477 593 1576 Quisquis
607 1477 779 1574 justitiam
797 1476 906 1552 habet
925 1477 1282 1567 sinemisericordia,
1304 1492 1343 1550 ut
1361 1475 1524 1553 videlicet
1539 1477 1720 1556 vindicus
1737 1476 1841 1567 velit,

262 1597 666 1698 necpoenmnirelaxaoe,
679 1597 832 1677 crudelis
841 1611 907 1672 est.
926 1599 988 1674 Sin
1007 1613 1127 1672 autem
1141 1624 1163 1672 e
1178 1623 1367 1690 converso,
1382 1598 1548 1672 remissus
1556 1612 1622 1672 est.
1636 1595 1739 1672 Unde
1749 1596 1843 1673 bene

261 1719 437 1791 Dominus
454 1717 526 1790 lroc
536 1707 632 1792 'loco
654 1731 835 1790 rectorum
858 1719 1191 1810 morestinstruens,
1216 1741 1402 1815 nunqnam
1417 1719 1590 1815 justitiam
1611 1717 1688 1790 sine
1706 1717 1849 1793 miseri.

233 1883 234 1888 ,
259 1836 382 1910 cordia
399 1837 555 1910 exerceri
573 1836 770 1936 approbem
791 1836 945 1934 ideoque
960 1836 1032 1910 hoc
1049 1837 1134 1912 looo
1153 1853 1322 1936 tanquam
1340 1835 1597 1936 'inseparabiles
1615 1835 1770 1924 comites
1782 1817 1844 1918 eas

259 1954 326 2028 sibi
344 1957 466 2030 sociat.
489 1959 610 2029 Potest
625 1970 744 2030 autem
764 1957 925 2030 remissio
943 1957 1108 2056 poenaeiu
1126 1955 1182 2032 his
1203 1958 1332 2048 enm,
1348 1958 1411 2055 qui
1424 1953 1650 2048 occiduntur,
1670 1953 1844 2038 nonnulla
1987 2030 1990 2036 ,
2066 1979 2076 2002 ·

196 2133 198 2138 ,
259 2101 357 2168 esse,
384 2077 414 2148 si
440 2075 604 2150 videlicet
621 2100 682 2150 eas
706 2075 933 2167 abbreviare,
959 2076 1016 2150 vel
1041 2102 1153 2174 genus
1178 2079 1304 2150 mortis
1330 2077 1442 2151 levius
1468 2076 1597 2173 eligere
1621 2063 1838 2151 studeamus.

259 2197 425 2296 Alioquin
451 2195 549 2270 illam
566 2197 781 2270 incurrimus
804 2195 1065 2270 sententiam¹r
1084 2226 1103 2268 u
1120 2197 1298 2270 indicium
1321 2199 1397 2270 sine
1422 2194 1664 2276 misericordie
1682 2194 1751 2284 illi,
1779 2193 1841 2293 qlri

259 2343 332 2392 non
353 2318 436 2390 facit
451 2317 743 2392 misericordiam.
760 2346 779 2386 u
798 2319 982 2390 Contraria
1000 2320 1133 2416 quippo
1151 2319 1337 2392 contrariis
1354 2318 1591 2408 conveniunt,
1613 2332 1656 2394 nt
1678 2315 1846 2416 videlicet

258 2435 565 2536 quemadmodum
592 2433 839 2510 misericordes
863 2434 1112 2508 misericordie⁴
1128 2450 1213 2510 sunt
1236 2435 1356 2534 digni,
1378 2436 1429 2509 ita
1449 2433 1748 2516 immisericordes
1768 2435 1841 2530 ,boc

259 2568 463 2632 mereanmr
479 2553 623 2653 privari.
643 2554 904 2651 Deniquepost
919 2553 1147 2628 continentes
1162 2568 1199 2628 et
1212 2568 1368 2628 rectores
1385 2552 1432 2628 ad
1447 2553 1656 2651 conjugatos
1673 2555 1843 2645 unricus,

258 2677 328 2749 ait·
343 2702 355 2748 r
376 2705 395 2744 o
409 2675 506 2748 Beati
521 2672 663 2748 'mtmdo
675 2672 798 2746 corde.
816 2701 834 2740 u
854 2676 977 2761 Quum
990 2674 1038 2746 ait
1055 2672 1166 2748 eorde
1178 2687 1215 2746 et
1232 2697 1306 2748 non
1323 2697 1497 2772 corpore,
1512 2675 1621 2750 vium
1634 2653 1839 2772 conjugato·

258 2819 337 2867 rum
356 2792 531 2892 voluptati
547 2793 664 2866 carnis
680 2791 876 2890 plurimum
902 2765 1168 2888 indulgentem,
1187 2806 1223 2865 et
1239 2793 1533 2892 concupiscentie
1553 2791 1691 2866 libidini
1711 2792 1843 2870 ceden-

258 2930 331 2998 tem
345 2915 512 2988 insinuat.
536 2913 611 2986 Etsi
628 2914 725 2986 enim
743 2910 914 2986 admixtio
932 2913 1126 3011 conjugum
1139 2912 1277 2986 babeat
1300 2883 1577 3012 indulgentiam,
1598 2939 1711 3012 quum
1732 2915 1770 2988 in
1798 2941 1842 2990 ea

257 3033 521 3110 incontinentiae
541 3057 614 3106 suae
627 3031 827 3106 remedium
842 3047 1027 3130 querunt,
1047 3057 1122 3106 non
1142 3033 1192 3106 ob
1214 3031 1433 3133 voluptatem
1452 3049 1490 3110 et
1509 3032 1844 3113 camis-delectatio.-

257 3179 342 3231 nem
364 3179 467 3230 more
487 3152 669 3255 pecudum
689 3153 784 3227 hanc
803 3168 1003 3252 appensum
1034 3178 1118 3228 curo
1143 3170 1263 3228 temen
1287 3179 1331 3228 ex
1349 3153 1430 3228 lube
1451 3154 1598 3230 linurin
1622 3155 1839 3233 noumtllum

258 3275 365 3348 trabit
381 3273 586 3373 contagium
599 3287 635 3347 et
645 3273 910 3346 immunditiam
922 3273 979 3346 vel
994 3273 1156 3346 lectorem
1168 3273 1326 3348 mactdae.
1343 3272 1468 3347 Mundi
1486 3289 1605 3350 tamen
1618 3274 1727 3350 corde
1738 3291 1836 3366 sunt,

256 3393 321 3468 sed
333 3417 409 3468 non
422 3417 595 3493 corpore,
615 3393 679 3490 qui
695 3391 789 3465 hanc
807 3405 946 3464 tautum
958 3407 1218 3492 appetuntnon
1233 3390 1280 3466 ad
1290 3391 1523 3492 voluptatem,
1537 3407 1577 3466 ut
1587 3393 1759 3486 diximus,
1775 3395 1839 3470 sed

256 3512 303 3585 sd
318 3514 581 3600 necessitatem,
604 3534 653 3586 ne
673 3511 882 3584 fornicando
907 3515 1024 3582 Deum
1042 3511 1239 3585 ollendant.
1265 3515 1310 3584 Et
1333 3512 1372 3585 hi
1389 3537 1535 3610 qnoque
1556 3511 1738 3602 salvandi,
1763 3539 1841 3591 nou

256 3633 429 3709 cumbunt
457 3633 599 3719 risione¹
622 3633 708 3722 Dei,
732 3631 862 3729 inqua
886 3656 977 3706 verae
1004 3631 1233 3706 beatitudinis
1257 3657 1397 3706 summa
1420 3633 1593 3708 consistit.
1624 3634 1669 3704 Hi
1694 3659 1839 3733 quoqne

255 3753 395 3852 pacifici
407 3751 588 3844 dicuntur,
602 3751 665 3849 qni
680 3775 838 3850 pugnam
855 3751 971 3824 carnis
989 3751 1180 3829 maximnm
1198 3776 1262 3850 per
1279 3751 1537 3850 indulgentiam
1551 3753 1707 3851 conjugii
1724 3755 1837 3831 visan-

256 3885 329 3962 tes,
350 3872 379 3944 si
397 3897 442 3944 eo
460 3871 715 3945 rationabiliter
730 3895 772 3944 ec
785 3868 1013 3942 mediocriter
1032 3885 1194 3960 utuntur,
1210 3886 1250 3942 ut
1269 3870 1315 3944 ad
1333 3875 1450 3946 Deum
1467 3897 1612 3971 quoque
1630 3899 1760 3972 pacem.
1773 3875 1838 3956 lm

256 3991 385 4081 beant,
405 4015 514 4088 quem
539 4014 603 4090 per
627 3988 937 4087 intemperantiam
954 4011 1029 4060 non
1048 3987 1247 4062 offendunt.
1276 3989 1379 4062 Unde
1406 4004 1443 4063 et
1469 3990 1549 4064 liliis
1571 3993 1637 4064 Dei
1663 4007 1746 4068 sunt
1774 4017 1837 4091 ug-

126 4164 129 4170 .
256 4111 443 4208 gregandi,
459 4111 522 4208 qui
535 4124 632 4182 nunc
644 4133 710 4208 per
722 4108 905 4180 rincrrlum
919 4107 1135 4180 matrimonii
1153 4108 1285 4181 servire
1299 4109 1452 4182 invicem
1466 4127 1644 4209 coguntur
1656 4113 1766 4186 cerni.
1783 4117 1837 4188 Dc

255 4255 327 4328 qua
340 4230 486 4329 quidem
498 4232 666 4302 servitute
677 4230 914 4324 Hieronymus
931 4226 1138 4326 Apostolum
1151 4226 1280 4302 dirime
1293 4228 1453 4327 iutelligit
1463 4231 1496 4302 ‘r
1516 4234 1837 4310 «Servusvocotns

255 4352 315 4423 ee?
338 4353 478 4424 nonsit
502 4349 564 4423 tibi
583 4373 687 4423 curre.
712 4349 784 4437 Qui
809 4349 906 4420 enim
927 4349 1064 4446 positus
1083 4348 1121 4422 in
1144 4348 1333 4448 conjugio,
1362 4372 1556 4426 conuersus
1580 4367 1635 4432 est
1656 4351 1702 4428 ad
1726 4351 1835 4428 iidem

158 4478 161 4484 '
255 4470 404 4559 Christi,
426 4485 596 4567 tanquam
613 4493 755 4557 servus,
776 4471 853 4540 neo
871 4467 1085 4566 inspirante,
1103 4483 1156 4540 est
1173 4483 1320 4542 vocotus
1337 4483 1373 4544 et
1390 4483 1535 4544 nauus.
1554 4498 1571 4538 u
1596 4471 1742 4570 Quippe⁴
1757 4497 1836 4570 quae

256 4591 371 4687 major
390 4591 540 4662 seruitus
562 4603 615 4663 est
634 4587 809 4677 dicenda,
834 4609 942 4684 quem
965 4601 1004 4658 ut
1024 4588 1160 4686 proprii
1177 4588 1340 4688 corporis
1363 4590 1417 4663 vir
1433 4604 1500 4674 sut
1514 4613 1605 4665 uxor
1625 4605 1835 4688 poscentem

255 4707 499 4798 noe-habeat,
523 4731 590 4780 nec
614 4706 661 4778 ab
679 4731 745 4780 usu
769 4705 886 4778 camis
905 4701 1107 4794 abennem,
1130 4721 1170 4781 ut
1191 4705 1249 4778 vel
1270 4687 1585 4800 ocutioniuacent,
1605 4710 1734 4790 nisiex
1750 4734 1836 4789 oon·

255 4855 380 4920 sensu,
404 4827 560 4927 queant?
586 4828 628 4900 lli
646 4841 765 4899 tamen
781 4825 869 4898 tales
886 4823 951 4900 lilii
966 4826 1032 4898 Dei
1049 4825 1286 4918 vocabuntur,
1303 4853 1416 4927 quum
1436 4829 1572 4912 dehac
1597 4831 1766 4906 seruitute
1789 4833 1837 4904 ad

254 4950 453 5022 libertatem
463 4949 627 5022 venerint
640 4969 803 5045 supernae
816 4945 907 5036 vitae,
921 4943 985 5016 nbi
997 4973 1015 5014 u
1032 4969 1149 5044 neque
1162 4946 1313 5038 nubent,
1324 4973 1441 5047 neque
1454 4948 1648 5042 nubentur,
1659 4950 1721 5024 sed
1732 4967 1837 5028 erum

290 5225 298 5252 ¹
317 5225 353 5276 lte
364 5227 490 5288 clement„
504 5225 538 5288 ll,
550 5239 604 5290 esp.
620 5239 644 5276 r.
654 5246 686 5262 -·
696 5221 707 5248 ¹
718 5221 815 5285 tecue..
826 5237 882 5288 esp.
895 5237 926 5282 u,
938 5237 960 5273 r.
977 5223 1018 5273 u.
1029 5247 1058 5260 -
1070 5221 1081 5249 ⁸
1093 5221 1188 5285 naun,
1202 5236 1258 5290 cap,
1270 5239 1295 5286 r,
1307 5239 1332 5278 r.
1344 5224 1429 5275 t.—‘
1441 5225 1457 5275 Ι
1466 5224 1587 5290 demet„
1600 5239 1657 5294 eug.
1672 5241 1714 5290 su,
1727 5243 1750 5280 r.
1765 5230 1806 5278 m.
