4522 6102
870 675 1107 748 urtsroura.
1719 673 1789 744 ise
1828 762 1832 768 ¹

200 808 393 884 tumultum
409 808 518 881 seculi
542 825 577 882 et
593 810 743 907 plenum
763 813 1016 887 tentationibus
1038 813 1216 886 mundum
1238 813 1429 912 fugientes,
1454 809 1502 882 ad
1526 811 1682 907 quietern
1708 809 1789 884 soli·

201 931 333 1005 tudinis
345 928 517 1001 lectulum
535 953 606 1002 suae
623 932 936 1032 contemplationis
954 935 1205 1025 contulerunt,
1227 948 1267 1006 ut
1280 932 1446 1006 videlicet
1463 935 1541 1004 Deo
1561 931 1700 1029 possint
1719 932 1790 1002 sin-

200 1053 316 1124 cerius
334 1073 471 1122 vacare.
493 1055 571 1149 lpse
588 1077 733 1151 quoque
751 1055 948 1146 Dominus,
970 1055 1016 1128 ad
1035 1080 1144 1153 quem
1162 1053 1281 1127 nullus
1303 1053 1508 1126 tentationis
1535 1065 1654 1123 motus
1675 1075 1790 1122 acces·

201 1197 282 1245 sum
300 1171 476 1258 habebat,
501 1196 567 1243 suo
584 1197 650 1246 nos
676 1173 843 1248 erudiens
862 1177 1049 1275 exemplo,
1083 1200 1197 1272 quum
1217 1174 1335 1272 aliqua
1354 1173 1461 1246 vellet
1482 1195 1586 1270 agere
1612 1171 1788 1270 praecipue

200 1306 335 1366 secreta
353 1291 517 1390 petebat,
548 1307 583 1364 et
609 1294 801 1392 populares
830 1295 1033 1370 declinabat
1055 1295 1238 1368 tumultus.
1270 1295 1361 1368 Hinc
1388 1295 1463 1392 ipse
1484 1293 1661 1364 Dominus
1683 1289 1789 1362 nobis

200 1412 435 1511 quadraginta
455 1411 594 1484 dierum
616 1413 827 1488 abstinentia
844 1415 1032 1490 heremum
1052 1417 1296 1506 consecravit,
1317 1415 1440 1488 turbas
1464 1416 1501 1486 in
1526 1413 1676 1485 heremo
1700 1411 1788 1483 rese·

201 1535 267 1624 cit,
298 1548 334 1606 et
352 1532 399 1604 ad
418 1535 589 1606 orationis
607 1535 798 1632 puritatem
824 1561 899 1609 nou
929 1537 1047 1610 solum
1070 1561 1091 1610 a
1111 1537 1246 1629 turbis,
1273 1536 1524 1610 verumetiam
1546 1532 1593 1606 ab
1617 1531 1789 1631 apostolis

200 1651 402 1724 secedebat.
424 1656 524 1750 lpsos
540 1648 687 1751 'quoque
707 1655 887 1753 apostolos
906 1671 941 1728 et
959 1657 994 1728 in
1015 1671 1138 1728 monte
1157 1681 1319 1730 seorsum
1337 1655 1521 1746 instruxit,
1543 1667 1649 1750 atque
1663 1652 1791 1723 consti·

201 1772 288 1861 tuit,
307 1787 344 1845 et
362 1770 677 1870 transfigurationis
696 1800 768 1848 suae
786 1775 897 1874 gloria
915 1777 1146 1850 solitudinem
1167 1777 1365 1874 insignivit,
1387 1791 1422 1848 et
1440 1771 1656 1848 exhibitione
1674 1793 1791 1841 resur·

201 1892 368 1964 rectionis
388 1917 459 1964 suae
478 1892 673 1993 discipulos
686 1898 925 1968 communiter
937 1898 975 1968 in
995 1912 1118 1969 monte
1129 1895 1336 1988 laetificavit,
1356 1894 1454 1968 etde
1472 1892 1646 1966 montein
1661 1888 1792 1962 coelum

200 2011 384 2102 ascendit,
404 2027 439 2084 et
459 2028 584 2086 caetera
602 2040 824 2114 quaecunque
842 2017 1018 2115 magnalia
1036 2020 1074 2090 in
1102 2017 1353 2091 solitudinibus
1378 2013 1435 2088 vel
1460 2013 1603 2086 secretis
1625 2023 1792 2108 operatus
1890 2017 1894 2024 '

200 2146 254 2202 est
268 2131 369 2204 locis.
392 2133 464 2221 Qui
481 2134 588 2220 etiam
606 2137 717 2234 Moysi
735 2136 791 2209 vel
809 2138 964 2235 antiquis
981 2137 1141 2238 patribus
1155 2139 1192 2211 in
1206 2135 1459 2210 solitudinibus
1469 2157 1663 2233 apparens,
1681 2145 1716 2203 et
1727 2155 1792 2228 per

199 2251 430 2324 solitudinem
447 2251 494 2325 ad
516 2268 647 2327 terram
670 2259 917 2356 promissionis
941 2258 1117 2357 populum
1138 2257 1393 2348 transducens,
1420 2255 1541 2352 ibique
1566 2252 1703 2352 populo
1726 2249 1789 2321 diu

199 2371 348 2444 detento
367 2371 480 2470 legem
499 2373 664 2468 tradens,
687 2401 820 2450 manna
838 2376 986 2476 pluens,
1003 2391 1135 2474 aquarn
1152 2377 1198 2450 de
1216 2393 1317 2476 petra
1331 2377 1511 2466 educens,
1529 2371 1663 2446 crebris
1682 2395 1789 2471 appa·

199 2490 391 2562 ritionibus
404 2493 521 2589 ipsum
535 2494 748 2587 consolans,
771 2511 807 2568 et
817 2497 998 2570 mirabilia
1012 2521 1187 2596 operans,
1204 2511 1367 2596 patenter
1384 2495 1508 2568 docuit
1525 2507 1697 2593 quantam
1714 2489 1790 2587 ejus

199 2611 423 2708 singularitas
440 2613 670 2688 solitudinem
688 2642 756 2715 pro
776 2617 881 2690 nobis
902 2634 1018 2708 amet,
1041 2619 1100 2690 cni
1116 2619 1242 2716 purius
1254 2619 1292 2690 in
1306 2641 1348 2690 ea
1360 2641 1488 2690 vacare
1499 2637 1703 2714 possumus.
1720 2612 1791 2706 Qui

201 2732 309 2804 etiarn
334 2733 532 2806 libertatem
551 2737 697 2833 mystice
716 2739 839 2835 onagri
863 2738 1094 2811 solitudinem
1114 2739 1266 2810 amantis
1289 2736 1479 2835 diligenter
1506 2732 1734 2821 describens,
1759 2745 1792 2802 et

199 2852 433 2926 vehementer
449 2854 673 2952 approbans,
696 2855 743 2928 ad
759 2856 905 2930 beatum
928 2858 996 2930 lob
1014 2856 1195 2955 loquitur,
1219 2856 1387 2930 dioens¹:
1409 2885 1427 2924 «
1445 2856 1533 2942 Quis
1557 2852 1689 2925 dimisit
1706 2872 1794 2922 ona-

199 2995 305 3068 grum
323 2971 495 3065 liberum,
517 2989 553 3046 et
569 2975 713 3047 vincula
738 2975 814 3071 ejus
834 2978 914 3075 quis
934 2975 1066 3050 solvit?
1087 2979 1153 3049 Cui
1171 2976 1256 3049 dedi
1276 2976 1314 3048 in
1336 2973 1528 3048 solitudine
1553 2972 1725 3058 domum,
1757 2985 1792 3038 et

200 3092 430 3166 tabernacula
445 3094 521 3190 ejus
534 3095 572 3166 in
587 3109 679 3167 terra
691 3095 887 3193 salsuginis.
904 3099 1110 3170 Contemuit
1123 3096 1391 3170 multitudinem
1410 3093 1581 3183 civitatis,
1598 3090 1790 3163 clamorem

200 3214 375 3286 exactoris
390 3239 466 3286 non
485 3213 604 3306 audit,
626 3215 868 3314 circumspicit
886 3232 1027 3289 montes
1045 3241 1185 3316 pascuae
1205 3242 1298 3307 suae,
1319 3232 1354 3288 et
1376 3214 1524 3287 virentia
1545 3236 1694 3310 quaeque
1712 3235 1796 3308 per-

201 3334 323 3430 quirit.
343 3361 361 3401 »
385 3337 432 3405 Ac
448 3336 478 3405 si
494 3349 615 3432 aperte
629 3334 742 3406 dicat:
764 3337 851 3423 Quis
874 3335 944 3407 boc
963 3336 1045 3408 lecit
1064 3339 1133 3406 nisi
1148 3336 1244 3432 ego?
1267 3339 1410 3432 Onager
1427 3333 1583 3431 quippe,
1604 3355 1712 3429 quem
1732 3330 1793 3400 sil-

200 3468 360 3526 vestrem
374 3455 514 3526 asinum
537 3479 728 3546 vocamus,
753 3455 953 3528 monachus
974 3471 1048 3542 est,
1065 3457 1128 3552 qui
1138 3454 1351 3527 secularium
1369 3477 1491 3524 rerum
1504 3455 1515 3490 ¹
1528 3451 1679 3524 vinculis
1691 3449 1795 3524 abso·

197 3573 299 3646 lutus
312 3574 358 3646 ad
373 3575 599 3671 tranquillam
618 3576 696 3648 vitae
714 3575 877 3648 solitariae
894 3575 1095 3648 libertatem
1115 3601 1152 3648 se
1171 3573 1343 3666 contulit,
1368 3587 1404 3646 et
1421 3571 1581 3645 seculum
1599 3571 1735 3668 fugiens
1757 3572 1795 3640 in

196 3692 323 3766 seculo
341 3719 416 3766 non
440 3696 621 3768 remansit.
645 3699 737 3766 Hinc
757 3697 794 3767 in
817 3713 911 3768 terra
929 3696 1114 3793 salsuginis
1131 3695 1288 3786 habitat,
1315 3717 1427 3792 quum
1451 3692 1614 3766 membra
1633 3692 1709 3788 ejus
1730 3715 1794 3789 per

196 3813 454 3886 abstinentiam
482 3815 574 3888 siooa
601 3830 739 3887 suntet
759 3814 871 3888 arida.
893 3815 1096 3887 Clamorem
1118 3816 1292 3888 exactoris
1312 3838 1388 3886 non
1410 3812 1529 3903 audit,
1554 3812 1618 3884 sed
1643 3833 1791 3900 vocem,

194 3934 287 4030 quia
306 3936 423 4006 ventri
443 3959 518 4006 non
537 3936 741 4033 superflua,
765 3934 828 4007 sed
843 3936 1040 4008 necessaria
1060 3934 1248 4033 impendit.
1266 3935 1355 4022 Quis
1369 3935 1466 4006 enirn
1481 3949 1554 4006 tam
1568 3934 1795 4031 importunus
1904 3957 1909 3966 ·

191 4069 369 4146 exactor,
390 4069 425 4128 et
440 4055 670 4153 quotidianus
691 4071 836 4128 exactor
852 4081 962 4154 quam
983 4043 1132 4128 venter?
1153 4055 1219 4126 Hic
1242 4054 1458 4146 clamorem,
1487 4053 1525 4126 id
1550 4069 1602 4126 est
1622 4050 1796 4124 immode-

190 4191 317 4248 ratam
336 4177 613 4275 postulationem
641 4178 748 4252 habet
773 4180 811 4250 in
840 4179 1028 4279 superfluis
1056 4193 1092 4250 et
1111 4177 1269 4250 delicatis
1289 4176 1396 4268 cibis,
1425 4179 1463 4248 in
1488 4197 1562 4274 quo
1578 4175 1726 4246 minime
1745 4187 1797 4243 est

188 4297 417 4370 audiendus.
442 4303 581 4372 Montes
601 4325 739 4398 pascuae
758 4315 841 4374 sunt
859 4301 908 4372 illi
928 4301 1007 4373 vitae
1024 4299 1081 4373 vel
1102 4299 1274 4372 doctrina
1293 4297 1500 4370 sublimium
1518 4311 1682 4395 patrum,
1708 4315 1797 4390 quas

188 4419 360 4517 legendo
380 4434 415 4492 et
432 4421 642 4493 meditando
662 4420 854 4494 reficimur.
876 4422 1035 4494 Virentia
1053 4445 1203 4520 quaeque
1222 4419 1309 4493 dicit
1318 4420 1486 4490 'universa
1503 4417 1584 4488 vitae
1601 4413 1750 4487 coelestis
1763 4429 1798 4484 et

185 4539 504 4612 immarcessibilis
525 4541 668 4638 scripta.
690 4541 744 4614 td
768 4541 868 4640 quod
894 4566 961 4614 nos
979 4543 1157 4643 praecipue
1175 4518 1300 4613 beatus
1321 4539 1560 4635 Hieronymus
1579 4533 1792 4622 exhortans,

183 4663 252 4733 sic
273 4658 467 4732 Heliodoro
489 4659 611 4733 scribit
633 4660 844 4734 monacho⁸
870 4690 877 4733 :
909 4691 926 4730 α
943 4667 1181 4762 Interpretare
1197 4657 1413 4732 vocabulum
1438 4653 1625 4746 monachi,
1650 4652 1722 4724 hoc
1744 4665 1796 4722 est

179 4803 341 4853 nomen
359 4793 474 4852 tuum.
494 4780 592 4867 Quid
610 4781 694 4854 facis
710 4782 747 4852 in
765 4780 870 4854 turba
886 4783 950 4879 qui
969 4781 1066 4854 solus
1084 4780 1148 4854 es?
1167 4809 1185 4848 »
1207 4779 1308 4854 ldern
1323 4794 1359 4851 et
1375 4791 1535 4852 nostram
1549 4798 1570 4845 a
1585 4772 1796 4846 clericorum

179 4901 278 4970 vita
294 4897 536 4996 distinguens,
556 4900 602 4974 ad
621 4900 772 4973 Paulum
789 4901 1034 5000 presbyterum
1049 4900 1172 4986 scribit
1189 4899 1248 4972 his
1264 4897 1380 4972 verbis
1396 4901 1407 4936 ⁵
1431 4925 1439 4968 ε
1468 4927 1483 4964 e
1510 4895 1546 4967 Si
1563 4892 1722 4966 officium
1744 4892 1797 4962 vis
1914 4995 1917 5002 Δ

222 5223 233 5248 ·
262 5219 329 5278 lot»,
343 5231 397 5285 cap.
412 5233 488 5270 xxxix
498 5256 506 5282 ,
516 5236 540 5270 v.
555 5221 570 5269 5
582 5231 607 5271 et
615 5236 653 5287 sq.
663 5219 718 5261 ·-·¹
733 5223 841 5274 Virorum
852 5221 872 5272 B
884 5233 909 5273 et
918 5221 966 5274 tts.
976 5221 1048 5274 ltmb.
1057 5248 1075 5259 -
1086 5219 1200 5275 Vitiorum
1213 5219 1262 5272 ldS.
1276 5217 1346 5270 Amb.
1355 5215 1409 5258 -¹
1421 5215 1497 5283 Epist.
1512 5229 1538 5277 v,
1557 5213 1618 5276 Ol’t’·
1632 5221 1653 5262 ¹·
1668 5209 1712 5271 lv·
1721 5209 1764 5259 ⁰⁰¹·
1776 5207 1805 5258 9'..

180 5337 215 5349 -
232 5309 248 5336 ⁴
265 5305 352 5373 Epist.
362 5323 437 5371 mx,
451 5309 513 5375 opp.
523 5317 543 5361 t.
556 5309 597 5372 tt.
610 5309 661 5362 eol.
673 5311 730 5362 tos.
925 5295 931 5308 ¹
1683 5317 1690 5332 “
