4486 6100
465 587 473 612 '
575 641 666 716 cun
691 641 818 714 rarat
843 602 1426 714 mntmut'soturroutuus'.
1716 638 1783 714 aar

213 809 321 885 quem
342 785 483 885 projicit
499 799 625 857 ventus
642 809 663 858 a
678 785 763 858 facie
785 785 909 856 terrm?
929 790 1009 884 Haec
1027 785 1169 874 diceus,
1194 800 1229 856 et
1250 785 1296 856 de
1314 808 1521 882 separans,
1546 806 1629 854 cum
1653 796 1788 854 terrore

213 906 362 1003 cogitet,
386 906 415 977 si
436 903 528 976 forte
545 906 589 976 sit
608 903 659 976 illi
680 927 779 1003 spes,
806 929 853 976 ne
878 904 1071 975 novissime
1090 903 1253 1001 superbia
1275 905 1449 993 vincatur,
1470 927 1548 999 quae
1566 925 1640 972 non
1659 902 1727 972 nisi
1743 900 1791 973 de

213 1021 400 1096 virtutibus
416 1023 624 1122 triumphat.
643 1028 685 1095 Et
706 1047 752 1095 ne
772 1021 959 1096 virtutibus
977 1021 1177 1113 extollatur,
1198 1021 1510 1120 persecutionibus·
1529 1033 1581 1092 est
1599 1017 1791 1092 humilian-

213 1141 304 1214 dus:
319 1155 359 1214 ut
374 1165 440 1242 per
456 1142 662 1241 patientiam
682 1141 883 1236 virtusejus
900 1139 1047 1239 probata
1062 1155 1266 1232 coronetur,
1281 1166 1360 1238 quaa
1378 1131 1500 1239 spiritu
1521 1163 1693 1237 pauperes
1710 1137 1792 1210 lacit

212 1285 317 1334 veros
345 1261 459 1333 mites.
485 1260 591 1332 Dabit
608 1262 714 1360 igitur
730 1261 942 1360 percutienti
969 1286 1006 1332 se
1033 1260 1230 1350 maxillam,
1257 1277 1291 1332 et
1318 1259 1531 1346 saturabitur
1552 1257 1787 1355 opprobriis:

179 1461 181 1466 ,
212 1383 297 1480 quia
313 1383 387 1455 sive
404 1382 524 1473 factis,
545 1383 617 1454 sive
642 1382 757 1454 verbis
778 1382 976 1479 injurietur,
996 1382 1051 1453 his
1073 1397 1244 1479 tanquam
1264 1381 1420 1478 quadarn
1444 1378 1633 1452 dulcedine
1655 1379 1791 1477 saporis

212 1499 410 1582 oblectatus
428 1499 617 1573 reficietur.
638 1505 708 1574 Dat
723 1503 934 1600 percutienti
952 1527 990 1574 se
1010 1501 1205 1590 maxillam,
1226 1503 1288 1598 qui
1299 1527 1366 1599 pro
1386 1505 1462 1571 Deo
1474 1498 1604 1596 gaudet
1616 1497 1785 1594 injuriari.

210 1617 395 1692 Subtrahit
407 1643 426 1690 e
440 1621 620 1692 contrario
633 1619 834 1711 maxillam,
854 1623 915 1718 qui
936 1622 1080 1718 injurias
1102 1620 1243 1718 refugit,
1264 1621 1318 1694 vel
1338 1619 1468 1691 invitus
1484 1619 1628 1716 patitur.
1645 1619 1716 1688 Cur
1730 1639 1791 1688 au·

212 1754 284 1811 tem
299 1739 415 1834 justus
437 1737 590 1812 libenter
610 1739 685 1812 baec
704 1740 847 1830 toleret,
865 1757 900 1812 et
917 1741 953 1812 in
971 1725 1194 1840 passionlbus
1213 1742 1381 1838 gaudeat,
1395 1741 1496 1836 juxta
1511 1736 1599 1808 illud
1621 1736 1720 1833 quod
1744 1736 1791 1808 de

211 1857 383 1956 apostolis
405 1857 540 1930 dictum
572 1863 645 1930 est¹
663 1885 672 1929 ι
692 1887 709 1927 u
726 1859 829 1932 Ibant
850 1861 1043 1958 gaudentes
1066 1885 1087 1932 a
1105 1855 1297 1960 conspectu
1316 1859 1478 1948 concilii,
1504 1857 1673 1954 quoniam
1693 1855 1792 1953 digni

209 1974 321 2047 habiti
332 2050 333 2053 ,
344 1993 427 2048 sunt
445 2001 512 2076 pro
534 1978 682 2050 nomine
700 1982 782 2050 tesu
802 1978 1055 2052 contumeliam
1071 1979 1167 2078 pati?
1181 2008 1198 2048 u
1220 1984 1263 2051 Et
1279 1981 1384 2052 etiam
1406 1976 1633 2076 supponitur,
1654 1989 1689 2046 et
1706 1999 1791 2074 pro-

210 2093 321 2191 pheta
339 2094 430 2166 ait¹z
450 2097 572 2183 «Quia
590 2121 665 2168 non
691 2097 837 2195 repellet
856 2100 893 2168 in
917 2099 1172 2198 sempiternum
1232 2100 1425 2170 ominum»
1451 2095 1624 2194 Repulsus
1642 2117 1662 2166 a
1684 2098 1794 2192 gratia
1843 2109 1853 2128 ·

210 2215 376 2306 Domini,
398 2229 435 2288 et
451 2201 599 2287 miseriis
617 2217 655 2287 iu
675 2217 831 2291 vitahac
849 2219 1029 2316 expositus
1048 2219 1315 2315 videturjustus
1331 2245 1340 2288 ι
1357 2218 1454 2289 urrde
1471 2233 1507 2314 et
1524 2215 1570 2286 de
1587 2215 1667 2314 ipso
1681 2215 1794 2310 justo·

211 2357 292 2430 rum
314 2335 429 2433 capite
447 2336 617 2434 scriptum
636 2339 731 2408 est⁸2
754 2365 772 2405 a
789 2336 1074 2409 Desiderarimus
1093 2363 1177 2409 eum
1193 2337 1400 2436 despectum
1426 2351 1460 2408 et
1485 2337 1720 2410 novissimum
1744 2335 1794 2405 vi·

211 2475 357 2544 rorum,
374 2468 409 2525 et
421 2454 623 2552 putavimus
634 2479 716 2527 eum
728 2455 829 2552 quasi
841 2455 1041 2555 leprosum,
1057 2471 1092 2528 et
1109 2481 1315 2555 percussum
1327 2481 1348 2528 a
1360 2461 1457 2546 Deo,
1474 2470 1509 2528 et
1524 2454 1759 2526 humiliatum.
1774 2449 1792 2520 i

212 2573 266 2644 De
283 2570 355 2644 hoc
372 2571 541 2671 despectu
559 2573 616 2645 vel
640 2575 844 2674 repulsione
861 2577 948 2665 Dei,
968 2601 1079 2672 quum
1098 2601 1165 2648 nos
1183 2579 1220 2647 in
1238 2577 1394 2649 adversis
1421 2601 1495 2648 non
1515 2575 1685 2675 protegit,
1708 2575 1793 2646 scri·

212 2707 317 2790 ptum
335 2696 431 2765 est⁴z
451 2699 598 2786 «Deus,
620 2695 778 2794 repulisti
796 2721 874 2768 nos.
895 2725 912 2764 u
934 2697 1004 2770 Sed
1021 2699 1104 2794 quia
1121 2697 1201 2787 hic,
1222 2713 1262 2768 ut
1287 2697 1422 2769 dictum
1446 2713 1518 2786 est,
1544 2694 1681 2795 repellit
1705 2719 1791 2783 uos,

211 2827 253 2883 ut
278 2812 486 2910 probemur,
514 2838 605 2911 quos
627 2830 708 2912 post
733 2816 918 2888 victoriam
943 2818 1109 2906 assumit,
1132 2833 1172 2888 ut
1195 2841 1435 2889 coronemur:
1453 2841 1533 2914 spes
1557 2815 1790 2904 afflictorum,

210 2955 286 3029 qua
301 2931 540 3031 triumphant,
561 2935 751 3032 exponitur
768 2959 879 3032 quum
899 2935 1073 3006 dicitur⁸z
1093 2965 1108 3002 a
1121 2937 1213 3021 Quia
1226 2921 1300 3006 non
1318 2935 1464 3033 repellet
1480 2936 1516 3005 in
1538 2933 1794 3032 sempiternum

210 3052 408 3143 Dominus;
427 3080 444 3118 u
464 3051 535 3124 boc
553 3068 622 3144 est,
648 3077 770 3152 poenas
794 3052 893 3124 finiet
918 3053 1151 3144 afflictorum,
1175 3055 1236 3150 qui
1265 3077 1387 3152 poenas
1413 3077 1489 3124 non
1515 3051 1613 3124 finiet
1640 3052 1795 3150 affligen-

209 3169 317 3240 tium.
346 3173 391 3242 Et
418 3170 618 3242 notandum
645 3170 745 3268 quod
775 3165 951 3280 meinus
982 3171 1150 3269 apostolis
1180 3195 1316 3243 novum
1347 3186 1596 3243 testamentum
1630 3169 1794 3259 tradens,

207 3313 328 3387 quum
345 3290 382 3361 in
402 3288 549 3361 exordio
568 3292 685 3362 statim
705 3289 751 3361 ad
770 3306 1013 3389 paupertatem
1031 3291 1217 3381 admonet,
1234 3299 1280 3362 ut'
1292 3290 1555 3362 foecunditatem
1573 3295 1794 3362 terrenorum

206 3407 348 3480 coelesti
366 3426 628 3482 commutemus
646 3409 820 3496 felicitate,
836 3423 999 3509 patenter
1010 3411 1342 3482 'remunerationem
1356 3408 1570 3505 Erangeliia
1588 3433 1795 3480 remunera·

207 3532 313 3602 tione
330 3529 417 3628 legis
433 3528 635 3628 distinguit,
656 3555 768 3628 quum
794 3528 842 3600 ibi
860 3523 1076 3622 coelestium,
1097 3530 1156 3601 bic
1182 3547 1405 3603 terrenorum
1433 3545 1570 3601 tantum
1591 3531 1797 3628 promissio·

206 3671 300 3720 nem
324 3647 360 3720 iu
386 3650 710 3721 remunerationem
734 3647 945 3766 obedieffliae
963 3650 1165 3721 constituat.
1186 3649 1344 3722 Camalis
1361 3651 1494 3747 quippe
1512 3647 1666 3747 populus
1691 3650 1797 3720 lsrael

205 3784 357 3842 terrena
380 3769 491 3866 magis
516 3792 623 3865 quam
646 3768 799 3840 coelestia
819 3767 1042 3857 desiderans,
1062 3767 1189 3839 hocin
1210 3768 1497 3840 remuneratione
1520 3767 1675 3865 accepit,
1697 3769 1796 3865 quod

204 3887 328 3985 magis
338 3889 559 3990 concupivit,
580 3902 615 3959 et
629 3875 693 3985 per
710 3911 752 3959 ea
770 3887 813 3958 ad
833 3887 943 3980 magis
956 3884 1205 3957 obediendum
1224 3886 1425 3958 trahendus·
1437 3888 1546 3982 magis
1566 3887 1698 3976 luerat,
1719 3912 1796 3984 quae

202 3991 510 4106 concupiscebat,
532 4001 581 4081 'ut
605 4007 673 4079 hac
695 4007 819 4078 saltem
843 4006 1079 4104 promissione
1102 4029 1306 4104 aperuerso
1337 4005 1575 4078 retraheretur
1602 4030 1733 4104 opere,
1767 4009 1796 4078 si

200 4127 381 4200 nondum
406 4129 545 4200 animus
565 4128 730 4200 mundari
748 4141 887 4224 poterat
904 4124 950 4196 ab
963 4127 1158 4222 iniquitate.
1176 4129 1223 4196 Ut
1239 4125 1335 4212 euim
1358 4126 1545 4224 Apostolus
1563 4127 1610 4197 ait
1622 4127 1654 4196 ⁶:
1672 4127 1795 4198 «Nihil

200 4247 257 4318 ad
289 4248 486 4346 perlectum
511 4247 658 4319 adduxit
682 4247 756 4336 lex,
775 4275 792 4312 u
813 4270 880 4317 nec
900 4245 1153 4343 perlectionem
1176 4244 1301 4316 habuit
1317 4245 1354 4315 in
1377 4245 1576 4343 promissis,
1602 4247 1651 4315 sic
1675 4269 1741 4316 nec
1759 4248 1794 4316 in

94 4369 101 4386 '
197 4369 413 4466 praeceptis.
429 4371 439 4404 ³
457 4397 475 4436 u
493 4369 588 4440 Beati
612 4367 675 4464 qui
699 4365 832 4463 lugent.
863 4370 1030 4436 »Luctus
1056 4363 1206 4436 salubris
1227 4365 1371 4463 proprie
1397 4365 1563 4435 convenit
1589 4364 1792 4453 monachis,

196 4488 291 4557 sive
320 4483 379 4558 ille
409 4487 454 4558 sit
481 4485 695 4585 poenitentiae
715 4485 760 4557 de
778 4497 942 4583 peccato,
972 4483 1044 4555 sive
1068 4482 1247 4572 dilationis
1271 4506 1293 4553 a
1318 4507 1439 4580 regno.
1469 4485 1555 4569 Quae
1580 4481 1653 4553 duo
1681 4481 1794 4578 lacry-

196 4629 357 4678 marum
378 4629 526 4702 genera,
546 4607 581 4676 in
598 4610 686 4696 Ara,
712 4603 783 4676 lilia
803 4603 932 4693 Caleb,
959 4601 1179 4702 praefiguram
1203 4618 1303 4692 suut;
1333 4605 1391 4674 cui
1416 4603 1652 4699 conquerenti
1672 4602 1717 4674 ad
1736 4627 1795 4700 pa·

195 4741 328 4816 mem,
344 4725 445 4823 quod
457 4727 491 4798 ei
505 4739 634 4798 terram
654 4725 789 4798 aridam
805 4723 977 4814 dedisset,
994 4739 1029 4796 et
1042 4725 1210 4822 irriguam
1226 4723 1436 4823 postulanti,
1453 4726 1485 4796 ei
1499 4739 1599 4822 pater
1612 4723 1710 4796 dedit
1723 4740 1795 4796 tarn

194 4847 380 4945 superius
397 4847 569 4944 irriguum
588 4870 696 4943 quam
713 4844 859 4917 inferius
869 4849 892 4916 ⁸.
915 4848 1097 4932 Quantum
1121 4860 1240 4917 autem
1258 4843 1304 4916 de
1327 4845 1479 4943 peccatis
1497 4859 1567 4916 tam
1593 4845 1665 4916 suis
1687 4867 1796 4942 quam

234 5163 327 5214 ‘Act
339 5162 434 5226 Apina,
445 5177 501 5230 cap.
515 5163 611 5225 1,1.11
626 5161 783 5224 -⁸Threa.‚
792 5177 848 5230 cap.
862 5177 903 5226 111,
916 5179 939 5213 r.
950 5167 991 5215 ³1.
1026 5164 1037 5192 ¹
1052 5163 1153 5222 Thrae„
1167 5177 1223 5230 cap.
1238 5179 1278 5224 ur,
1291 5179 1314 5213 v.
1328 5165 1369 5215 at.
1379 5188 1409 5200 -·
1423 5161 1434 5190 ⁸
1447 5163 1533 5222 Helu,
1545 5177 1600 5227 cap.
1614 5135 1701 5224 ru,⁰v.
1718 5165 1754 5212 19.
1768 5189 1795 5198 1-

190 5279 228 5289 -
251 5231 781 5315 'laai.‚cad.tur,r.2.-⁴l²calrn.
804 5250 990 5312 111,1.3.-
1026 5246 1144 5312 τ1111111,
1158 5261 1213 5312 cap.
1226 5245 1486 5308 nub-'Jeme
1502 5259 1559 5311 cap.
1573 5261 1649 5307 xr,r.
1669 5249 1709 5296 ta.
