4510 6108
448 608 520 680 460
1049 609 1179 680 PETRI
1205 607 1440 682 tssAEttuot

448 749 596 822 indutus
617 751 689 822 suis
709 750 766 822 vel
791 749 914 822 alienis
939 750 1118 840 vestibus,
1140 764 1176 822 et
1196 773 1262 849 per
1276 764 1331 820 tot
1357 749 1438 821 loca
1461 763 1536 821 tam
1561 749 1671 848 impie
1696 749 1902 840 distracms,
1921 764 1962 821 ut
1990 753 2034 825 ab

449 872 618 943 omnibus
631 871 744 968 magis
754 870 983 942 illuderetur?
993 872 1073 969 quis
1090 871 1247 967 denique
1263 885 1470 941 sanctorum
1486 869 1622 967 ipsum,
1635 894 1709 966 quo
1725 869 1909 941 necandus
1926 887 2032 959 esset,

449 989 649 1090 patibulum
665 989 824 1087 bajulare
841 991 1047 1090 compulsus
1064 992 1137 1063 est?
1153 990 1249 1078 Quid
1270 990 1316 1064 ad
1333 990 1421 1079 boc,
1446 987 1589 1078 fratres,
1613 989 1827 1085 recogitare,
1845 989 1902 1060 vel
1919 989 2035 1061 dicere

449 1110 626 1199 valemus,
638 1111 706 1182 nisi
722 1110 812 1183 illud
828 1110 1080 1209 propheticum
1091 1112 1129 1182 in
1142 1111 1252 1182 nobis
1259 1134 1400 1208 semper
1413 1109 1658 1204 ingemiscere¹
1674 1136 1682 1179 :
1700 1107 1826 1196 «Quid
1841 1109 2035 1181 retribuam

450 1233 608 1304 Domino
631 1257 698 1330 pro
721 1230 889 1303 omnibus
915 1255 994 1328 quae
1018 1229 1183 1303 retribuit
1209 1229 1323 1301 mitit
1343 1257 1361 1297 u
1384 1243 1420 1300 et
1443 1255 1511 1327 pro
1536 1227 1673 1300 viribus
1698 1228 1830 1300 nostris
1852 1229 1898 1300 ad
1922 1229 2034 1300 vicem

450 1365 557 1422 tantae
577 1351 732 1423 caritatis
757 1352 832 1447 ejus
858 1350 1082 1423 reddendam
1107 1375 1174 1422 nos
1203 1372 1419 1449 praeparare,
1447 1349 1538 1420 sicut
1565 1363 1600 1420 et
1627 1347 1833 1420 subditur’:
1856 1347 2035 1419 «Calicem

450 1469 612 1542 salutaris
629 1471 821 1568 accipiam,
835 1485 903 1541 etc.
920 1499 937 1537 u
956 1470 1065 1556 Quod
1081 1471 1166 1568 quia
1180 1471 1311 1552 virium
1328 1484 1533 1541 nostrarum
1550 1493 1625 1540 non
1643 1483 1712 1557 est,
1727 1483 1768 1539 ut
1783 1467 1931 1540 calicem
1947 1469 2036 1541 saln-

451 1589 536 1660 taris
558 1591 793 1689 accipiamus,
818 1589 889 1660 boc
912 1603 966 1661 est
985 1589 1143 1687 passioni
1167 1593 1249 1660 Jcsu
1274 1587 1446 1687 patiendo
1466 1588 1791 1676 communicemus,
1818 1599 1855 1656 et
1879 1602 2035 1659 nostram

452 1731 598 1806 quoque
619 1733 763 1781 crucem
783 1707 1000 1804 bajulando,
1024 1733 1107 1781 eum
1128 1733 1338 1807 sequamur3
1366 1707 1441 1806 ipse
1465 1732 1530 1779 sua
1546 1708 1657 1803 gratia
1673 1705 1779 1779 nobis
1795 1706 1973 1796 conserat,
1991 1707 2034 1779 ad

453 1828 633 1912 honorem
648 1832 748 1927 cujus
769 1831 901 1929 ipsam,
925 1855 997 1929 qua
1016 1830 1195 1929 redempti
1210 1854 1350 1921 sumus,
1370 1834 1520 1902 Crucem
1542 1829 1600 1900 dic
1616 1853 1830 1901 veneramur
1845 1828 2032 1901 hodierna.

454 1954 580 2022 Amen.

1014 2581 1073 2668 uv
1108 2579 1202 2668 ma
1238 2577 1483 2691 risone.

1143 2835 1256 2882 SERMO
1281 2837 1357 2882 xltl.

505 3019 688 3101 Quantum
717 3013 763 3084 ad
785 3013 1015 3088 devotionem
1041 3014 1098 3086 vel
1119 3013 1296 3088 bonorem
1321 3016 1532 3088 seminarum
1559 3017 1734 3114 paschalis
1761 3019 1928 3094 exultatio
1952 3024 2040 3094 sole·

457 3137 612 3208 mnitatis
636 3137 829 3234 pertineat,
851 3151 923 3208 tam
943 3137 1079 3208 Veteris
1096 3161 1204 3232 quam
1227 3137 1317 3208 Novi
1331 3139 1544 3210 Testamenti
1565 3139 1700 3236 paginae
1723 3155 1906 3214 testantur.
1924 3147 2039 3216 Veteri

455 3257 588 3354 quippe
609 3254 741 3353 pascha
761 3255 797 3325 in
817 3259 969 3354 AEgypto
986 3279 1007 3326 a
1026 3255 1163 3354 populo
1176 3255 1243 3326 Dei
1261 3255 1418 3354 primum
1435 3255 1630 3346 celebrato,
1647 3273 1683 3329 et
1696 3283 1738 3332 ea
1760 3276 1864 3332 nocte
1882 3287 1948 3361 per
1960 3263 2041 3334 sub
2102 3259 2108 3274 '

455 3379 670 3449 mersionem
686 3377 931 3473 AEgyptiorum
948 3374 1112 3448 fidelibus
1124 3375 1295 3466 liberatis,
1311 3377 1489 3448 canticum
1512 3378 1702 3475 gratiarum
1721 3404 1796 3452 non
1816 3381 1931 3454 solum
1951 3386 2038 3473 viri,

455 3498 519 3570 sed
530 3499 638 3570 etiam
648 3497 800 3584 seminae,
815 3511 852 3568 nt
862 3496 1008 3567 Exodur
1019 3513 1151 3587 narrat,
1165 3499 1323 3570 Domino
1336 3497 1556 3596 persolvunt.
1570 3501 1749 3599 Scriptum
1763 3504 1897 3603 quippe
1908 3505 2041 3578 ibidem

456 3619 546 3687 estt:
570 3643 587 3684 u
605 3619 704 3686 Tunc
727 3615 855 3685 cecinit
883 3615 1023 3710 Moyses
1048 3631 1083 3686 et
1107 3611 1168 3688 filii
1196 3615 1302 3689 lsrael
1329 3641 1472 3690 carmen
1500 3617 1571 3688 hoc
1590 3619 1765 3714 Domino,
1788 3637 1824 3695 et
1847 3624 2038 3697 dixerunt:

458 3765 475 3802 «
497 3740 690 3807 Cantemus
709 3733 887 3827 Domino,
903 3734 1055 3838 gloriose
1078 3737 1192 3825 enim,
1214 3751 1280 3810 etc.
1301 3765 1318 3804 u
1338 3737 1406 3810 Ubi
1427 3753 1463 3810 et
1480 3738 1526 3811 de
1542 3756 1649 3811 cantu
1663 3766 1808 3840 quoque
1828 3744 2043 3817 feminarum

456 3879 618 3928 seorsum
631 3853 871 3952 adjungitur⁸z
891 3885 907 3923 a
921 3856 1078 3955 Sumpsit
1091 3881 1177 3954 ergo
1191 3858 1299 3929 Maria
1315 3857 1552 3958 prophetissa,
1571 3885 1673 3932 soror
1686 3866 1816 3955 Aaron,
1832 3878 2061 3964 tympanum·

456 3977 492 4045 in
512 3999 633 4046 manu.
655 3977 878 4071 Egressaeque
899 3989 981 4046 sunt
998 3998 1125 4054 omnes
1146 3975 1312 4048 mulieres
1330 3991 1412 4076 post
1430 4001 1527 4067 eam,
1548 4003 1630 4051 cum
1652 3982 1829 4079 tympanis
1850 3999 1886 4054 et
1904 3982 2042 4069 choris,

456 4095 585 4192 quibus
612 4093 843 4195 praecinebat,
873 4093 1021 4166 dicens:
1047 4099 1275 4168 «Cantemus
1297 4098 1471 4189 Domino,
1493 4098 1645 4196 gloriose
1666 4102 1779 4190 enim,
1798 4115 1866 4174 etc.
1891 4131 1909 4170 »
1936 4103 2045 4191 Quod

455 4215 601 4311 quidem
628 4214 840 4287 seminarum
865 4213 1042 4286 cauticum
1070 4229 1205 4311 quanto
1233 4216 1401 4312 mysterio
1425 4216 1572 4314 plenum
1600 4195 1833 4312 describatur,
1858 4221 2047 4320 diligenter

456 4334 638 4407 attendite.
659 4333 724 4404 Hic
742 4337 875 4431 quippe
892 4334 1019 4424 Maria,
1039 4359 1118 4431 quae
1140 4334 1252 4406 choro
1271 4334 1321 4407 illi
1345 4335 1557 4408 seminarum
1576 4339 1809 4438 praecinebat,
1830 4367 1908 4439 quae
1931 4369 2046 4440 quum

456 4458 572 4527 virum
593 4453 758 4526 babuisse
778 4479 852 4524 non
876 4454 1024 4551 legatur,
1047 4456 1148 4551 virgo
1167 4455 1384 4553 intelligitur,
1405 4473 1444 4530 ut
1470 4483 1545 4530 non
1569 4461 1685 4532 solum
1708 4487 1797 4534 voce
1813 4463 1964 4554 cantici,
1984 4465 2048 4536 sed

457 4577 562 4648 etiam
581 4575 764 4672 privilegio
784 4572 962 4669 dignitatis
979 4575 1119 4671 praeiret
1134 4576 1284 4660 caeteris,
1304 4599 1379 4648 non
1396 4576 1513 4652 solum
1530 4595 1689 4654 cantasse
1705 4598 1939 4673 memoratur,
1954 4585 2050 4655 sicut

458 4699 596 4790 Moyses
608 4693 665 4764 vel
678 4691 850 4791 populus,
867 4691 1048 4765 sedetiam
1067 4695 1259 4792 prophetes
1272 4719 1348 4768 esse
1360 4695 1584 4789 describitur,
1601 4717 1638 4772 et
1653 4715 1863 4799 tympanum
1882 4704 1920 4774 in
1935 4729 2049 4776 manu

457 4813 623 4886 tenuisse.
637 4811 732 4898 Quid
745 4813 842 4883 enim
851 4811 1057 4912 prophetes,
1074 4814 1140 4884 nisi
1154 4814 1278 4886 videns
1291 4814 1565 4915 interpretatur?
1580 4824 1701 4907 Quum
1714 4822 1889 4895 visionem
1903 4841 2049 4914 autern,

457 4932 495 5004 id
520 4945 589 5023 est,
611 4931 863 5004 revelationem
887 4946 1024 5023 cantat,
1046 4933 1105 5003 cni
1130 4933 1322 5005 verborum
1344 4959 1489 5034 quoque
1511 4939 1675 5035 mysteria
1695 4942 1871 5014 Dominus
1891 4943 2049 5035 revelat3

491 5213 500 5242 ⁴
519 5215 711 5279 Psalmcxrfl.
723 5216 898 5270 n.·-·1t›td.
910 5217 962 5255 -⁸
980 5219 1075 5280 fland„
1089 5234 1144 5287 cap.
1157 5236 1199 5280 rr,
1210 5236 1234 5271 v.
1248 5226 1270 5272 1.
1282 5247 1309 5258 -·
1323 5219 1419 5283 ‘lbid.,
1429 5237 1451 5270 r.
1464 5223 1505 5272 20.
