4522 6104
723 498 970 578 'EXPOSl'l'lO
995 504 1040 579 ΙΝ
1063 495 1356 578 ΗΕΧᾹΜΕΒΟΝ.
1766 497 1837 572 649

262 663 361 738 sunt,
380 650 409 720 si
425 664 546 721 tamen
561 660 712 746 possunt
734 645 889 744 probare
909 644 1008 743 quod
1031 645 1155 717 dicum
1175 670 1269 742 :ego
1294 669 1351 716 me
1372 645 1438 714 ista
1462 645 1626 739 ignorare
1652 641 1837 740 profiteor.

263 769 333 840 Sed
351 792 467 866 neque
483 767 571 840 illud
591 781 730 838 certum
750 764 868 836 habeo
888 779 1010 835 utrum
1031 765 1077 837 ad
1098 763 1262 836 eamdem
1285 765 1491 834 societatem
1508 763 1711 860 pertineant
1732 761 1786 832 sol
1806 767 1842 831 et

263 887 346 960 luna
362 902 398 960 et
413 887 546 975 sidera,
565 887 728 984 quamvis
742 883 916 956 nonnulla
933 883 1051 957 lucida
1063 909 1140 956 esse
1157 907 1328 981 corpora,
1343 896 1417 954 non
1432 908 1514 954 cum
1527 907 1632 952 sensu
1644 882 1701 952 vel
1713 879 1842 952 inullis

264 1009 380 1103 gentia
406 1033 482 1080 esse
503 1007 741 1078 videantur.»
764 1004 865 1075 Idem
886 1005 922 1075 in
945 1005 1064 1102 primo
1093 1006 1393 1074 Retractorionnm
1414 1030 1421 1072 :
1444 1031 1462 1069 a
1479 1000 1617 1072 Animal
1638 1027 1713 1072 esse
1735 1002 1842 1072 istum

264 1126 463 1214 mundum,
498 1126 589 1196 sicut
617 1123 717 1195 Plato
745 1122 874 1219 sensit,
902 1121 1032 1218 aliique
1059 1120 1266 1219 philosophi
1290 1121 1458 1218 plurimi,
1486 1144 1551 1190 nec
1579 1119 1719 1189 ratione
1748 1133 1844 1190 certa

264 1244 434 1339 indagare
464 1243 592 1340 potui,
626 1265 693 1312 nec
730 1240 933 1312 divinarum
969 1239 1232 1336 Scripturarum
1265 1239 1476 1311 auctoritate
1504 1237 1710 1335 persuaderi
1741 1262 1846 1334 posse

263 1363 418 1457 cognovi
439 1389 446 1432 :
466 1359 564 1433 unde
580 1359 650 1432 tale
666 1358 801 1455 aliquid
817 1383 839 1429 a
855 1382 913 1430 me
929 1357 1084 1445 dictum,
1105 1356 1205 1454 quod
1226 1359 1338 1455 accipi
1361 1358 1473 1454 possit
1498 1357 1606 1428 etiam
1630 1357 1668 1426 in
1689 1356 1782 1427 libro
1804 1355 1848 1426 de
1924 1450 1926 1454 ι

264 1480 538 1554 Immortalitate
547 1481 679 1550 canimoe
694 1494 828 1550 temere
841 1477 977 1549 dictum
994 1477 1130 1566 notavi,
1147 1499 1222 1548 non
1234 1478 1319 1574 quia
1332 1477 1404 1548 hoc'
1421 1476 1547 1549 falsum
1562 1501 1637 1547 esse
1653 1475 1844 1564 confirmo,

265 1601 328 1672 sed
352 1601 438 1697 quia
463 1624 531 1671 nec
553 1623 679 1670 verum
700 1622 775 1670 esse
796 1596 1068 1695 comprehendo
1091 1596 1191 1694 quod
1213 1599 1259 1669 sit
1278 1597 1410 1668 animal
1429 1598 1597 1668 mundus.
1618 1625 1635 1663 >1
1660 1596 1849 1694 Apostolus

264 1745 410 1818 quoque
433 1733 509 1791 tam
531 1717 687 1790 coelestia
707 1717 900 1806 animalia,
919 1741 998 1814 quae
1014 1715 1102 1788 deos
1122 1715 1330 1814 philosophi
1350 1732 1503 1804 vocant,
1521 1740 1632 1812 quam
1648 1739 1747 1804 aera,
1771 1740 1849 1811 quae

265 1839 446 1911 daemones
462 1837 661 1936 appellant,
681 1837 900 1932 distinguere
915 1835 1069 1908 videtur.
1088 1836 1125 1906 Si
1141 1859 1251 1932 ergo,
1266 1849 1306 1906 ut
1318 1833 1543 1933 philosophis
1559 1837 1674 1905 visum
1693 1849 1765 1923 est,
1784 1858 1851 1906 nec

265 1961 379 2030 sancti
394 1983 540 2056 prorsus
556 1956 716 2030 refellere
732 1972 970 2056 praesumunt,
990 1956 1058 2027 illis
1079 1956 1280 2029 coelestibus
1296 1957 1455 2029 siderum
1475 1955 1689 2054 corporibus
1705 1955 1852 2053 quidam

266 2078 410 2175 praesint
436 2077 603 2175 spiritus,
644 2077 706 2174 qui
746 2100 808 2148 eos
837 2099 983 2147 movere
1010 2075 1065 2146 vel
1094 2077 1226 2172 agitare
1253 2090 1408 2173 queant,
1448 2075 1549 2146 facile
1576 2089 1629 2146 est
1662 2076 1854 2172 propositae

266 2197 470 2293 questionis
492 2196 540 2268 de
563 2211 664 2268 motu
687 2195 913 2293 planetarum
929 2193 1074 2266 solutio.
1101 2195 1163 2266 Sin
1183 2209 1303 2266 autem
1324 2193 1468 2266 aliunde
1496 2194 1702 2266 ordinatum
1727 2193 1795 2265 sibi
1819 2210 1855 2264 et

266 2315 430 2388 stabilem
448 2330 587 2387 motum
603 2313 781 2404 habeant,
799 2312 930 2386 sufficit
946 2313 1017 2384 hoc
1032 2313 1162 2384 divinae
1178 2313 1335 2385 tribuere
1348 2312 1541 2401 voluntati,
1556 2337 1634 2409 quae
1648 2314 1685 2383 in
1703 2315 1854 2410 primor-

267 2434 437 2523 dialibus,
457 2448 496 2505 ut
512 2433 650 2506 dictum
666 2447 739 2522 est,
755 2430 871 2505 oahsis
883 2433 956 2504 vim
978 2446 1113 2504 naturae
1128 2430 1303 2524 obtinuit,
1322 2447 1358 2504 et
1373 2432 1474 2528 juxta
1497 2431 1696 2521 Platonem,
1720 2433 1756 2501 in
1777 2456 1854 2502 om-

267 2552 374 2624 nibus
391 2550 588 2624 efficiendis
603 2551 756 2624 validior
771 2561 841 2660 ει,
861 2575 971 2648 quam
987 2552 1064 2650 ipsa
1080 2577 1200 2623 rerum
1216 2567 1417 2624 creatarum
1434 2551 1604 2623 naturalis
1621 2548 1779 2622 facultas.

315 2673 407 2742 Sunt
421 2671 484 2767 qui
500 2674 729 2742 astronomiae
745 2669 949 2741 doctrinam
965 2684 1072 2766 atque
1084 2671 1200 2768 ipsam
1216 2671 1290 2742 vim
1306 2685 1485 2741 astrorum
1498 2671 1690 2740 intantum
1708 2670 1857 2743 efferant

267 2805 304 2862 et
324 2789 513 2879 extollant,
536 2805 577 2862 ut
605 2814 648 2862 ex
672 2791 758 2888 ipsis
780 2791 888 2863 etiam
908 2791 1154 2886 contingentia
1180 2789 1298 2862 futura
1322 2792 1528 2888 praesignari
1553 2805 1704 2887 queant,
1733 2771 1769 2862 el
1793 2815 1858 2888 per

268 2909 362 2982 hanc
374 2925 488 2981 artem
502 2908 547 2980 de
560 2909 615 2981 his
627 2933 773 3006 quoque
785 2933 822 2980 se
831 2907 993 3004 judicare
1005 2907 1203 2998 fateantur,
1219 2933 1297 3006 quae
1310 2923 1446 2980 naturae
1457 2910 1639 3005 incognita
1649 2909 1856 3007 philosophi

268 3025 501 3126 profitentur,
525 3041 697 3134 tanquam
720 3029 797 3123 ipsa
816 3025 983 3098 videlicet
1002 3041 1097 3099 astra
1117 3028 1155 3098 in
1176 3029 1278 3122 signa
1299 3027 1370 3098 sint
1393 3026 1612 3117 futurorum,
1641 3053 1715 3100 non
1738 3027 1855 3100 solum

272 3147 509 3236 naturalium,
536 3161 577 3218 ut
600 3145 774 3235 diximus,
800 3171 925 3218 verum
951 3147 1059 3218 etiam
1084 3148 1395 3244 contingentium,
1424 3149 1515 3219 sicut
1542 3147 1591 3219 illi
1617 3151 1852 3222 mentiuntur.

271 3267 450 3341 Naturalia
466 3291 554 3340 vero
572 3266 691 3339 futura
706 3266 894 3355 dicuntur,
915 3291 994 3363 quae
1006 3291 1154 3338 causam
1170 3267 1327 3365 aliquam
1343 3268 1543 3340 naturalem
1559 3271 1613 3340 sui
1629 3286 1779 3341 eventus
1795 3271 1856 3342 ha·

269 3389 374 3476 bont,
394 3403 434 3460 ut
449 3413 491 3461 ex
508 3386 565 3458 his
580 3411 659 3485 quae
675 3385 882 3485 praecedunt
897 3401 1070 3482 tanquam
1087 3385 1304 3483 quibusdam
1321 3386 1542 3460 naturalibus
1562 3390 1617 3460 sui
1634 3391 1749 3460 causis
1765 3413 1853 3460 con·

270 3509 408 3602 tingere
423 3505 599 3594 habeant,
614 3519 653 3577 ‚et
667 3506 720 3577 sic
735 3505 786 3576 eis
802 3503 972 3601 adjuncta
986 3505 1074 3593 sint,
1088 3519 1129 3576 ut
1140 3507 1199 3575 vix
1215 3520 1276 3577 aut
1288 3519 1475 3602 nunquam
1490 3505 1557 3578 illis
1573 3507 1855 3604 precedentibus

270 3626 345 3698 haec
362 3625 447 3699 inde
463 3626 671 3721 contingere
687 3626 800 3723 possit
816 3624 982 3723 impediri
1002 3653 1010 3695 ε
1030 3625 1128 3696 velut
1143 3627 1270 3697 mortis
1291 3623 1479 3698 dissolutio
1496 3626 1613 3722 futura
1631 3629 1667 3698 in
1690 3630 1853 3727 proximo

256 3731 353 3841 ⁴post
376 3769 557 3816 venenum
577 3744 811 3831 exhaustum,
829 3742 887 3813 vel
907 3742 1029 3839 pluvia
1047 3756 1131 3839 post
1151 3744 1368 3831 tonitruum,
1387 3745 1443 3816 vel
1467 3745 1630 3817 sterilitas
1651 3762 1753 3819 terrae
1773 3762 1856 3846 post

272 3863 420 3934 nimiam
444 3862 691 3934 aestuationem
710 3860 767 3934 vel
791 3861 1048 3932 immoderatos
1071 3859 1216 3932 imbres.
1245 3862 1496 3958 Contingentia
1520 3889 1606 3936 vero
1629 3866 1755 3943 futura
1772 3878 1855 3938 sunt

272 4007 351 4079 quae
370 3983 421 4054 sic
441 3979 622 4078 aequaliter
642 3979 689 4052 ad
711 3979 787 4052 lieri
811 3994 848 4051 et
871 4005 947 4050 non
968 3978 1044 4050 fieri
1064 4003 1140 4050 sese
1161 3977 1314 4068 habent,
1338 3995 1378 4052 nt
1402 3981 1500 4054 nulla
1521 3984 1556 4053 in
1579 4007 1698 4054 rerum
1720 3961 1854 4057 naturis

272 4122 378 4172 causa
400 4099 594 4198 praecedat,
612 4099 711 4170 unde
727 4099 803 4196 ipsa
819 4095 896 4172 fieri
912 4095 968 4170 vel
985 4123 1059 4170 non
1077 4095 1154 4169 lieri
1175 4095 1379 4194 cogantur,
1393 4125 1460 4171 nec
1480 4125 1522 4172 ex
1545 4093 1672 4198 aliquo·
1681 4106 1855 4201 praenosci

273 4232 398 4314 queat,
421 4232 543 4290 utrum
564 4217 624 4296 illa
640 4219 851 4314 contingere
872 4215 1029 4288 habeant
1047 4215 1104 4288 vel
1123 4242 1216 4306 non,
1240 4218 1331 4289 sicut
1351 4242 1409 4290 me
1429 4217 1538 4290 hodie
1562 4219 1736 4292 lecturum
1757 4245 1851 4312 esse,

274 4352 310 4409 et
326 4361 561 4434 quaecumque
576 4351 652 4409 tarn
673 4335 788 4409 facere
808 4338 918 4434 quam
935 4335 1114 4408 dimittere
1135 4337 1171 4406 in
1193 4337 1306 4409 nostri
1329 4335 1465 4408 arbitrii
1482 4338 1644 4409 consistit
1664 4353 1851 4436 potestate.

274 4461 365 4530 Sunt
384 4459 504 4555 itaque
525 4457 643 4529 futura
668 4456 833 4554 quaedam
856 4455 1031 4529 naturalia
1055 4471 1092 4528 et
1112 4457 1215 4556 quasi
1234 4456 1470 4530 determinata
1495 4458 1531 4528 in
1557 4459 1628 4528 suis
1649 4457 1852 4548 eventibus,

276 4601 388 4673 quum
405 4601 447 4648 ex
464 4575 583 4674 aliqua
599 4575 752 4648 naturali
768 4576 999 4672 adjunctione
1009 4575 1055 4648 ad
1066 4576 1306 4674 praecedentes
1317 4577 1372 4648 sui
1383 4601 1507 4649 causas
1518 4579 1690 4675 praenosci
1702 4593 1852 4675 queant,

276 4721 317 4769 ac
335 4721 399 4794 per
420 4696 492 4770 hoc
511 4698 587 4793 jam
608 4713 743 4770 naturae
759 4721 836 4769 esse
851 4697 1001 4794 cognitae
1017 4691 1202 4785 dic‘untur,
1226 4698 1317 4770 sicut
1340 4699 1462 4770 omnia
1478 4723 1556 4795 quae
1571 4702 1756 4797 prasentia
1772 4715 1856 4772 sunt

275 4814 332 4886 vel
353 4816 541 4912 praeterita.
560 4818 682 4902 Quum
699 4817 796 4888 enim
808 4817 884 4913 jam
899 4817 937 4887 in
954 4817 1118 4913 praesenti
1134 4817 1179 4888 sit
1202 4817 1279 4914 ipsa
1295 4833 1389 4891 astra
1404 4841 1480 4888 esse
1498 4817 1597 4914 paria
1610 4818 1666 4889 vel
1687 4841 1763 4889 esse
1780 4843 1854 4888 non

276 4935 393 5032 paria,
412 4959 478 5007 nec
488 4933 600 5016 ‚nobis
616 4937 801 5032 cognitum
817 4937 862 5012 sit
878 4934 966 5034 quid
982 4935 1114 5007 horum
1127 4937 1204 5032 jam
1218 4937 1280 5026 sit,
1302 4937 1420 5035 ipsum
1440 4952 1559 5011 tamen
1582 4953 1716 5011 naturae
1732 4943 1855 5038 cogni·

172 5155 178 5166 ι
277 5067 355 5128 tum
373 5078 449 5132 esse
465 5053 608 5126 Boetius
624 5055 759 5136 asserit,
776 5058 898 5142 Quum
911 5056 986 5151 jam
1001 5054 1166 5128 videlicet
1183 5057 1219 5128 in
1237 5057 1322 5152 ipsis
1338 5058 1439 5130 astris
1455 5058 1498 5128 sit
1517 5083 1685 5131 numerus
1701 5060 1779 5131 talis
1795 5063 1855 5157 qui

396 5189 406 5234 r
1698 5186 1735 5244 82
