4606 6106
457 593 531 666 aaa
927 588 1055 659 rarat
1083 561 1315 660 tumulant
1341 583 1578 657 srrsroun.

458 760 539 806 rum
557 733 681 804 lluant.
701 759 717 800 u
738 730 847 817 Quasi
866 729 950 834 lons,
961 730 1061 826 origo
1079 729 1352 801 translationum
1368 729 1555 827 Scripturae
1572 739 1655 798 sunt
1674 725 1759 817 illae,
1779 751 1799 797 a
1821 727 1950 824 quibus
1967 733 2043 831 ipse

335 841 336 844 ¹
458 855 578 946 luerit3
602 868 638 925 et
663 853 734 924 cito
758 849 1025 941 translationes,
1047 836 1217 948 tanquam
1244 849 1452 940 mendaces,
1476 846 1624 945 repulsae
1647 845 1837 940 deficiunt,
1857 851 1887 920 si
1909 849 1955 922 ab
1972 855 2042 924 ori-

458 977 539 1074 gine
558 997 620 1046 sua
639 973 801 1064 deviare,
826 986 860 1044 et
881 970 928 1044 ad
945 973 1059 1071 ipsam
1080 996 1144 1071 per
1164 971 1395 1062 concordiam
1409 993 1590 1042 recurrere
1607 993 1681 1040 non
1700 967 1909 1068 probentur.
1937 978 1979 1045 tt
1997 998 2042 1046 ne

458 1093 503 1166 ad
523 1092 645 1164 omnia
664 1115 778 1164 unum
796 1091 893 1162 hunc
914 1093 1144 1188 interpretem
1165 1090 1327 1162 sufficere
1351 1089 1559 1176 credamus,
1581 1104 1751 1184 tanquam
1775 1091 1908 1188 peritiae
1929 1094 2043 1192 perfe-

457 1213 613 1284 ctionem
634 1210 679 1283 de
703 1210 849 1311 singulis
875 1211 1065 1309 adeptum,
1094 1211 1247 1282 maxime
1264 1211 1301 1281 in
1323 1209 1512 1300 hebraico,
1537 1209 1599 1282 ubi
1624 1209 1722 1305 apud
1748 1233 1815 1282 nos
1835 1213 2043 1309 praeminere

458 1333 605 1422 dicitur,
626 1331 735 1430 ipsius
753 1355 859 1428 super
880 1328 952 1400 hoe
969 1329 1213 1401 testimonium
1240 1329 1445 1414 audiamus,
1471 1354 1518 1400 ne
1539 1329 1620 1427 plus
1639 1331 1672 1403 ei
1691 1353 1801 1429 quarn
1819 1329 1950 1404 habeat
1976 1333 2042 1404 im·

457 1468 582 1553 putare
600 1475 867 1551 praesumamus.
889 1449 1018 1522 Scribit
1033 1473 1141 1547 super
1159 1446 1230 1520 hoc
1243 1449 1289 1519 ad
1303 1449 1545 1520 Domnioncm
1559 1464 1595 1521 et
1610 1451 1854 1547 Rogatianum,
1872 1464 1907 1522 et
1920 1467 2043 1524 eontra
2151 1474 2157 1481 ·

458 1583 719 1660 accusatorem,
747 1568 804 1641 his
831 1567 947 1641 verbis
973 1596 980 1637 :
1006 1597 1023 1635 a
1042 1572 1132 1657 Nos,
1162 1567 1226 1665 qui
1251 1565 1399 1638 bebraeoe
1420 1566 1548 1664 liuguae
1564 1567 1688 1640 saltem
1707 1591 1853 1666 parvam
1871 1568 2046 1644 babemus

457 1691 660 1780 scientiam,
683 1703 717 1760 et
737 1687 867 1776 latinus
887 1686 991 1758 uobis
1008 1701 1191 1782 utcunque
1208 1711 1325 1758 sermo
1347 1710 1422 1759 uon
1445 1685 1567 1777 deest,
1592 1687 1689 1759 etde
1707 1687 1907 1787 aliisniagis
1920 1715 2045 1790 possu-
2079 1673 2081 1676 ⁵

457 1836 537 1883 mus
553 1809 730 1906 judicare,
760 1823 796 1881 et
813 1832 873 1898 ea,
897 1832 976 1905 quae
996 1807 1062 1906 ipsi
1080 1805 1328 1904 intelligimus,
1350 1807 1387 1878 in
1415 1820 1537 1879 nostra
1563 1805 1681 1904 lingua
1704 1832 1882 1907 promere.
1905 1838 1923 1876 u
1949 1810 2044 1884 Felix

459 1929 519 2003 illa
535 1929 655 2001 anima
671 1943 741 2020 est,
762 1953 840 2025 quae
856 1927 893 1998 in
911 1925 988 2025 lege
1008 1925 1154 1998 Domini
1172 1925 1347 1998 meditans
1359 1924 1417 1997 die
1442 1949 1484 1998 ac
1506 1940 1629 2017 nocte,
1653 1950 1943 2026 unamquamque
1961 1932 2045 2001 scn‘·

460 2063 602 2148 pturam
615 2050 651 2119 in
669 2049 748 2148 ipso
768 2063 847 2120 ortu
868 2046 975 2118 fontis
990 2047 1091 2144 quasi
1104 2047 1329 2143 purissimam
1344 2068 1474 2144 aquam
1492 2045 1634 2119 haurire
1653 2049 1793 2144 satagit,
1811 2071 1858 2120 ue
1871 2049 1967 2120 rivos
1979 2074 2043 2147 per

460 2168 597 2240 diversa
616 2169 877 2259 discurrentes,
900 2166 1125 2239 turbulentos
1146 2192 1214 2266 pro
1236 2166 1338 2238 elaris
1356 2191 1421 2265 per
1442 2167 1678 2264 ignorantiam
1701 2167 1757 2239 vel
1781 2167 2042 2267 impossibilita-

460 2304 532 2360 tem
551 2303 686 2379 sumat,
707 2304 743 2360 et
755 2287 855 2385 quod
866 2286 1025 2376 biberat,
1042 2311 1208 2362 evomere
1228 2301 1387 2385 cogatur.
1409 2287 1546 2359 Deiecit
1560 2287 1636 2383 jam
1651 2286 1789 2360 dudum
1806 2287 1878 2360 lioc
1890 2292 2044 2388 peragri-

461 2433 588 2480 narum
605 2408 806 2504 linguarum
824 2409 908 2478 viris
927 2406 1105 2497 studium,
1134 2421 1169 2478 et
1190 2431 1273 2478 cum
1293 2405 1507 2504 negligentia
1529 2406 1748 2499 litterarum,
1780 2409 1923 2482 scientia
1941 2411 2044 2507 periit

461 2553 596 2600 aarum.
623 2528 730 2617 Quod
749 2529 784 2599 in
807 2528 890 2600 viris
914 2527 1119 2616 amisimus,
1142 2527 1178 2599 in
1200 2526 1338 2600 feminis
1361 2552 1637 2627 recuperemus,
1660 2543 1696 2599 et
1717 2527 1764 2600 ad
1779 2530 1938 2601 virorum
1963 2554 2046 2602 con·

334 2733 336 2737 ι
460 2646 749 2737 damnationem,
769 2662 803 2720 et
818 2647 971 2718 fortioris
993 2671 1096 2718 sexus
1110 2645 1306 2742 judicium,
1327 2672 1469 2720 rursmn
1482 2648 1602 2746 regina
1617 2648 1732 2719 Austri
1747 2649 1956 2748 sapientiam
1970 2652 2045 2722 veri

461 2768 661 2840 Salomonis
679 2768 716 2840 in
735 2766 838 2839 vobis
856 2767 1028 2864 exquirat.
1052 2768 1118 2837 Cui
1137 2781 1235 2838 tanto
1260 2767 1370 2864 magis
1380 2791 1535 2866 'operam
1553 2768 1639 2839 dare
1661 2768 1825 2866 potestis,
1847 2783 1982 2866 quanto
2008 2770 2044 2840 in

462 2913 570 2986 opere
580 2913 751 2960 manuum
764 2887 881 2958 minus
896 2885 1068 2958 moniales
1079 2910 1189 2983 quarn
1201 2885 1367 2958 monachi
1381 2885 1556 2959 desudare
1569 2901 1732 2984 possunt,
1748 2902 1837 2960 etex
1851 2889 1914 2960 otii
1927 2891 2045 2985 quiete

461 3022 566 3105 atque
587 3006 790 3080 infirmitate
808 3020 943 3078 naturae
964 3003 1099 3077 facilius
1119 3007 1156 3076 in
1171 3007 1404 3079 tentationem
1417 3005 1500 3104 labi.
1526 3005 1630 3077 Unde
1650 3021 1685 3079 et
1704 3007 1905 3108 praemissus
1918 3006 2045 3080 doctor

461 3127 497 3196 iu
516 3141 669 3198 vestram
688 3124 890 3198 doctrinam
909 3139 943 3196 et
961 3123 1245 3196 exhortationem
1264 3125 1479 3224 praecipuus,
1506 3139 1579 3197 tam
1592 3125 1730 3224 scriptis
1749 3151 1858 3223 quam
1876 3127 2046 3226 exemplis

462 3244 622 3317 laborem
639 3260 799 3316 vestrum
820 3242 866 3316 ad
883 3243 1041 3318 studium
1061 3243 1182 3315 incitat
1202 3243 1423 3316 litterarum:
1446 3245 1663 3318 maximone
1684 3247 1871 3318 occasione
1886 3245 2045 3320 discendi

463 3366 555 3436 vires
576 3388 737 3461 unquam
751 3363 857 3435 acciri
875 3363 1114 3434 necessarium
1134 3364 1198 3455 sit,
1220 3376 1281 3435 aut
1306 3363 1433 3436 frustra
1455 3389 1608 3464 corpore
1627 3365 1769 3438 intentae
1791 3366 1932 3438 animus
1954 3366 2045 3438 foras

465 3497 652 3580 evagetur,
669 3497 704 3557 et
718 3479 841 3554 relicto
862 3505 1019 3578 sponso,
1041 3480 1235 3554 fornicetur
1252 3506 1336 3554 curn
1355 3481 1506 3559 mundo.
