4486 6100
565 867 712 926 LXXVII.

397 1035 445 1090 Est
458 1036 488 1090 in
501 1034 590 1089 Rama

399 1126 462 1182 Vox
477 1124 570 1180 audita

396 1215 501 1270 Rachel
515 1216 624 1284 flentis,

398 1305 487 1378 Super
501 1315 580 1360 natos

398 1395 562 1450 Interiectus
621 1403 624 1412 '

384 1531 385 1534 ,
399 1483 543 1556 Ejnlantis.

399 1637 527 1690 Lacerata

398 1725 496 1780 Jacent
507 1725 632 1804 membra

399 1815 595 1884 parvulorum,

399 1903 434 1957 Et
446 1913 503 1958 tarn
515 1905 586 1961 lacte

401 1993 493 2063 Quam
507 2013 607 2050 cruore

399 2083 504 2154 Rigant
516 2082 646 2138 humum.

400 2233 452 2286 His
467 2233 632 2308 incumbens

401 2321 478 2378 Orba
491 2340 604 2396 parens,

401 2409 539 2481 Ejulando

401 2500 558 2558 Reaollecta

402 2591 488 2647 Fovet
501 2591 603 2648 {instra

402 2683 471 2738 Sinn
484 2684 531 2755 pio
540 2686 559 2736 ¹.

403 2851 509 2906 Fundit
522 2861 635 2925 pectus,

404 2941 513 2996 Scindit
526 2943 602 2997 sinus

404 3031 498 3086 Caecus
510 3032 589 3086 furor

406 3123 498 3193 Quem
511 3133 652 3178 maternus

406 3212 442 3266 Et
454 3213 593 3267 humanus

406 3303 483 3357 Facit
495 3320 582 3357 amor.

407 3453 550 3508 interiecti

407 3545 478 3598 Sunt
490 3545 587 3604 inviti.

409 3634 461 3690 Sed
475 3652 526 3708 pro
539 3635 593 3688 vita

410 3725 573 3780 Meritorum

409 3816 474 3870 Fuit
488 3815 612 3884 nulium,

408 3907 515 3961 Merces
527 3905 624 3960 multa.

410 4073 514 4126 Merces
528 4075 587 4144 ipsa

409 4163 476 4217 Fuit
487 4163 542 4216 vita
552 4204 559 4228 ‚

410 4252 502 4322 Quam
516 4253 609 4324 stipsi

303 4357 310 4368 ·
409 4341 573 4408 Moriendo,

408 4431 473 4486 Non
486 4430 641 4506 loquendo,

410 4521 483 4576 Sunt
496 4519 624 4576 confessi.

493 4705 495 4708 ’
573 4709 733 4766 Lxxvltt.

358 4872 485 4942 Scutnm,
498 4871 582 4935 Deus,
597 4873 738 4938 omnium,

359 4963 394 5016 Et
407 4979 509 5016 corona
521 4971 693 5034 martyrum,

359 5053 428 5107 Tam
444 5069 524 5106 causa
536 5053 720 5106 certaminum

288 5271 298 5296 ⁴
326 5269 396 5319 Cod.
415 5275 450 5319 sic
464 5273 542 5330 supin.
557 5291 591 5306 -·
607 5265 670 5316 'Sic
681 5267 741 5317 eod.

820 679 823 686 ’
941 661 1145 736 ctfltttttt.

820 763 842 798 Ο

1065 812 1079 839 '
1131 797 1136 808 ’
1157 807 1249 876 Quam
1262 807 1353 880 palma
1365 807 1548 874 certantium,

1155 896 1210 952 Per
1221 897 1342 951 inermes
1354 894 1483 966 dimicas,

1155 987 1192 1042 Et
1202 996 1323 1042 armatos
1334 1003 1456 1060 superas.

1157 1077 1238 1131 Intus
1250 1095 1326 1131 arma
1339 1075 1471 1146 fabricas,

1159 1164 1270 1235 Quibus
1279 1177 1387 1240 pugnat
1400 1167 1509 1222 caritas.

1142 1305 1194 1360 His
1207 1305 1308 1360 confisa
1321 1304 1393 1361 bene
1407 1305 1496 1361 virtus

1142 1394 1258 1450 Nudum
1271 1394 1345 1450 hosti
1358 1394 1463 1469 prebet
1475 1405 1588 1470 peetus,

1211 1479 1303 1549 Quam
1316 1497 1332 1532 a
1345 1477 1450 1535 dextris

1211 1569 1248 1622 Et
1260 1568 1379 1624 sinistris

1230 1659 1378 1725 tinniunt,

1211 1750 1237 1803 A
1250 1748 1353 1803 laesuris

1212 1838 1355 1893 Universis

1228 1928 1396 2000 Protegnnt.

1214 2017 1247 2071 ln
1260 2017 1333 2072 hanc
1345 2035 1444 2092 pugnas

1213 2108 1442 2180 Quantaecunque

1231 2198 1367 2264 Serviunt,

1215 2287 1285 2359 Spes
1297 2303 1436 2351 securam,

1216 2376 1298 2432 Fides
1310 2386 1414 2432 oeream

1233 2468 1360 2524 Faciunt.

1163 2638 1218 2693 Per
1229 2639 1301 2692 hanc
1318 2648 1415 2710 pectus
1427 2638 1575 2708 martyris,

1165 2731 1265 2786 Turris
1277 2728 1452 2787 fortitudinis

1164 2822 1199 2876 ln
1211 2819 1320 2876 cunctis
1333 2819 1463 2892 periculis

1165 2909 1293 2967 Persistit
1304 2909 1465 2965 immobilis.

1166 3002 1324 3074 Eriguntur
1335 2999 1469 3055 machina

1166 3091 1241 3146 Hinc
1256 3089 1333 3145 illine
1344 3090 1509 3154 innnmerae3

1166 3181 1336 3254 Diriguntnr
1347 3196 1431 3234 saxea

1166 3269 1254 3326 Moles
1266 3269 1296 3324 in
1309 3269 1383 3324 hane
1395 3267 1529 3342 undique.

1150 3441 1263 3514 Pugnat
1275 3439 1367 3495 thoris
1377 3439 1523 3496 *mundns
1532 3450 1625 3511 extra,

1150 3529 1246 3586 Salvat
1256 3545 1330 3585 nnus
1343 3529 1418 3585 Deus
1430 3531 1514 3586 intra.

1220 3619 1320 3691 Ferro,
1335 3619 1455 3676 flammis
1600 3605 1605 3614 ⁵

1220 3710 1316 3765 Cacus
1328 3711 1417 3766 hostis

1204 3808 1206 3812 '
1239 3800 1373 3866 Savienu

1221 3890 1349 3945 Noscant
1361 3890 1437 3944 intus

1223 3980 1292 4050 Qne
1304 3980 1342 4034 sit
1352 3979 1441 4034 virtus

1240 4069 1405 4141 Pr'otegens.

1222 4159 1344 4214 Crebros
1356 4159 1428 4212 ictus
1439 4217 1441 4220 ,

1222 4249 1276 4304 Dat
1290 4247 1409 4303 assultus
1438 4281 1441 4288 ·

1240 4339 1415 4408 Vehemens,

1224 4429 1279 4486 Sed
1290 4440 1332 4486 est
1343 4429 1419 4484 intus

1223 4521 1275 4576 Dei
1287 4523 1375 4576 virtus

1240 4610 1402 4667 Praevalens.

1172 4778 1260 4836 Multa
1274 4788 1353 4844 sunt,
1372 4786 1550 4852 magnasunt

1169 4870 1204 4923 In
1214 4877 1321 4923 sanctos
1333 4865 1442 4940 prelia3

1173 4957 1229 5014 Sed
1241 4956 1382 5032 pausare!
1396 4975 1478 5031 parva

1173 5035 1319 5118 Quantum
1330 5046 1366 5102 ad
1379 5050 1499 5121 premia.
