4590 6106
943 579 1088 651 NOTAE.
1758 577 1806 650 43

224 723 272 770 aut
283 715 393 787 potius,
408 723 441 768 ut
451 714 512 786 ipse
524 713 581 781 ait,
594 723 683 768 castra
697 723 820 783 teneret,
840 713 920 770 litem
931 716 1083 790 aliqnando
1101 716 1200 772 habuit
1220 733 1286 772 curn
1302 715 1427 772 Gosvino
1440 715 1581 790 quodam,
1603 716 1728 790 magistri
1744 720 1807 774 Jos·

222 809 278 865 leui
293 806 444 883 disn'pulo,
462 824 546 881 qnam
561 808 600 863 sic
613 815 709 862 narrat
720 817 817 864 auctor
831 809 904 865 Vita
916 809 1041 882 ejusdem
1055 827 1225 881 anonymus,
1239 808 1406 878 Alexander,
1421 819 1453 868 ut
1467 809 1600 877 creditur,
1615 809 1698 866 abbas
1711 813 1808 885 acqui-

223 903 389 973 cinctensis,
405 899 479 974 apud
499 901 576 956 dom.
591 901 683 972 Brial,
697 901 832 973 Scriptor.
847 921 940 958 rerum
954 904 1061 976 gallic,
1073 913 1095 958 t.
1109 902 1191 970 xlv,
1205 921 1233 976 p.
1246 905 1367 962 tta-lta
1381 928 1387 958 :
1404 927 1417 954 a
1431 905 1512 960 Tunc
1523 905 1658 976 temporis
1674 905 1807 976 magister

224 998 325 1052 Petrus
331 993 505 1061 Ahailardus,
516 994 610 1049 multis
619 995 671 1050 sibi
684 993 856 1050 scholaribus
867 996 1071 1070 aggregatis,in
1082 994 1202 1050 clasutrn
1212 995 1318 1052 Sancte
1328 996 1475 1052 Gmorefe
1488 995 1580 1052 schola
1589 995 1700 1069 publica
1708 997 1806 1054 uteba·

224 1099 286 1154 tur;
298 1088 346 1162 qni
359 1085 479 1160 probate
492 1085 606 1160 quidem
620 1087 755 1156 scientie,
770 1087 897 1143 sublimis
906 1087 1086 1162 eloquentia,
1102 1087 1151 1144 sed
1163 1087 1353 1144 inauditorum
1363 1098 1424 1149 erat
1435 1089 1564 1146 inventor
1576 1098 1605 1144 et
1617 1099 1737 1146 assertor
1754 1107 1806 1144 no·

224 1182 354 1247 vitatum;
369 1189 398 1234 et
411 1195 473 1233 suas
485 1197 609 1252 quarens
622 1189 744 1235 statuere
756 1181 921 1249 sententias,
937 1192 996 1237 erat
1008 1181 1126 1238 aliarum
1142 1181 1321 1255 probatarum
1337 1181 1518 1255 improbator.
1534 1181 1617 1236 Unde
1629 1192 1658 1237 et
1668 1182 1697 1237 in
1710 1181 1806 1238 odium

223 1283 332 1328 venerat
347 1289 446 1326 eorum
457 1271 508 1344 qui
521 1271 613 1326 sanius
626 1273 786 1346 sapiebant,
802 1283 831 1327 ct
846 1273 920 1328 sicut
933 1293 1030 1329 manus
1041 1275 1101 1346 ejus
1112 1285 1208 1330 contra
1220 1291 1330 1342 omnes,
1342 1275 1382 1328 sic
1394 1274 1521 1329 omnium
1531 1284 1625 1328 contra
1636 1293 1701 1329 eum
1717 1293 1807 1329 arma·

221 1366 333 1420 bantur.
347 1363 465 1420 Dicebat
480 1364 557 1439 quod
569 1364 662 1421 nullus
675 1376 754 1421 antea
767 1377 996 1440 presumpserat,
1014 1380 1047 1425 ut
1062 1385 1159 1423 omnes
1171 1367 1254 1422 illum
1272 1367 1450 1422 mirarentur.
1465 1368 1561 1436 Quum
1575 1367 1662 1440 igitur
1673 1366 1806 1423 adinven-

221 1458 328 1512 tionum
342 1457 402 1530 ejus
416 1456 573 1512 absurditas
585 1458 614 1510 in
628 1458 754 1512 notitiam
768 1459 938 1530 pervenisset
950 1477 1047 1514 eorum
1059 1461 1108 1535 qui
1122 1459 1244 1514 Parisius
1255 1457 1389 1513 doctrine
1402 1475 1483 1514 causa
1495 1457 1693 1526 morabantur,
1716 1462 1807 1532 primo

220 1561 347 1623 stupore,
368 1549 471 1605 deinde
487 1549 546 1604 zelo
563 1549 684 1624 quodam
698 1549 774 1606 ducti
788 1551 961 1606 confutandis
979 1551 1120 1624 falsitatis,
1137 1560 1284 1625 ooeperunt
1298 1553 1372 1606 inter
1385 1570 1413 1607 sc
1427 1569 1551 1626 querere
1564 1552 1628 1624 quis
1641 1563 1711 1606 esset
1722 1571 1754 1606 ex
1767 1555 1806 1607 eis

221 1642 349 1698 adversus
366 1659 430 1696 eum
447 1640 611 1713 disputandi
624 1643 769 1714 negotium
782 1643 941 1712 subiturus;
959 1644 1109 1718 indignum
1121 1661 1179 1701 esse
1192 1644 1342 1714 duntaxat,
1356 1643 1430 1718 apud
1443 1653 1486 1700 tot
1496 1643 1634 1717 sapientes
1645 1643 1806 1713 hujusmodi

221 1735 371 1790 neniarum
384 1734 522 1792 dictorem
535 1752 591 1790 non
605 1735 708 1790 habere
720 1733 973 1809 contradictorem,
987 1737 1080 1792 taliter
1091 1736 1275 1793 oblatrantem
1289 1734 1388 1792 baculo
1399 1755 1456 1792 nou
1469 1737 1558 1792 arceri
1573 1735 1695 1798 veritatis
1706 1757 1713 1802 ς
1727 1735 1807 1808 plura

220 1827 434 1884 adinventurum
446 1837 475 1884 et
488 1827 603 1883 liberius
623 1827 857 1897 declamaturum,
874 1829 896 1884 si
910 1829 1037 1886 infaustis
1049 1832 1147 1904 coeptis
1159 1829 1327 1904 redargutor
1339 1827 1478 1884 defuisset.
1492 1829 1567 1900 Quia
1587 1829 1675 1902 igitur
1693 1845 1806 1884 venera-

221 1919 286 1975 hilis
298 1918 457 1974 adolescens
468 1920 608 1976 Gosvinus
620 1917 738 1975 efficacis
751 1929 811 1975 erat
822 1919 970 1990 facundie,
984 1923 1055 1978 sicut
1068 1923 1174 1995 ingenii
1188 1920 1370 1995 perspicacis,
1386 1931 1420 1976 ut
1432 1938 1496 1975 eum
1511 1937 1595 1994 super
1611 1920 1693 1994 nugis
1705 1919 1806 1974 talibus

223 1997 384 2068 conveniret
396 2023 554 2079 suaseruut;
565 2011 643 2086 quod
652 2011 762 2068 difficile
774 2030 830 2067 nou
840 2013 894 2070 fuit
902 2015 1052 2089 impetrare
1065 2039 1070 2068 :
1083 2013 1207 2070 fervebat
1217 2015 1293 2070 enim
1306 2013 1486 2070 vehementer
1497 2013 1533 2068 ad
1544 2013 1599 2068 hoc
1610 2023 1639 2068 et
1648 2011 1804 2077 anhelabat,

223 2115 254 2160 et
275 2104 409 2160 volentem
421 2103 499 2160 labor
515 2115 586 2160 esset
603 2105 745 2174 inhibere,
768 2106 821 2160 nisi
841 2109 1064 2181 presumptionis
1085 2117 1180 2164 notam
1199 2108 1343 2162 incurrere
1361 2105 1534 2162 formidaret.
1558 2105 1691 2180 Magister
1711 2116 1803 2162 autem

222 2196 349 2252 Joslenus
359 2197 409 2270 qui
425 2206 521 2268 postea
534 2197 752 2254 suessionensem
762 2199 835 2255 rexit
844 2199 1023 2272 cathedram,
1036 2217 1123 2274 quum
1138 2200 1221 2256 nimis
1234 2218 1299 2256 eum
1313 2199 1462 2272 diligeret,
1477 2197 1506 2254 id
1521 2197 1581 2254 lieri
1594 2196 1803 2272 prohibebatur

222 2304 400 2360 congressam
410 2287 570 2360 hujusmodi
578 2288 769 2357 dissuadebat,
784 2311 798 2340 a
810 2291 976 2364 magistrum
984 2293 1121 2346 Petrum»
1132 2290 1250 2346 dicens«
1261 2290 1463 2364 disputatorem
1472 2307 1529 2344 non
1543 2307 1617 2355 csse,
1634 2289 1683 2344 sed
1696 2289 1804 2344 cavilla·

221 2402 235 2429 a
249 2391 351 2447 torem3
367 2390 397 2436 st
407 2380 469 2453 plna
481 2381 554 2436 vices
565 2397 647 2452 agere
653 2381 818 2452 joculatoris
828 2401 912 2456 quam
924 2383 1061 2452 doctoris,
1076 2394 1105 2440 et
1118 2382 1195 2458 quod
1205 2383 1292 2440 instar
1304 2382 1434 2438 Herculis
1445 2382 1547 2438 claram
1560 2401 1617 2436 nou
1629 2381 1726 2437 leviter
1738 2382 1806 2455 abji-

221 2493 235 2520 s
249 2482 322 2527 ceret
336 2471 551 2545 apprehensam,
572 2472 702 2528 videlicet
721 2474 798 2546 quod
819 2475 945 2546 pertinax
964 2485 1035 2532 esset
1053 2477 1083 2531 in
1103 2493 1214 2544 errore3
1229 2486 1258 2532 et
1278 2474 1396 2549 quodsi
1416 2472 1568 2530 secundum
1589 2492 1618 2530 se
1641 2491 1697 2530 non
1718 2486 1804 2544 esset,

222 2585 234 2612 n
249 2582 389 2638 nunquam
403 2565 590 2640 acquiesceret
602 2565 726 2632 veritati,
740 2583 805 2620 curn
818 2567 949 2638 injuriam
962 2567 1013 2622 sibi
1028 2567 1133 2634 lacere,
1148 2568 1198 2641 qui
1211 2577 1344 2622 tentasset
1356 2565 1469 2621 erudire
1481 2565 1632 2622 derisorem
1646 2589 1653 2633 3
1668 2568 1732 2622 satis
1748 2583 1806 2622 esse

221 2685 234 2710 a
248 2664 379 2718 versutias
391 2662 452 2734 ejus
464 2659 640 2728 intellexisse,
652 2672 680 2715 et
690 2664 719 2716 iu
731 2662 792 2734 ejus
806 2680 861 2716 nnn
874 2658 975 2718 abduci
988 2664 1130 2718 vanitates.
1143 2687 1156 2714 »
1172 2664 1236 2718 Haec
1247 2674 1276 2717 et
1290 2663 1391 2717 similla
1404 2661 1595 2717 dehortationi
1606 2662 1804 2717 subservientia

220 2756 301 2812 verba
313 2755 411 2811 doctus
423 2765 452 2809 et
464 2754 563 2810 doctor
575 2753 621 2809 ille
633 2753 825 2827 deprimebat,
840 2756 945 2830 quippe
960 2756 1006 2811 cui
1019 2754 1214 2829 suppeditabat
1225 2753 1356 2810 facundia
1368 2765 1395 2810 et
1408 2753 1478 2808 uber
1490 2772 1558 2810 vena
1570 2753 1720 2828 sapientie,
1736 2774 1806 2830 quo-

221 2867 330 2924 cunqne
349 2847 480 2904 voluisset
493 2846 636 2921 eloquium
651 2847 787 2903 derivare.
802 2847 856 2904 Sed
870 2849 1010 2906 Gosvinus
1024 2849 1194 2904 monitiones
1206 2859 1235 2904 et
1247 2847 1370 2904 rationes
1388 2846 1463 2903 illius
1479 2864 1538 2902 non
1556 2847 1719 2916 attendens,
1740 2849 1806 2905 licet

220 2941 286 2996 alias
306 2959 372 2996 eum
394 2940 514 2996 multum
533 2949 715 3008 revereretur,
738 2959 789 2996 nec
810 2940 988 2998 considerans
1010 2960 1039 2998 se
1062 2942 1184 2996 tironem
1206 2939 1299 2996 adhuc
1318 2940 1362 2995 via
1378 2939 1618 3010 juvenescentem,
1639 2940 1804 3012 magistrum

220 3043 316 3088 autem
328 3031 408 3087 illum
421 3033 510 3087 virum
523 3049 579 3087 esse
592 3031 832 3088 bellicosissimum
844 3043 872 3089 et
883 3033 1008 3088 victoriis
1021 3043 1178 3101 amuetum,
1194 3032 1343 3105 assumptis
1355 3031 1495 3086 sociorum
1507 3028 1666 3104 aliquantis,
1681 3031 1806 3108 ascendit

124 3143 127 3148 ¹
219 3127 250 3180 in
264 3135 389 3181 montem
402 3124 507 3180 Sancte
520 3123 682 3192 Genovefe,
694 3127 771 3199 quasi
783 3125 872 3180 David
886 3143 949 3180 cunr
961 3125 1077 3182 Goliath
1092 3125 1185 3181 duello
1202 3124 1398 3191 conflicturus,
1413 3124 1462 3197 qui
1482 3122 1540 3177 illic
1559 3122 1733 3178 auditoribus
1749 3125 1805 3180 suis

221 3219 305 3274 miras
317 3227 347 3272 et
359 3216 496 3272 inauditas
508 3219 674 3287 sententias,
689 3218 768 3292 quasi
782 3217 933 3292 phalanges
947 3237 1011 3274 saue
1027 3219 1195 3292 sapientium
1208 3214 1417 3284 subsannando,
1433 3214 1592 3273 detonabat.

225 3341 234 3358 .
254 3333 267 3360 a
278 3312 374 3381 Quum
385 3311 504 3366 venisset
516 3309 605 3384 igitur
617 3309 652 3365 ad
665 3311 759 3366 locum
771 3312 947 3384 certaminis,
959 3311 989 3366 id
1002 3322 1055 3383 est,
1068 3311 1190 3366 scholam
1202 3311 1261 3382 ejus
1274 3309 1425 3376 introisset,
1437 3307 1543 3380 reperit
1555 3324 1618 3362 eum
1629 3305 1767 3382 legentem
1777 3321 1806 3363 et

221 3403 392 3460 scholaribus
400 3404 458 3458 suis
472 3421 535 3460 suas
547 3403 732 3460 inculcantem
746 3405 892 3460 novitates.
905 3405 1007 3462 Statim
1020 3415 1112 3461 autem
1125 3414 1158 3460 ut
1167 3403 1246 3478 loqui
1261 3419 1341 3456 orsus
1352 3411 1396 3458 est
1407 3400 1456 3474 qui
1469 3399 1630 3468 advenerat,
1649 3399 1695 3456 ille
1714 3411 1806 3457 torvos

220 3498 320 3552 insum
331 3495 565 3553 defleritobtutus
573 3477 586 3564 5¹
594 3507 621 3553 et
630 3515 718 3572 quum
731 3514 760 3552 se
771 3497 856 3552 sciret
867 3499 958 3552 sirum
968 3498 1004 3554 ab
1012 3497 1196 3554 adolescentia
1207 3495 1380 3562 bellatorem,
1393 3494 1473 3549 illum
1484 3504 1576 3548 autem
1587 3490 1693 3548 videret
1703 3493 1807 3566 pubere

220 3590 416 3663 incipientem,
430 3589 558 3662 despexit
570 3609 635 3646 eum
653 3593 682 3646 in
699 3590 784 3647 corde
803 3609 866 3661 suo,
881 3591 953 3647 forte
973 3610 1030 3648 non
1047 3591 1135 3647 multo
1147 3592 1241 3646 miuus
1252 3608 1336 3664 quam
1355 3586 1443 3644 David
1463 3599 1589 3642 sanctum
1607 3589 1718 3660 spurius
1737 3588 1806 3642 Phi-

221 3681 329 3740 luteus.
347 3684 415 3738 Erat
428 3684 504 3738 enirn
517 3682 594 3737 albus
606 3682 721 3757 quidem
735 3693 764 3739 et
778 3683 896 3740 decorus
908 3695 1035 3758 aspectu,
1057 3684 1106 3740 sed
1123 3683 1202 3740 exilis
1220 3681 1398 3756 corpulentias
1417 3690 1445 3736 et
1461 3689 1571 3735 stature
1593 3696 1647 3734 non
1669 3679 1805 3735 sublimis.

222 3777 371 3850 Quumque
381 3777 518 3848 superbus
525 3775 571 3830 ille
580 3774 616 3830 ad
624 3775 848 3850 respondendum
856 3788 1012 3852 cogeretur,
1020 3787 1049 3832 et
1057 3778 1225 3849 impugnans
1233 3794 1297 3832 eum
1307 3775 1487 3830 vehementer
1496 3774 1657 3828 immineret
1668 3796 1673 3826 :
1685 3773 1804 3843 «Viden

223 3869 322 3942 inquit,
338 3879 393 3923 aut
405 3867 498 3934 sileas,
513 3879 542 3924 et
552 3887 615 3924 cave
628 3887 663 3924 ne
675 3869 822 3943 perturbes
832 3887 897 3925 mee
910 3871 1008 3925 seriem
1020 3869 1179 3924 lectionis.»
1193 3868 1253 3936 Ille,
1266 3869 1383 3942 quinon
1396 3865 1432 3920 atl
1443 3865 1580 3921 silendum
1594 3876 1718 3934 venerat,
1732 3868 1805 3922 acri·

224 3970 267 4014 ter
278 3961 434 4027 insistebat;
443 3979 531 4034 quum
545 3960 716 4016 adversarius
725 3972 846 4017 econtra
860 3981 925 4018 eum
935 3961 1039 4016 babens
1051 3959 1212 4033 despectui,
1223 3978 1280 4014 uon
1293 3957 1450 4015 attenderet
1461 3957 1496 4012 ad
1510 3975 1649 4013 sermones
1662 3960 1719 4012 oris
1729 3959 1803 4030 ejus,

224 4049 371 4128 indignum
381 4053 509 4125 judicans
522 4073 538 4108 a
552 4053 667 4111 doctore
684 4065 762 4111 tauto
779 4053 889 4110 tantillo
902 4054 999 4126 juveni
1012 4052 1186 4128 responderi.
1199 4051 1349 4108 iudicabat
1359 4049 1511 4106 secundum
1524 4051 1639 4119 faciem,
1660 4069 1720 4126 qua
1739 4070 1803 4124 pro·

225 4145 335 4202 ceritate
347 4144 399 4201 sibi
410 4148 627 4221 contemptibilis
636 4148 804 4222 apparebat;
818 4148 866 4204 sed
879 4166 928 4203 cor
939 4148 1136 4221 perspicaciter
1148 4145 1307 4219 intelligens
1320 4163 1378 4200 non
1385 4141 1554 4202 attendebat.
1564 4145 1660 4214 Quum
1672 4155 1765 4200 autem
1778 4147 1804 4201 ei

224 4234 365 4292 diceretur
376 4257 390 4292 a
403 4239 572 4296 scholasticis
585 4241 655 4310 suis,
668 4242 717 4315 qui
729 4241 910 4314 juvenculum
924 4242 989 4296 satis
1001 4249 1150 4310 noverant,
1162 4249 1195 4295 ut
1206 4256 1261 4294 non
1281 4237 1423 4294 omitteret
1442 4235 1626 4309 respondem
1645 4253 1704 4290 esse
1723 4236 1803 4292 illum

223 4327 422 4402 disputatorem
435 4343 558 4402 acutum,
567 4343 596 4390 et
608 4333 729 4389 multum
738 4336 763 4390 ei
778 4334 898 4390 scientie
910 4332 1070 4406 suffragari,
1080 4351 1136 4388 non
1149 4351 1208 4388 esse
1218 4329 1349 4388 indecens
1358 4347 1422 4386 cum
1434 4327 1571 4402 ejusmodi
1582 4329 1642 4399 (sic)
1652 4327 1746 4382 subire
1755 4346 1804 4382 ne·

223 4423 330 4493 gotium
339 4423 515 4498 disputandi,
526 4426 786 4483 indecentissimum
799 4445 857 4484 esse
870 4427 951 4484 talem
965 4426 1084 4484 ulterius
1096 4427 1237 4500 aspernari
1249 4449 1254 4478 :
1267 4449 1280 4475 r
1294 4424 1384 4498 Dicpt,
1396 4446 1409 4473 a
1424 4423 1526 4497 inquit,
1543 4422 1586 4475 «si
1599 4419 1668 4494 quid
1677 4419 1760 4474 habet
1768 4421 1803 4476 ad

223 4535 236 4562 ι
244 4513 406 4573 dicendum.
417 4541 431 4569 o
440 4517 501 4587 llle,
515 4519 626 4575 dicendi
642 4531 721 4574 nacta
735 4520 882 4591 facirltate,
896 4540 929 4576 oa
943 4521 986 4575 his
999 4519 1074 4576 unde
1088 4521 1249 4576 movebatur
1261 4516 1479 4592 propositionem
1488 4514 1554 4569 facit
1562 4512 1629 4568 aden
1642 4522 1804 4586 competen-

221 4619 295 4679 tem,
308 4621 341 4690 ut
354 4611 512 4668 nullatenus
523 4613 611 4668 levem
628 4625 656 4669 et
669 4615 809 4688 garrulam
822 4615 962 4672 redoleret
973 4615 1184 4688 verbositatem,
1198 4615 1246 4672 sed
1258 4612 1427 4670 audientiam
1437 4608 1564 4666 omnium
1574 4625 1621 4662 sua
1633 4617 1805 4663 mercaretur

220 4701 364 4772 gravitate.
378 4705 545 4762 Assumente
556 4707 618 4772 illo,
632 4720 663 4765 et
674 4707 828 4765 affirmante
851 4711 920 4782 isto,
940 4720 969 4764 et
985 4707 1212 4766 affirmationibus
1229 4708 1289 4780 ejus
1301 4706 1349 4762 illo
1358 4723 1417 4762 nnn
1430 4703 1538 4758 valente
1549 4701 1697 4775 refragari3
1716 4717 1804 4776 qrmm

218 4792 378 4850 divertendi
396 4797 421 4850 ei
442 4799 553 4869 penitus
566 4800 685 4874 suffugia
697 4800 904 4871 clauderentur,
919 4801 954 4858 ab
966 4801 1020 4858 isto
1031 4801 1081 4877 qui
1094 4819 1150 4858 non
1162 4799 1309 4875 ignorabat
1320 4798 1380 4871 rjus
1393 4797 1519 4861 astutias,
1533 4793 1647 4850 tandem
1663 4794 1805 4850 convictus

218 4896 262 4939 est
276 4889 426 4944 messuisse
449 4907 477 4945 se
496 4891 572 4965 quod
591 4911 648 4948 nnn
668 4904 740 4951 esset
762 4904 980 4950 cousentaneum
999 4895 1112 4950 rationi.
1139 4893 1261 4967 Alligato
1284 4894 1377 4965 itaque
1394 4890 1461 4946 forti
1483 4888 1518 4944 ab
1538 4905 1571 4943 eo
1588 4887 1637 4963 qui
1655 4887 1805 4940 intraverat

219 4977 336 5034 domum
347 4979 422 5051 ejus,
437 4992 466 5038 et
478 4983 663 5042 descendente
674 5005 708 5042 eo
719 4985 756 5042 de
767 4998 878 5058 monte,
889 4989 939 5062 qui
953 4985 1139 5044 indissolubili
1152 4995 1306 5042 mumntem
1319 4982 1441 5039 Protlsea
1451 4980 1544 5037 vultus
1555 4979 1720 5036 astrinxerat
1729 4975 1803 5032 nodo

217 5071 359 5138 'eflffllsst
373 5091 462 5147 quum
477 5087 589 5134 veutstm
602 5090 675 5134 esset
687 5079 724 5140 ud
737 5097 784 5135 cos
798 5080 847 5153 qui
860 5081 890 5134 in
902 5079 1086 5136 tabernaculis
1099 5077 1271 5134 scholaribus
1283 5077 1395 5132 fuerant
1407 5074 1554 5142 remorati,
1568 5072 1599 5128 in
1617 5087 1696 5126 voces
1711 5067 1804 5126 casul-

217 5165 332 5220 tatiouis
344 5177 374 5222 et
388 5167 487 5232 letitia
499 5185 707 5246 proruperunt,
721 5191 755 5229 so
766 5173 844 5248 quod
855 5173 1004 5233 humiliata
1013 5183 1086 5234 esset
1099 5173 1186 5229 turris
1199 5171 1346 5246 superbie,
1358 5187 1457 5226 murus
1470 5166 1626 5244 pertinacius
1638 5164 1802 5230 corruisset,
