4522 6102
458 691 529 766 ⁴32
816 705 819 712 '
884 693 1011 763 PETRl
1038 689 1271 763 tunulum
1296 691 1353 762 ΕΤ
1377 690 1602 762 HELOlSSAE

456 834 502 905 ad
516 831 617 928 cujus
631 831 760 904 ostium
774 831 1014 923 excubabant,
1029 832 1118 903 illud
1129 847 1182 903 est
1200 833 1345 928 mystice
1359 830 1647 928 intelligendum,
1664 831 1794 928 dequo
1807 831 1852 901 ad
1867 830 2029 902 Hebraeos

457 954 645 1052 Apostolus
659 952 799 1024 scribit¹
816 981 823 1022 :
848 954 1061 1025 «Habemus
1077 953 1205 1038 altare,
1226 952 1272 1023 de
1292 975 1365 1050 quo
1379 977 1454 1023 non
1473 952 1608 1024 habent
1625 952 1730 1023 edere
1743 951 1781 1021 hi
1795 951 1857 1047 qui
1872 949 2030 1021 taberna·

454 1071 535 1142 culo
555 1072 775 1161 deserviunt,
796 1101 813 1138 >r
830 1073 867 1144 id
879 1087 932 1144 est
946 1069 1020 1170 quo
1033 1073 1242 1170 participare
1260 1071 1358 1168 digni
1371 1095 1445 1142 uou
1464 1086 1548 1142 suut
1565 1072 1627 1168 qui
1638 1071 1781 1169 corpori
1798 1094 1882 1157 suo,
1903 1070 1940 1140 iu
1958 1093 2030 1166 quo

390 1187 400 1215 ''
455 1190 512 1261 hie
526 1193 627 1288 quasi
641 1193 676 1261 in
689 1193 812 1262 castris
826 1193 1044 1280 ministrant,
1062 1191 1315 1289 voluptuosum
1326 1190 1540 1288 impendunt
1552 1190 1776 1287 obsequium.
1792 1189 1933 1259 Ostium
1948 1213 2031 1259 vero

454 1311 670 1384 tabernaculi
684 1311 765 1383 linis
777 1328 828 1383 est
844 1314 922 1383 vitae
936 1313 1135 1411 praesentis,
1156 1311 1302 1408 quando
1320 1309 1405 1382 hinc
1419 1312 1537 1382 anima
1550 1311 1620 1382 exit
1637 1308 1683 1381 de
1696 1311 1847 1407 corpore
1858 1361 1870 1398 ,
1888 1324 1925 1379 et
1942 1307 2033 1378 futu·

454 1456 530 1503 ram
548 1432 746 1529 ingreditur
764 1433 883 1502 vitam.
903 1432 955 1534 Ad
968 1431 1039 1503 hoc
1054 1431 1186 1502 ostium
1199 1429 1376 1501 excubant
1386 1431 1449 1527 qui
1462 1430 1508 1501 de
1520 1430 1614 1500 exitu
1627 1428 1734 1524 hujus
1747 1429 1824 1502 vitae
1838 1443 1873 1498 et
1886 1428 2033 1498 introitu

454 1552 577 1624 futurae
591 1551 729 1622 solliciti
747 1564 848 1640 sunt,
871 1566 906 1622 et
923 1553 973 1622 sic
991 1550 1199 1649 poenitendo
1215 1549 1411 1649 disponunt
1423 1550 1522 1622 bunc
1535 1550 1686 1638 exitum,
1708 1547 1861 1620 utillum
1874 1571 2032 1620 mereau·

454 1689 512 1744 tur
530 1673 727 1744 introitum.
752 1675 805 1742 De
827 1671 897 1742 hoc
922 1671 1068 1768 quidem
1087 1670 1297 1767 quotidiano
1316 1671 1461 1740 introitu
1486 1685 1521 1742 et
1541 1672 1636 1742 exitu
1655 1685 1784 1740 sanctae
1802 1668 1957 1740 ecclesiae
1974 1667 2033 1740 illa

454 1809 507 1864 est
524 1794 639 1865 oratio
659 1793 870 1862 Psalmistae¹
887 1821 894 1862 :
914 1819 932 1858 ι(
949 1793 1125 1862 Dominus
1138 1791 1314 1862 custodiat
1331 1791 1517 1863 introitum
1534 1806 1656 1881 tuum,
1675 1807 1710 1861 et
1730 1789 1863 1862 exitum
1882 1805 1994 1860 tuum.
2014 1819 2031 1856 a

453 1919 551 1985 Tunc
569 1914 665 1985 euim
683 1913 787 1984 simul
806 1913 990 1984 introitum
1004 1929 1040 1983 et
1052 1913 1185 1983 exitum
1197 1927 1359 1983 nostrum
1373 1911 1545 2002 custodit,
1567 1937 1679 2009 quum
1692 1935 1758 1982 nos
1770 1911 1855 1982 hinc
1867 1925 2034 1982 exeuntes

455 2034 578 2128 etjam
596 2057 660 2130 per
677 2032 922 2130 poenitentiam
940 2046 1109 2130 purgatos
1127 2030 1211 2101 illue
1232 2031 1348 2101 statim
1371 2031 1577 2102 introducit.
1599 2035 1694 2102 Bene
1719 2044 1838 2101 autem
1860 2031 1959 2128 prius
1977 2031 2032 2102 iu-

452 2153 599 2222 troitum
625 2177 733 2248 quam
752 2152 886 2223 exitum
905 2151 1123 2237 nominavit,
1145 2174 1219 2221 non
1239 2165 1312 2220 tam
1333 2149 1497 2221 videlicet
1517 2151 1682 2220 ordinem
1700 2173 1808 2246 quam
1827 2145 2035 2246 dignitatem

453 2271 655 2361 attendens,
672 2295 783 2367 quum
796 2271 856 2340 hic
868 2271 979 2340 exitus
998 2271 1077 2341 viae
1095 2268 1253 2340 mortalis
1266 2269 1302 2339 in
1316 2269 1441 2340 dolore
1461 2271 1524 2357 sit,
1547 2269 1606 2340 ille
1622 2293 1708 2341 vero
1722 2269 1886 2340 introitus
1898 2284 2037 2342 aetemae

453 2415 591 2460 summa
609 2393 653 2461 sit
666 2390 846 2461 exultatio.
870 2388 1020 2487 Specula
1033 2411 1118 2459 vero
1133 2411 1255 2458 earum
1269 2413 1379 2486 opera
1396 2401 1479 2459 suut
1493 2390 1684 2477 exteriora,
1706 2388 1891 2485 exquibus
1909 2390 2037 2461 animae

453 2510 636 2607 turpitudo
662 2509 718 2581 vel
748 2508 858 2580 decor
882 2506 1108 2603 dijudicatur,
1145 2509 1234 2578 sieut
1263 2533 1306 2578 ex
1329 2507 1475 2606 speculo
1497 2508 1675 2605 corporali
1698 2507 1847 2605 qualitas
1871 2507 2038 2579 humanae

453 2628 563 2699 laciei.
577 2631 627 2699 Ex
642 2628 716 2698 istis
728 2653 849 2712 earum
864 2625 1014 2725 speculis
1028 2649 1089 2698 vas
1103 2628 1331 2724 componitur
1345 2628 1380 2697 in
1394 2652 1467 2724 quo
1480 2653 1518 2699 se
1530 2627 1676 2700 abluant
1687 2633 1804 2699 Aaron
1818 2644 1853 2700 et
1867 2627 1928 2698 filii
1939 2629 2034 2724 ejus,

453 2750 599 2846 quaudo
623 2765 822 2821 sanctarum
846 2748 1058 2820 feminarum
1081 2773 1188 2847 opera
1214 2764 1249 2819 et
1275 2763 1372 2820 tauta
1392 2749 1522 2820 infirmi
1547 2775 1650 2821 sexus
1672 2751 1709 2821 in
1736 2755 1813 2821 Deo
1839 2752 2039 2822 constantia

453 2868 663 2967 pontificum
688 2883 722 2942 et
745 2868 1034 2967 presbyterorum
1055 2867 1303 2965 negligentiam
1334 2869 1564 2941 vehementer
1589 2871 1792 2968 increpant,
1817 2887 1853 2944 et
1872 2871 2059 2942 ad‘eom:

452 2991 656 3088 punctionis
680 2989 853 3085 lacrymas
874 2992 1051 3088 praecipue
1065 3005 1229 3079 movent,
1246 3004 1282 3060 et
1296 2991 1325 3060 si
1339 3005 1446 3088 prout
1462 3005 1625 3089 oportet,
1646 2991 1712 3088 ipsi
1731 3015 1853 3062 earum
1871 2989 2041 3063 sollicitu-

451 3109 572 3180 dinem
587 3123 726 3206 gerant,
747 3109 822 3180 haec
837 3110 993 3206 ipsarum
1013 3133 1124 3206 opera
1145 3109 1299 3206 maeatis
1321 3108 1463 3179 illorum
1485 3111 1625 3181 veniam
1643 3134 1829 3208 perquam
1847 3110 2041 3184 abluantur

452 3245 662 3328 praeparant.
681 3234 731 3298 Ex
744 3229 799 3298 his
813 3228 974 3326 profecto
988 3228 1139 3326 speculis
1151 3251 1215 3298 vas
1226 3228 1292 3298 sibi
1306 3231 1591 3326 compunctionis
1601 3229 1726 3302 beatus
1742 3229 1892 3329 parabat
1901 3233 2040 3328 Grego-

453 3349 537 3438 rius,
553 3374 665 3445 quum
679 3362 878 3418 sanctarum
891 3349 1057 3418 virtutem
1072 3347 1300 3437 seminarum,
1317 3363 1352 3420 et
1364 3347 1496 3419 infirmi
1507 3374 1609 3421 sexus
1622 3351 1658 3420 in
1672 3351 1840 3448 martyrio
1852 3351 2040 3423 victoriam

452 3467 648 3555 admirans,
658 3481 696 3536 et
709 3467 942 3562 ingemiscens
952 3464 1129 3561 quaerebat
1141 3493 1149 3535 ε
1169 3495 1187 3534 ιι
1199 3466 1295 3552 Quid
1306 3465 1448 3538 barbari
1460 3467 1588 3540 dicturi
1602 3473 1702 3540 suut⁸
1713 3470 1796 3560 viri,
1813 3495 1926 3567 quum
1940 3486 2042 3544 tanta

453 3611 519 3683 pro
538 3586 678 3658 Christo
696 3585 854 3656 delicatae
873 3584 999 3681 puellae
1019 3585 1230 3674 sustineant,
1252 3602 1288 3658 et
1308 3602 1408 3659 tauto
1427 3612 1541 3686 agone
1559 3615 1662 3660 sexus
1679 3589 1808 3687 fragilis
1820 3591 2039 3689 triumphet,

455 3721 494 3775 ut
510 3705 726 3802 frequentius
743 3703 860 3802 ipsum
874 3706 1012 3801 gemina
1030 3707 1238 3802 virginitatis
1247 3723 1283 3780 et
1297 3710 1454 3804 martyrii
1468 3733 1603 3780 corona
1619 3710 1755 3810 pollere
1773 3712 2000 3784 noverimus?
2018 3743 2040 3780 n

456 3825 585 3896 atthas
598 3825 762 3922 quidem,
783 3840 822 3897 ut
843 3824 979 3897 dictum
1002 3840 1072 3916 est,
1096 3827 1142 3898 ad
1162 3829 1294 3899 ostium
1314 3828 1534 3901 tabernaculi
1556 3829 1787 3921 excubantes,
1811 3847 1847 3903 et
1866 3829 2046 3928 quaejam

455 3948 555 4042 quasi
574 3951 735 4018 Nazareae
748 3947 894 4017 Domini
914 3969 1014 4017 suam
1027 3948 1059 4017 ei
1073 3946 1281 4021 viduitatem
1301 3966 1613 4040 consecraverant,
1634 3951 1775 4023 beatam
1789 3951 1883 4022 illam
1900 3957 2047 4025 Annam

452 4068 630 4165 pertinere
656 4088 730 4138 non
762 4067 922 4164 ambigo,
950 4091 1027 4164 quae
1055 4068 1268 4166 singularem
1297 4071 1444 4141 Domini
1468 4075 1670 4142 Nazaraeum
1696 4071 1891 4142 Dominum
1917 4074 2047 4144 lesum

454 4189 630 4260 Christum
657 4189 693 4260 iu
718 4190 852 4286 templo
871 4213 952 4259 cum
975 4204 1098 4260 sancto
1117 4191 1282 4261 Simeone
1306 4192 1437 4288 pariter
1455 4192 1584 4262 meruit
1609 4192 1813 4288 suscipere‘‚
1840 4208 1875 4263 et
1899 4193 2050 4291 utplus

290 4321 294 4328 '
416 4356 423 4364 -
453 4333 561 4406 quam
581 4308 757 4407 propbeta
771 4306 883 4397 lieret,
900 4309 1017 4406 ipsum
1032 4308 1159 4379 eadem
1171 4301 1261 4380 bora
1278 4335 1349 4406 qua
1367 4307 1511 4382 Simeon
1532 4335 1597 4409 per
1613 4313 1775 4408 spiritum
1794 4335 1986 4408 agnoscere
2006 4331 2051 4386 et

454 4444 661 4524 praesentem
678 4428 923 4500 demonstrare
938 4452 979 4498 ac
993 4427 1134 4525 publice
1152 4429 1354 4527 praedicare.
1379 4431 1487 4526 Cujus
1500 4430 1646 4528 quidem
1661 4431 1807 4502 laudem
1826 4432 2053 4528 evangelista

455 4548 655 4645 diligentius
669 4561 877 4646 prosecutus
892 4549 960 4618 ait:
981 4577 998 4616 ι(
1014 4553 1058 4618 Et
1070 4563 1146 4620 erat
1158 4553 1256 4619 Anna
1271 4551 1492 4648 prophetissa
1507 4549 1578 4621 fitia
1593 4549 1751 4622 Phanuel
1768 4550 1815 4622 de
1831 4551 1923 4622 tribu
1939 4557 2048 4627 Aser.

456 4673 535 4741 llaec
545 4670 806 4767 processeratiu
815 4668 941 4740 diebus
955 4669 1074 4739 multis
1088 4685 1123 4740 et
1134 4671 1266 4741 vixerat
1280 4696 1363 4741 cum
1376 4673 1453 4741 viro
1467 4695 1532 4742 suo
1540 4673 1642 4742 annis
1650 4688 1798 4769 septem,
1811 4697 1832 4742 a
1843 4673 2055 4769 virginitate

455 4813 530 4861 sua.
553 4795 597 4860 Et
612 4789 687 4860 haec
705 4787 812 4859 vidua
831 4803 905 4860 erat
924 4814 1037 4886 usque
1056 4790 1102 4860 ad
1120 4813 1236 4860 annos
1252 4791 1432 4887 octoginta
1454 4807 1620 4888 quatuor,
1644 4817 1722 4890 quae
1745 4817 1819 4863 non
1837 4793 2056 4870 discedebat

457 4908 502 4980 de
521 4908 657 5007 templo
665 4909 807 5004 jejuniis
820 4923 856 4979 et
869 4907 1173 4980 obsecrationibus
1194 4910 1349 4980 serviens
1362 4927 1468 4982 uocte
1481 4935 1523 4981 ac
1536 4911 1605 4982 die.
1631 4915 1673 4982 Et
1696 4913 1763 4983 hac
1781 4913 1857 5010 ipsa
1876 4911 1964 4983 bora
1984 4939 2058 4987 su-

457 5028 667 5125 perveniens
689 5025 925 5100 confitebatur
951 5029 1126 5118 Domino,
1158 5043 1194 5099 et
1217 5026 1428 5126 loquebatur
1450 5030 1618 5103 omuibus
1644 5033 1705 5128 qui
1729 5033 1961 5132 expectabant
1985 5061 2058 5108 re-

493 5309 498 5333 ’
517 5310 603 5370 Heba,
618 5325 674 5375 cap.
687 5326 743 5369 xtu,
757 5326 780 5359 v.
798 5310 836 5358 111Δ
846 5333 879 5346 -
890 5309 899 5336 '
910 5309 999 5361 Psalm.
1010 5325 1084 5371 cxxi,
1099 5325 1121 5360 v.
1135 5308 1160 5358 8.
1172 5337 1202 5347 -
1215 5311 1224 5336 “
1238 5311 1330 5362 Βίσιιιιι·
1340 5317 1387 5362 aiut
1400 5311 1428 5362 D.
1444 5341 1465 5348 -
1485 5299 1577 5377 ‘bouq
1589 5328 1644 5378 cap.
1659 5329 1690 5370 ιι,
1705 5329 1727 5362 v.
1742 5313 1773 5361 ³6
1785 5323 1810 5362 et
1821 5329 1857 5378 sq.
