4522 6102
490 653 558 724 116
922 654 1049 725 PETlll
1077 651 1309 726 ABAELAllDl
1334 651 1389 722 ΕΤ
1414 649 1640 722 HELOlSSAE

486 796 704 866 moravimus
721 820 729 864 ε
745 793 839 866 11333
852 819 937 866 vero
947 799 969 886 ¹,
995 810 1035 869 31
1048 795 1220 895 scriptum
1234 809 1306 888 est,
1326 816 1433 894 supra
1445 789 1641 864 humanam
1653 789 1820 860 'virtutem
1837 786 2063 858 anachoreta-

486 941 566 987 rum
588 939 703 1012 agone
724 913 991 1007 dimicantem¹,
1013 918 1103 988 utin
1122 931 1359 1013 utrorumque
1379 912 1642 986 monachorum
1659 910 1847 1010 proposito
1868 921 2063 980 sanctarum

484 1037 594 1108 virtus
605 1036 817 1108 seminarum
831 1039 1072 1136 praeemineat,
1090 1053 1125 1111 et
1136 1038 1225 1111 illud
1237 1037 1337 1135 quod
1349 1034 1542 1108 incredulis
1550 1033 1729 1105 Dominus
1740 1031 1823 1102 ait⁸:
1841 1030 2065 1102 «Meretrices

484 1155 687 1255 praecedent
710 1181 776 1228 vos
798 1160 835 1228 in
859 1183 1009 1257 regnum
1032 1161 1118 1249 Dei,
1143 1185 1161 1226 n
1199 1158 1284 1257 ipsis
1305 1157 1430 1229 etiam*
1448 1154 1613 1227 fidelibus
1645 1153 1727 1224 viris
1755 1129 2065 1250 impmperandum

484 1275 667 1366 videatur,
693 1291 729 1348 et
746 1277 945 1352 secundum
964 1303 1112 1351 sexuum
1132 1304 1196 1350 seu
1215 1279 1295 1351 vitae
1315 1276 1550 1350 differentiam
1574 1273 1661 1346 liant
1679 1271 1864 1344 novissimi
1884 1270 2012 1369 primi,
2037 1285 2066 1341 31

483 1397 589 1494 primi
600 1397 795 1468 novissimi.
811 1399 899 1485 Quis
913 1398 1069 1498 denique
1082 1401 1222 1497 ignoret
1236 1399 1383 1470 seminas
1396 1395 1681 1470 exhortationem
1693 1392 1822 1464 Christi
1837 1405 1873 1464 et
1886 1389 2068 1462 consilium

486 1517 645 1616 Apostoli
665 1533 763 1589 tanto
778 1519 994 1592 castimonia
1008 1521 1084 1593 zelo
1096 1545 1173 1593 esse
1182 1518 1404 1618 complexas,
1421 1533 1460 1590 ut
1473 1542 1541 1616 pro
1556 1512 1802 1588 conservanda
1815 1512 1930 1582 carnis
1943 1512 2068 1609 pariter

486 1661 527 1708 ac
541 1639 670 1709 mentis
690 1639 907 1736 integritate,
935 1644 1013 1713 Deo
1030 1665 1067 1712 se
1085 1665 1150 1739 per
1166 1640 1375 1737 martyrium
1397 1638 1565 1710 ollerrent
1583 1634 1853 1723 holocaustum,
1875 1647 1911 1704 et
1933 1633 2070 1729 gemina

488 1757 749 1855 triurnphantes
767 1783 919 1849 corona,
941 1783 1073 1858 agnum
1094 1783 1268 1858 sponsum
1290 1760 1485 1856 111ςί3313Ι
1505 1779 1724 1853 quocunque
1741 1755 1821 1824 ierit
1838 1752 1939 1849 sequi
1959 1749 2071 1822 stude·

487 1877 590 1946 rent?
607 1883 724 1964 Quam
737 1880 884 1977 quidem
897 1881 1039 1954 virtutis
1052 1881 1309 1979 perfectionem
1322 1903 1438 1950 raram
1452 1878 1489 1949 in
1503 1877 1600 1967 viris,
1617 1874 1781 1947 crebram
1795 1874 1830 1944 in
1847 1873 1985 1944 feminis
1999 1895 2071 1944 esse

487 1998 733 2092 cognovimus.
754 2003 915 2087 Quarum
934 2001 1041 2073 etiam
1065 1999 1257 2072 nonnullas
1272 2014 1411 2071 tantum
1431 1999 1467 2068 in
1487 1996 1554 2068 hac
1572 1997 1688 2068 caruis
1705 1994 1936 2093 praerogativa
1958 1991 2071 2064 zelum

486 2116 652 2190 habuisse
666 2118 836 2216 legimus,
854 2137 893 2192 ut
913 2147 988 2192 non
1002 2121 1069 2193 sibi
1082 2147 1232 2193 manum
1245 2121 1374 2193 inlerre
1388 2117 1609 2208 dubitarent,
1631 2142 1677 2188 33
1690 2140 1799 2214 qnam
1813 2120 1890 2187 Deo
1903 2129 2074 2186 voverant

487 2237 794 2337 incorruptionem
815 2241 1039 2330 amitterent,
1067 2257 1102 2312 et
1125 2242 1172 2312 ad
1194 2264 1367 2339 sponsum
1386 2239 1560 2336 virginem
1577 2237 1730 2333 virgines
1750 2236 1989 2332 pervenirent.
2007 2235 2075 2320 Qui

488 2357 593 2428 etiam
608 2373 811 2430 sanctarum
829 2358 1060 2431 devotionem
1073 2361 1248 2456 virginum
1260 2360 1297 2429 in
1310 2373 1447 2430 tantum
1463 2357 1528 2429 sibi
1548 2371 1685 2454 gratam
1698 2379 1775 2430 esse
1789 2354 2018 2443 monstravit,
2040 2368 2077 2424 ut

488 2478 627 2573 gentilis
652 2479 778 2578 populi
801 2479 1085 2570 multitudinem,
1107 2481 1153 2552 ad
1171 2480 1282 2551 beatae
1303 2479 1444 2576 Agathae
1457 2477 1663 2574 suffragium
1682 2489 1979 2563 concurrentem,
1998 2472 2076 2546 velo

489 2597 565 2691 ejus
587 2613 712 2670 contra
733 2601 911 2672 aestuantis
932 2605 1045 2672 AEtnae
1071 2600 1265 2673 terribilem
1291 2601 1410 2696 ignem
1435 2599 1620 2697 opposito,
1644 2611 1716 2668 1313
1742 2620 1763 2665 3
1788 2596 1949 2693 corporis
1968 2619 2078 2691 quam
2154 2575 2158 2584 ¹

488 2717 615 2788 animae
631 2717 848 2791 liberaverit⁸
866 2719 1046 2791 incendio.
1069 2719 1210 2791 Nullam
1231 2719 1399 2791 novimus
1418 2717 1585 2788 monachi
1605 2715 1782 2786 cucullam
1801 2712 1966 2785 beneficii
1993 2713 2080 2785 tanti

488 2837 635 2933 gratiam
657 2862 734 2909 esse
751 2839 931 2938 adeptam.
954 2842 1116 2937 Legimus
1139 2841 1286 2938 quidem
1309 2839 1355 2910 ad
1379 2851 1512 2910 tactum
1542 2837 1638 2936 pallii
1666 2835 1748 2908 Eliae
1780 2836 1973 2907 Jordanem
2005 2859 2080 2906 esse

487 2952 657 3046 divisum,
679 2973 714 3029 et
732 2958 799 3056 ipsi
818 2961 951 3058 pariter
969 2975 1004 3032 et
1024 2961 1147 3033 Elisaeo
1168 2962 1263 3033 viam
1286 2985 1350 3058 per
1376 2972 1507 3030 terram
1525 2957 1755 3058 prebuisselt
1773 2955 1854 3028 velo
1873 2969 1994 3026 autern
2013 2955 2082 3026 vir·

490 3076 580 3172 giuis
602 3079 815 3151 immensam
839 3081 959 3154 adhuc
976 3079 1130 3154 inlidelis
1155 3080 1281 3181 populi
1300 3079 1568 3152 multitudinem
1589 3095 1662 3152 tam
1683 3094 1804 3152 mente
1826 3078 1953 3150 salvari
1971 3101 2083 3174 quam

489 3222 654 3298 corpore,
671 3201 767 3271 etsie
779 3202 829 3274 eis
843 3203 1025 3274 conversis
1038 3203 1085 3274 ad
1097 3202 1536 3301 coelestiaviampatuisse.
1552 3200 1643 3272 lllud
1655 3225 1800 3297 quoque
1812 3223 1885 3270 non
1896 3198 2084 3270 modicum

490 3333 691 3390 sanctarum
715 3319 923 3417 dignitatem
950 3321 1181 3394 commendat
1200 3323 1433 3412 seminarum,
1454 3321 1554 3417 quod
1575 3321 1611 3392 in
1632 3321 1704 3392 suis
1721 3323 1805 3417 ipsae
1821 3317 1939 3390 verbis
1957 3343 2086 3389 conse·

490 3452 647 3550 orantur,
668 3439 854 3511 dicentes:
881 3440 1058 3538 «Annulo
1076 3466 1142 3513 suo
1166 3441 1391 3513 subarrhavit
1415 3465 1493 3532 me,
1520 3442 1587 3540 ipsi
1614 3465 1694 3512 sum
1717 3440 1979 3537 desponsata.»
2002 3443 2088 3510 llaec

491 3559 623 3656 quippe
635 3558 743 3630 verba
760 3575 844 3632 sunt
856 3559 967 3634 beatae
986 3563 1148 3658 Agnetis,
1166 3563 1202 3633 iu
1216 3561 1346 3659 quibus
1361 3563 1514 3659 virgines
1527 3586 1628 3632 snam
1644 3560 1902 3660 professionem
1916 3559 2089 3630 facientes

490 3677 630 3748 Christo
643 3677 917 3777 desponsantur.
934 3681 971 3752 Si
984 3683 1065 3778 quis
1076 3683 1183 3755 etiam
1196 3697 1318 3754 vestrae
1331 3681 1511 3779 religionis
1525 3681 1678 3754 sormam
1696 3705 1738 3751 ac
1758 3678 1967 3776 dignitatem
1987 3677 2090 3775 apud

493 3796 639 3892 gentiles
648 3823 864 3896 cognoscere
876 3816 993 3892 curet,
1008 3816 1116 3899 atque
1127 3802 1300 3875 nonnulla
1309 3801 1394 3874 inde
1405 3826 1551 3899 quoque
1563 3799 1725 3898 exempla
1739 3799 1785 3870 311
1798 3798 2092 3870 exhortationem

494 3933 646 3988 vestram
668 3921 856 4011 inducere3
879 3921 980 3996 facile
1000 3922 1247 4021 deprehendet
1266 3925 1303 3996 in
1322 3923 1407 4023 ipsis
1426 3924 1533 3994 etiam
1551 3920 1763 3992 nonnullam
1786 3919 1893 4016 hujus
1910 3921 2093 4017 propositi

494 4039 752 4113 institutionem
769 4044 1007 4141 praecessisse,
1032 4061 1181 4143 excepto
1199 4043 1300 4143 quod
1318 4045 1364 4116 ad
1383 4041 1467 4117 fidei
1484 4045 1640 4143 pertinet
1653 4058 1836 4132 tenorem3
1861 4056 1896 4114 et
1916 4040 2034 4114 multa
2055 4041 2095 4112 in

494 4158 560 4230 illis
571 4161 661 4232 sicut
679 4175 715 4232 et
727 4162 855 4234 Judaeis
868 4165 1105 4262 praecessisse,
1122 4189 1202 4261 quae
1215 4189 1258 4236 ex
1273 4165 1431 4262 utrisque
1443 4178 1656 4261 congregata
1669 4161 1823 4235 Ecclesia
1838 4161 2003 4251 retinuit,
2026 4161 2096 4232 sed

492 4281 528 4350 in
542 4279 667 4352 melius
677 4284 920 4354 commutavit.
931 4286 1019 4372 Quis
1026 4286 1160 4356 nesciat
1174 4285 1359 4356 universos
1372 4283 1584 4355 clericorum
1597 4282 1743 4354 ordines
1754 4281 1800 4354 ab
1811 4281 1957 4354 ostiario
1971 4306 2098 4378 usque

493 4399 539 4470 ad
553 4403 781 4500 episcopum,
801 4404 990 4502 ipsumque
1004 4420 1160 4478 tonsure
1173 4431 1276 4478 usum
1290 4405 1547 4495 ecclesiastice,
1565 4425 1636 4502 qua
1648 4402 1767 4478 clerici
1780 4402 1890 4492 fiunt,
1904 4415 1941 4473 et
1951 4400 2102 4497 jejunia

493 4538 647 4618 quatuor
665 4538 889 4622 temporum,
911 4539 946 4596 et
971 4527 1168 4597 azimorum
1188 4525 1417 4617 sacrificium,
1440 4549 1584 4596 necnon
1597 4525 1674 4622 ipsa
1688 4521 1961 4595 sacerdotalium
1980 4521 2102 4593 indu-

495 4657 699 4715 mentorum
713 4660 945 4734 omamenta,
967 4661 1002 4716 et
1020 4645 1195 4718 nonnulla
1207 4646 1443 4719 dedicationis
1459 4645 1514 4716 vel
1528 4645 1595 4716 alia
1610 4657 1847 4733 sacramenta,
1868 4665 1889 4712 a
1908 4665 2106 4739 synagoga

495 4762 687 4834 Ecclesiam
701 4765 960 4864 assumpsisse?
980 4767 1069 4853 Quis
1089 4767 1195 4838 etiam
1217 4768 1356 4866 ignoret
1373 4769 1488 4865 ipsam
1507 4765 1697 4836 ‘utilissima
1723 4763 1991 4862 dispensatione
2014 4787 2107 4834 non

495 4881 612 4952 solum
625 4883 837 4957 secularium
857 4884 1068 4983 dignitatum
1086 4887 1215 4985 gradus
1234 4889 1270 4961 in
1284 4886 1445 4985 regibus,
1462 4885 1668 4982 caterisque
1688 4882 1927 4982 principibus,
1944 4897 1980 4954 et
2000 4905 2109 4954 non·

529 5191 536 5216 ‘
556 5192 597 5242 Sic
612 5191 727 5242 l).-Hac
741 5191 1040 5248 Edd-'Dtmteontem
1060 5197 1275 5249 Cl).-Dr'mtcotrte
1308 5196 1363 5234 -'
1383 5199 1496 5261 133331,
1520 5209 1576 5262 cap.
1597 5211 1648 5258 xvv,
1670 5212 1694 5247 1.
1715 5197 1741 5246 1.
1760 5223 1788 5232 --
1809 5195 1819 5223 ⁸
1840 5195 1964 5245 1111111111
1982 5192 2046 5245 GD.
2076 5225 2114 5234 -

498 5275 558 5324 Edd.
576 5301 602 5313 -
612 5277 622 5303 ⁸
632 5275 729 5339 Matth,
751 5292 807 5345 cap.
823 5295 879 5344 nr,
901 5295 924 5330 1.
939 5283 963 5332 3.
976 5309 1007 5320 -
1021 5280 1084 5333 ‘Sic
1096 5281 1124 5332 1).
1136 5283 1197 5332 -Et
1209 5282 1274 5334 Edd.
1310 5281 1392 5346 11119.
1408 5280 1450 5343 lV,
1463 5295 1518 5346 cap.
1532 5297 1563 5342 n,
1577 5296 1601 5330 1.
1617 5281 1642 5331 8.
