4486 6100
208 773 241 832 Iu
253 775 342 832 David
354 778 453 834 caritas
466 783 582 854 perfecti
595 789 734 859 noscitur,

207 863 275 935 Qua
287 884 369 923 sevos
380 867 435 925 '....
449 881 478 926 et
490 871 583 930 hostes
602 877 797 952 amplectitur,

205 953 335 1029 Pepemit
347 957 424 1015 Sauli
434 978 518 1035 quem
529 963 636 1036 planxit
648 980 808 1041 mortuum,

206 1044 296 1102 Morte
308 1065 373 1104 mox
384 1051 505 1122 puniens
516 1054 678 1114 mendacem
692 1063 834 1118 nuntium.

203 1183 341 1240 Hostilem
354 1188 454 1262 religat
465 1191 623 1268 praedonem
635 1199 749 1268 caritas,

203 1271 261 1328 Nec
271 1275 326 1330 erit
338 1277 435 1334 anima
447 1299 511 1336 cum
523 1282 576 1338 hac
588 1286 745 1359 captivitas,
831 1302 837 1312 ·

203 1360 259 1418 Ubi
271 1363 407 1436 deluerit,
421 1370 493 1427 salus
505 1374 655 1446 amittitur,

202 1451 237 1506 Et
249 1458 337 1512 nostri
351 1461 471 1532 pectoris
488 1464 556 1520 urbs
570 1464 643 1522 hosti
655 1468 788 1528 traditur.

198 1594 319 1652 Perenni
333 1599 471 1673 Domino,
485 1615 539 1663 etc.

527 1773 636 1833 XXIV.

196 1903 281 1976 Quod
293 1915 356 1962 etas
368 1909 458 1966 saeculi
473 1913 573 1988 quinta
587 1917 765 1993 perducitur,

194 1993 240 2048 Ad
252 1993 359 2052 Christi
371 2008 498 2074 tempora
511 2022 526 2059 a
541 2005 636 2063 multis
652 2011 789 2083 traditur,

194 2082 228 2138 In
240 2084 340 2140 mundi
351 2089 428 2145 senio
441 2109 529 2149 nurus
540 2093 575 2150 ad
587 2107 717 2170 veterem,

194 2170 234 2227 Ut
247 2190 314 2230 enm
326 2190 456 2250 renovet,
470 2183 570 2240 missus
579 2197 622 2244 est
632 2188 789 2262 hominem,

193 2311 340 2371 Delectum
355 2317 457 2376 virium
468 2336 596 2382 senectus
607 2331 728 2402 patitur,

193 2401 229 2459 Et
240 2405 340 2462 mundi
352 2409 459 2466 senium
472 2413 527 2469 hoc
540 2427 616 2473 recte
631 2418 751 2490 dicitur,

191 2493 224 2548 In
240 2512 298 2569 quo
309 2499 454 2556 consulere
466 2502 554 2574 virtus
562 2505 698 2565 llltissimi

191 2583 334 2642 Bonorum
347 2591 474 2647 omnium
486 2596 563 2652 venit
578 2597 711 2656 delectui.

189 2727 253 2782 Iam
270 2732 441 2801 preterierat
458 2746 569 2808 patrum
582 2738 698 2815 religio,

187 2816 336 2891 Prophetae
347 2821 477 2894 deerant,
493 2825 598 2884 defecit
610 2833 719 2896 unctio,

189 2908 287 2979 Quum
300 2910 378 2968 hunc
391 2914 544 2988 injunxerit
557 2919 649 2976 divina
662 2911 762 2997 gratia,

187 2997 244 3069 Qui
258 3001 422 3074 spiritaliter
434 3018 571 3066 restauret
584 3013 687 3070 omnia.
734 3061 739 3069 .

186 3138 308 3197 Perenni
320 3143 441 3203 Domino
451 3189 460 3220 ‚
472 3160 525 3205 etc.

522 3325 617 3384 XXV.

183 3458 224 3512 Ex
236 3461 317 3534 aquis
328 3457 414 3519 hodie
424 3463 546 3522 viventes
560 3469 666 3525 animas

179 3547 306 3604 Produci
318 3547 415 3606 docuit
427 3553 577 3628 Scriptura
589 3561 702 3631 veritas,

179 3636 258 3707 Quia
271 3637 447 3712 baptismatis
459 3641 572 3701 absente
583 3646 690 3705 lavacro

176 3726 295 3783 Morum
309 3747 367 3785 nou
381 3732 482 3789 sufficit
496 3737 687 3796 catechizatio.

176 3855 236 3909 Hic
247 3866 339 3913 mater
350 3861 439 3933 gratia
453 3863 552 3937 sepelit
564 3877 702 3939 veterem,

173 3944 255 4000 Hinc
270 3964 373 4005 norum
387 3950 432 4024 pia
444 3950 522 4026 plebs
537 3958 652 4032 suscipit
666 3961 828 4034 bominem,

172 4033 237 4104 Qui
249 4049 453 4095 sacramentum
463 4041 518 4098 boc
530 4044 653 4119 primum
665 4049 807 4122 exhibuit,

169 4123 340 4182 Adventum
357 4129 471 4188 Domini
485 4133 606 4209 Baptista
618 4143 759 4211 prevenit.

167 4257 214 4311 In
225 4259 331 4333 quinte
344 4260 467 4318 mittitur
478 4266 564 4323 utatis
577 4278 717 4344 tempore,

167 4347 291 4418 Quinte
305 4354 470 4423 mysterium
488 4355 537 4430 qni
555 4359 660 4431 pandat
673 4361 757 4420 feriae.

166 4437 235 4507 Qui
249 4437 311 4494 finis
323 4450 449 4498 veterum
461 4461 531 4501 nova
542 4446 591 4503 dat
601 4448 725 4520 lavacra,

163 4525 263 4596 Quasi
276 4528 445 4601 produceret
458 4533 524 4592 hinc
541 4537 703 4599 animantia.

160 4657 297 4723 Perenni
308 4659 444 4734 DomIno,
459 4675 524 4723 etc:

505 4838 613 4900 XXVI,

155 4959 256 5016 Sexta
267 4969 326 5015 tam
337 4961 487 5021 homiuum
502 4978 565 5025 etas
576 4989 660 5046 qnam
674 4984 833 5049 temporum

152 5049 248 5105 Meta
262 5049 304 5105 vel
318 5049 382 5108 finis
395 5064 437 5110 est
448 5066 557 5114 etatum
571 5063 710 5132 omnium,

895 654 1105 738 ctutum.
1723 693 1794 766 305

1020 806 1098 863 Finis
1111 811 1256 884 perficiens
1269 817 1408 876 bonorum
1420 822 1551 882 Christus
1562 841 1613 898 est,

1020 896 1112 955 AEtate
1122 901 1212 958 sacch
1225 917 1299 964 sexta
1313 909 1362 984 qni
1375 929 1470 984 passus
1482 926 1534 974 est.

1015 1037 1106 1111 Ipsius
1118 1043 1225 1115 passio,
1239 1059 1331 1105 nemra
1344 1050 1512 1128 redemptio,

1016 1127 1160 1188 Bonorum
1169 1145 1213 1190 est
1228 1139 1356 1196 omnium
1368 1151 1398 1198 et
1408 1150 1644 1220 consummatio’;

1015 1216 1117 1276 Salutis
1129 1233 1226 1281 cetera
1236 1239 1303 1286 sunt
1314 1230 1500 1304 adminicula,

1015 1307 1080 1364 ttae
1093 1321 1136 1368 est
1146 1315 1295 1389 completio
1310 1319 1407 1376 salutis
1418 1321 1520 1380 hostia.

1015 1449 1075 1507 Hac
1088 1452 1134 1510 die
1144 1458 1273 1517 conditus
1286 1462 1373 1521 homo
1384 1483 1413 1522 se
1425 1467 1566 1541 perdidit;

1015 1538 1118 1598 Eadem
1132 1547 1261 1605 conditor
1275 1551 1367 1626 ipsum
1381 1557 1516 1628 restituit,

1012 1628 1132 1706 Propter
1142 1654 1226 1711 quem
1240 1640 1353 1698 subiens
1365 1647 1457 1702 erucis
1468 1649 1663 1723 suspendium,

1014 1718 1054 1776 Ut
1065 1740 1174 1782 serrum
1187 1727 1321 1802 redimat,
1335 1751 1364 1788 se
1377 1734 1455 1792 dedit
1467 1740 1600 1810 pretium.

1012 1859 1053 1916 De
1065 1875 1139 1921 costa
1152 1867 1203 1924 viri
1218 1869 1250 1926 lit
1261 1875 1344 1945 sopiti
1360 1876 1474 1934 femina.

1011 1950 1067 2008 Ubi
1080 1953 1224 2028 Christus,
1239 1979 1339 2035 sponsa
1355 1965 1415 2038 ejus
1428 1978 1470 2023 est
1484 1968 1604 2025 Ecclesia
1614 1970 1640 2039 ’ς

1009 2041 1086 2098 Mors
1097 2045 1204 2104 Christi
1215 2067 1300 2124 sopor
1311 2064 1369 2124 cst,
1383 2055 1419 2112 de
1432 2057 1512 2130 cujus
1524 2057 1609 2115 latere

1009 2130 1067 2188 Nos
1083 2137 1201 2194 mundat
1216 2141 1350 2212 prodiens
1360 2161 1433 2220 aque
1445 2165 1509 2203 cum
1523 2151 1667 2224 sauguine.

1008 2268 1060 2326 Ilei
1073 2273 1224 2346 cujuslibet
1236 2280 1296 2352 ejus
1309 2282 1458 2358 imaginem

1008 2359 1170 2434 Expressam
1185 2367 1305 2426 dicimus
1318 2373 1530 2434 similitudinem
1542 2402 1549 2446 ;

1007 2451 1092 2521 Quod
1105 2473 1170 2512 vcro
1186 2459 1340 2532 quamlibet
1351 2483 1412 2520 rem
1427 2485 1529 2524 munus
1542 2472 1690 2544 exprimit,

1005 2540 1206 2602 Similitudinis
1218 2567 1321 2607 nomeu
1334 2571 1390 2609 non
1403 2555 1517 2631 refugit.

1006 2682 1107 2739 Virum
1121 2696 1150 2742 et
1160 2686 1269 2746 femine
1281 2711 1396 2766 pmesee
1408 2700 1546 2768 novimus,

1001 2771 1069 2846 Ejus
1082 2773 1118 2830 de
1129 2795 1247 2852 corpore
1265 2799 1349 2856 quam
1366 2789 1484 2860 sumpsit
1497 2789 1643 2846 Dominus.

1002 2862 1076 2918 Hinc
1088 2865 1140 2921 Dei
1158 2865 1279 2924 dicimus
1292 2872 1382 2929 virum
1396 2876 1547 2950 imaginem

1003 2951 1127 3028 Eiusque
1138 2955 1271 3014 seminam
1287 2962 1511 3024 similitudinem.

1001 3091 1066 3163 Quo
1077 3112 1178 3170 nempe
1190 3099 1279 3171 major
1290 3113 1333 3158 est
1343 3105 1396 3160 viri
1408 3105 1579 3177 sublimitas,

998 3182 1093 3256 Atque
1103 3188 1233 3256 potentie
1245 3191 1377 3262 precellit
1388 3193 1527 3268 dignitas,

999 3271 1040 3325 Eo
1052 3272 1092 3328 vir
1104 3275 1223 3348 amplius
1239 3289 1282 3336 est
1295 3280 1354 3337 Deo
1367 3284 1484 3354 similis,

997 3360 1095 3430 Quum
1107 3363 1180 3420 hanc
1193 3370 1305 3425 stratio
1317 3385 1458 3447 preponat
1470 3379 1586 3434 ceteris.

996 3499 1117 3558 Perenni
1130 3503 1267 3576 Domino,
1282 3519 1335 3565 etc.

1320 3689 1444 3750 XXVII.

995 3827 1091 3882 Finem
1107 3847 1138 3883 ac
1152 3830 1278 3904 requiem
1289 3831 1417 3889 laborum
1431 3837 1558 3894 omnium

993 3915 1180 3973 Beatitudinis
1192 3918 1313 3993 imponit
1325 3920 1485 3982 brachium.

993 4005 1038 4061 Ad
1054 4006 1126 4062 hanc
1140 4009 1314 4082 pertingitur
1327 4029 1378 4085 per
1388 4015 1584 4087 precedentis,

993 4096 1062 4165 Qua
1074 4113 1120 4152 sex
1135 4097 1292 4172 significant
1306 4099 1418 4158 dierum
1430 4122 1525 4180 opera.

993 4244 1089 4316 Fides,
1103 4263 1164 4320 spes
1175 4246 1221 4302 illa
1234 4259 1314 4318 sunt,
1328 4251 1428 4324 timor,
1442 4253 1570 4324 dilectio,

992 4333 1124 4408 baptismi
1142 4337 1229 4410 gratia
1242 4338 1405 4416 Christique
1416 4345 1516 4416 passio.

992 4423 1083 4496 Hujus
1095 4427 1197 4482 senarii
1209 4426 1299 4484 beatis
1316 4429 1448 4504 gradibus
1466 4485 1470 4494 ,

992 4513 1177 4572 Beatitudinis
1189 4518 1314 4575 succedit
1326 4519 1429 4576 aditus.

989 4663 1042 4717 Per
1054 4663 1156 4736 gradus
1169 4666 1294 4740 singulos
1307 4667 1398 4725 deduc
1411 4687 1473 4740 nos,
1491 4671 1625 4741 Domine,

988 4753 1028 4809 Ut
1039 4767 1144 4830 queant
1157 4759 1280 4815 membra
1293 4770 1321 4816 te
1332 4771 1416 4834 caput
1431 4763 1614 4836 apprendere,

988 4846 1021 4901 In
1031 4849 1089 4904 veri
1101 4848 1208 4906 sabbati
1220 4852 1338 4925 perenni
1352 4851 1452 4927 gloria,

988 4935 1077 5007 Cujus
1089 4951 1256 5013 exsuperant
1268 4960 1350 5000 omne
1362 4962 1411 5000 cor
1423 4945 1534 5019 gaudia.

987 5075 1107 5133 Perenni
1118 5079 1255 5149 Domino,
1271 5092 1326 5141 etc.

196 5249 207 5276 ¹
232 5249 279 5303 llic
293 5252 393 5308 verbum
403 5257 524 5324 quoddam
535 5263 634 5314 excidit.
649 5291 677 5304 -
695 5264 705 5292 ¹
721 5267 762 5320 Sic
774 5269 836 5321 cod.
846 5297 863 5310 -
874 5273 919 5323 Eat
932 5273 1063 5329 delendum
1073 5293 1127 5332 esse
1140 5279 1244 5332 ridetur.
1256 5309 1285 5321 ·-
1301 5283 1312 5312 ⁸
1326 5284 1367 5338 Sic
1380 5285 1441 5338 God-
1456 5288 1529 5342 Bratx.

1581 5383 1622 5445 39
