4574 6110
478 588 550 660 358
1079 599 1208 673 PETRI
1233 600 1468 674 ABAELARDI

481 728 527 800 de
543 728 683 801 honore
701 753 848 804 snorum
861 735 897 804 in
912 735 991 834 ipso
1004 762 1151 838 qnoque
1167 741 1314 814 nomine
1332 739 1498 839 diguatus
1511 757 1564 814 cst
1576 741 1787 841 providere,
1799 758 1838 818 tn
1853 750 2065 822 econtrario

481 849 645 924 servilem
663 851 727 923 tibi
748 853 996 930 conditionem
1017 883 1092 934 uon
1118 859 1296 934 erubescis
1324 861 1512 936 ascribere.
1533 867 1604 955 lta,
1622 862 1790 954 domina,
1810 881 1850 937 ut
1866 891 1910 940 ex
1927 883 2063 967 teprae-

481 970 585 1070 cipue
601 971 661 1043 illa
677 972 885 1048 humilitatis
903 979 1066 1077 exempla
1090 996 1288 1073 sumantur,
1308 983 1356 1056 ad
1378 1009 1457 1081 quae
1477 1008 1544 1056 uos
1562 985 1742 1086 Scriptura
1762 985 1954 1062 exhortans
1972 989 2059 1062 ait¹:

482 1119 501 1158 ιι
517 1094 661 1178 Quanto
676 1094 858 1190 majores,
873 1097 1021 1170 humilia
1036 1115 1069 1172 te
1085 1099 1122 1172 in
1141 1101 1321 1174 omnibus.
1343 1108 1395 1176 Ex
1406 1104 1474 1176 hac
1487 1105 1639 1176 maxime
1654 1103 1861 1180 humilitatis
1873 1108 2003 1180 virtute
2020 1109 2063 1183 ad

480 1211 587 1307 hujus
614 1215 861 1310 promissionis
888 1219 1134 1294 celsitudinem
1156 1223 1317 1295 meruisti
1340 1223 1594 1302 conscendere.
1623 1229 1676 1297 Ex
1697 1225 1765 1300 hac
1790 1241 1857 1300 tuae
1874 1227 2064 1328 disciplina

481 1332 622 1428 regula,
645 1336 744 1433 virgo
763 1337 823 1411 illa
840 1340 891 1412 tui
912 1341 1080 1444 imitatrix
1097 1343 1248 1440 Agatha,
1268 1359 1303 1417 et
1320 1370 1391 1417 nna
1410 1345 1455 1419 de
1469 1369 1621 1418 numero
1637 1345 1876 1444 prudentum,
1896 1349 2063 1422 instructa

388 1475 391 1482 ·
481 1453 646 1528 dicebat:
670 1487 687 1524 ιι
706 1459 838 1532 Ancilla
857 1460 987 1534 Christi
1009 1487 1108 1554 sum,
1135 1463 1218 1536 ideo
1236 1490 1296 1537 me
1314 1465 1466 1540 ostendo
1488 1465 1651 1540 servilem
1676 1491 1880 1566 personam.
1901 1495 1918 1536 ιι
1942 1473 1986 1540 Et
1998 1470 2063 1541 ite·

456 1581 588 1646 ·rum:
613 1580 795 1652 «Summa
817 1581 1016 1678 ingenuitas
1036 1583 1101 1654 ista
1122 1599 1191 1676 est,
1217 1587 1344 1683 inqua
1370 1587 1519 1660 servitus
1543 1587 1674 1660 Christi
1697 1587 1965 1686 comprobatur.
1992 1618 2010 1656 ιι
2025 1595 2069 1684 ΙιιΙ

479 1693 573 1768 hanc
588 1711 708 1770 tamen
726 1701 885 1798 regulam
906 1717 942 1774 et
956 1702 1162 1776 humilitatis
1179 1705 1332 1779 formam
1347 1723 1427 1780 tuus
1446 1708 1539 1806 ipse,
1560 1709 1598 1780 ni
1611 1707 1727 1797 fallor,
1746 1709 1848 1806 quasi
1866 1732 1954 1782 avus
1965 1723 1999 1780 te
2013 1710 2063 1782 iu·

459 1815 650 1909 duxerat,
671 1820 809 1894 dicens*
832 1850 839 1892 :
864 1853 881 1892 a
905 1824 1015 1915 Audi,
1040 1825 1134 1914 lilia,
1156 1841 1191 1898 et
1209 1826 1309 1917 vide,
1334 1842 1370 1899 et
1392 1826 1523 1900 inclina
1540 1850 1665 1899 aurem
1682 1842 1804 1919 tuam,
1824 1843 1891 1902 etc.
1909 1857 1926 1894 n
1947 1832 2063 1916 Quum

384 1939 396 1964 ⁹
467 1938 579 2014 ,enirn
592 1937 638 2010 de
652 1939 838 2014 altitudine
851 1942 957 2040 hujus
970 1945 1217 2044 promissionis
1232 1944 1280 2018 ad
1299 1959 1335 2016 te
1353 1945 1463 2017 filiam
1485 1969 1588 2018 suam
1606 1945 1735 2018 factam
1750 1947 1994 2045 prumisisset,
2013 1947 2062 2020 di·

481 2062 607 2130 cens’:
628 2059 802 2135 «Adstitit
823 2065 945 2161 regina
965 2089 986 2136 a
1003 2065 1135 2137 dextris
1161 2065 1249 2156 tuis,
1270 2079 1338 2137 eto.
1362 2093 1379 2132 r
1400 2043 1524 2136 statim¹
1538 2063 1585 2136 dc
1606 2063 1806 2138 hnmilitate
1823 2067 2063 2140 conservanda

482 2179 686 2273 admonuit,
708 2183 949 2282 subjungens:
974 2215 991 2253 ιι
1014 2184 1126 2275 Audi,
1148 2183 1242 2275 filia,
1270 2199 1339 2256 etc.
1360 2211 1378 2251 ιι
1397 2188 1446 2256 Ac
1464 2185 1495 2258 si
1514 2198 1636 2283 aperte
1660 2183 1779 2260 dicat:
1799 2189 1969 2284 Magnum
1994 2203 2060 2276 est,

481 2297 566 2392 filia,
583 2301 861 2400 incomparabile
875 2304 1014 2378 bonum
1033 2319 1068 2376 te
1085 2303 1234 2376 coelestis
1250 2303 1342 2400 regis
1361 2327 1529 2401 sponsam
1548 2301 1640 2376 effici
1657 2303 1894 2403 spiritualem,
1915 2319 1956 2378 ut
1968 2309 2063 2403 quasi

482 2425 602 2519 regina
615 2426 788 2499 coelorum
800 2428 833 2499 ei
849 2427 976 2523 juncto
987 2425 1098 2498 latere
1111 2427 1270 2518 assistas,
1294 2441 1329 2500 et
1342 2435 1507 2518 cumen,
1527 2442 1673 2501 caeteros
1691 2452 1817 2500 omues
1835 2427 2062 2527 praeconata

482 2544 610 2616 vestitu
628 2544 819 2632 deaurat03
840 2547 911 2618 hoc
925 2560 979 2618 est
991 2548 1027 2618 in
1046 2570 1199 2645 corpore
1212 2546 1331 2619 solido
1349 2561 1385 2619 et
1397 2548 1627 2646 incorrupto,
1645 2549 1746 2619 omni
1763 2549 1935 2622 virtutum
1953 2548 2062 2622 direr-

480 2667 583 2736 sitate
604 2667 699 2740 intus
713 2667 899 2739 adornata.
923 2666 996 2738 Sed
1016 2668 1101 2764 quia
1119 2691 1249 2764 magna
1273 2680 1357 2742 sunt
1373 2667 1533 2740 femineae
1552 2681 1687 2742 uaturae
1705 2681 1803 2740 tanta
1820 2669 2015 2766 praeconia,
2034 2679 2065 2740 et

481 2783 648 2856 lrumauae
665 2783 878 2859 infirmitatis
901 2799 973 2858 tam
997 2785 1173 2859 excellens
1199 2785 1330 2884 gloria,
1355 2787 1442 2859 audi
1464 2811 1544 2885 quae
1563 2777 1745 2878 dicuutur,
1775 2801 1811 2860 et
1839 2785 2063 2885 intelligendo

482 2905 563 2976 vide
580 2933 588 2975 ε
609 2920 650 2977 ut
662 2931 780 3002 prtum
797 2907 873 2980 haec
893 2906 956 2979 tibi
974 2906 1254 2998 nuntiabuntur,
1271 2932 1346 2980 nou
1360 2906 1501 2980 diffidas
1519 2907 1681 3007 impleri,
1696 2921 1851 2980 ettantae
1862 2909 2063 3006 promissio·

482 3025 537 3096 nis
559 3025 783 3100 altitudinem
800 3052 885 3101 aure
898 3027 1026 3101 humili
1043 3029 1199 3130 suscipe,
1220 3029 1326 3127 quasi
1343 3027 1589 3105 obliviscendo
1606 3028 1783 3128 populum
1802 3043 1924 3118 tuum,
1952 3045 1988 3102 et
2005 3028 2063 3112 do·

483 3147 702 3247 mumpatris
717 3175 725 3219 :
738 3148 809 3219 hoc
823 3163 895 3239 cst,
911 3173 986 3221 non
1004 3149 1245 3250 superbiendo
1257 3149 1303 3222 de
1315 3173 1444 3248 genere
1457 3144 1557 3222 ludae
1576 3163 1613 3220 et
1623 3149 1718 3246 regia
1730 3149 1858 3247 stirpe,
1877 3173 1944 3222 uec
1960 3163 2063 3223 atten·
2136 3189 2139 3194 Α
2231 3199 2232 3226 ι

482 3265 603 3338 dendo
622 3267 709 3364 quid
725 3267 859 3341 habeas
879 3295 922 3340 cx
942 3285 1091 3361 natura,
1112 3268 1176 3342 sed
1192 3269 1282 3368 qnid
1307 3269 1371 3340 tibi
1388 3268 1592 3342 conferatur
1609 3293 1653 3340 ex
1668 3269 1791 3366 gratia.
1811 3271 1924 3365 Atque
1942 3269 1992 3340 ita
2010 3291 2064 3338 rex

483 3387 541 3459 ille
568 3386 718 3462 coelestis
736 3392 964 3489 concupiscet
983 3389 1151 3464 decorem
1176 3405 1298 3480 tuum,
1318 3391 1382 3487 qui
1406 3389 1569 3489 superbis
1588 3389 1717 3463 resistit
1734 3413 1875 3486 semper
1899 3402 1935 3460 et
1955 3386 2065 3460 bumi-

482 3505 576 3580 libus
605 3506 666 3579 dat
692 3487 852 3605 gratiam.
874 3511 983 3606 Cujus
1005 3509 1152 3607 quidem
1176 3509 1451 3601 exhortationis,
1472 3509 1637 3599 domina,
1660 3531 1735 3580 non
1754 3489 1945 3580 immemor
1962 3507 2061 3594 facta,

483 3627 601 3702 dixisti
620 3662 630 3697 -ι
654 3659 672 3697 ιι
693 3632 783 3702 Ecce
803 3629 929 3702 ancilla
952 3630 1106 3732 Domini.
1131 3657 1148 3697 ιι
1169 3633 1214 3701 Et
1233 3653 1400 3702 rursum:
1426 3630 1555 3716 «Quia
1575 3627 1730 3729 respexit
1753 3627 1991 3700 bumilitatem
2008 3649 2064 3698 an·

484 3749 571 3822 cillae
606 3775 689 3823 suae.
724 3779 741 3818 ιι
771 3755 821 3822 Ex
852 3774 923 3849 qua
952 3753 1114 3850 prolecto
1149 3749 1348 3824 humilitate
1386 3751 1546 3822 meruisti
1574 3748 1674 3848 quod
1704 3750 1864 3847 sequitur
1896 3749 2062 3824 obtinere.

486 3897 504 3936 ιι
524 3871 599 3944 Fiat
614 3870 703 3942 mihi
715 3871 913 3944 secundum
929 3871 1080 3944 verbum
1098 3886 1211 3943 tunm.
1231 3900 1248 3939 ιι
1267 3875 1345 3944 Hoc
1363 3883 1436 3960 est,
1458 3883 1498 3941 ut
1510 3870 1628 3968 ipsum
1640 3869 1706 3942 Dei
1720 3867 1878 3942 Verbum
1886 3869 1988 3974 juxta
2006 3882 2065 3939 tna

483 3990 728 4083 promissionis
742 3991 891 4064 verbum
906 3992 1108 4090 concipiam
1126 3991 1285 4088 integra,
1300 4003 1336 4064 et
1349 3990 1486 4089 pariam
1504 3991 1724 4089 incorrupta.
1743 3995 1868 4062 Arnen.

519 4227 525 4250 ¹
546 4227 653 4286 Eccita„
665 4239 722 4292 cap.
738 4243 777 4288 ru,
790 4243 814 4278 ιι.
827 4230 868 4278 20.
881 4256 909 4266 -
923 4227 1003 4293 'llam
1017 4231 1062 4290 tr,
1074 4193 1135 4296 cap..
1145 4247 1203 4294 xix,
1213 4244 1240 4282 t.
1255 4227 1450 4282 ta-'num
1464 4242 1529 4292 ιιιι,
1540 4242 1564 4278 v.
1581 4231 1617 4278 to.
