4522 6102
463 657 532 728 tals
890 651 1017 721 PETRI
1046 650 1277 722 lBAEtlttnt
1303 651 1358 720 ΕΤ
1383 649 1607 721 HELOlSSAE

374 847 377 856 .
461 795 588 866 mulier
607 818 681 878 non
703 806 838 864 mutato
861 791 1003 882 habitu,
1029 802 1103 862 non'
1127 805 1324 889 praeparato
1355 790 1470 881 cultu,
1497 791 1581 890 ipsis
1603 815 1748 888 quoque
1771 790 2032 888 indignantibus

460 915 628 1013 apostolis
641 914 716 983 haec
733 915 770 982 in
789 911 930 984 Christo
945 925 1164 984 sacramenta
1182 911 1337 1008 peragit3
1354 936 1427 984 non
1451 911 1663 1009 praelationis
1686 911 1821 1001 officio,
1841 912 1904 984 scd
1928 913 2032 984 devo-

460 1037 564 1106 tionis
578 1040 586 1072 ¹
601 1035 740 1105 merito.
755 1036 787 1102 Ο
801 1057 967 1128 magnam
979 1032 1061 1102 fidei
1076 1032 1311 1103 constantiam
1325 1031 1332 1102 l
1344 1056 1367 1102 o
1381 1031 1651 1104 inestimabilem
1664 1031 1842 1104 charitatis
1853 1033 2029 1122 ardorem,

458 1179 536 1251 quae
559 1184 576 1220 u
594 1153 716 1224 omnia
735 1151 864 1240 credit,
893 1153 1014 1222 omnia
1043 1166 1176 1249 sperat,
1208 1152 1328 1222 omnia
1354 1151 1532 1222 sustinet¹.
1553 1179 1571 1218 u
1596 1155 1792 1223 Murmurat
1818 1152 2033 1226 Pharisaeus'

459 1273 547 1344 dum
571 1297 591 1344 a
612 1271 809 1369 peccatrice
835 1270 943 1367 pedes
964 1270 1135 1341 dominici
1158 1270 1400 1366 inunguntur:
1420 1269 1648 1366 indignantur
1673 1285 1834 1367 patenter
1857 1271 2030 1368 apostoli,

458 1391 557 1489 quod
572 1391 618 1462 de
641 1391 756 1488 capite
777 1413 922 1485 quoque
941 1387 1069 1460 mulier
1088 1389 1360 1485 praesumpserit.
1387 1393 1588 1460 Perseverat
1606 1388 1927 1485 ubique‘mulieris
1947 1389 2034 1461 fides

458 1512 622 1598 immota,
645 1509 691 1580 de
709 1508 923 1604 benignitate
935 1508 1081 1578 Domini
1099 1507 1255 1597 confisa,
1277 1531 1343 1578 nec
1361 1509 1394 1580 ei
1412 1509 1448 1578 in
1469 1524 1620 1604 utroque
1638 1508 1825 1580 dominica
1849 1533 2033 1582 commen-

459 1631 612 1702 dationis
635 1630 764 1702 desunt
782 1630 957 1726 suffragia.
986 1630 1094 1724 Cujus
1114 1629 1259 1726 quidem
1284 1644 1463 1726 unguenta
1490 1654 1598 1726 quam
1620 1644 1783 1728 accepta,
1803 1653 1912 1726 quam
1939 1645 2034 1727 grata

459 1750 635 1820 Dominus
656 1747 839 1837 habuerit,
857 1750 1006 1847 ipsemet
1023 1747 1210 1846 profitetur
1228 1773 1339 1844 quum
1362 1748 1428 1819 sibi
1452 1747 1527 1819 haec
1544 1749 1713 1820 reservari
1737 1748 1920 1846 postulans
1945 1749 2035 1820 indi·

461 1871 582 1962 gnanti
603 1867 701 1940 Judae
726 1869 854 1939 dixit⁸z
875 1869 992 1940 «Sine
1013 1867 1109 1938 illam
1135 1883 1173 1938 ut
1197 1868 1234 1939 in
1253 1867 1312 1938 die
1337 1867 1523 1967 sepulturae
1542 1891 1628 1940 meae
1646 1883 1761 1940 servet
1777 1867 1877 1939 illud.
1898 1895 1915 1934 u
1937 1873 1984 1938 Ac
2006 1873 2033 1940 si

462 1983 614 2056 diceret:
633 1991 682 2058 Ne
702 1987 850 2083 repellas
869 1987 940 2058 hoc
954 1988 1029 2082 ejus
1040 1985 1252 2082 obsequium
1264 2009 1285 2054 a
1298 1986 1399 2074 vivo,
1420 2011 1466 2056 ne
1479 1985 1678 2058 devotionis
1691 1987 1767 2082 ejus
1779 1986 2033 2059 exhibitionem

461 2105 496 2174 in
517 2105 582 2176 hac
595 2131 740 2203 quoque
759 2131 797 2177 re
815 2107 951 2178 auferas
968 2106 1149 2178 defuncto.
1167 2111 1311 2177 Certum
1324 2107 1456 2205 quippe
1471 2121 1541 2196 est,
1559 2107 1745 2204 sepulturae
1763 2131 1906 2205 quoque
1919 2108 2035 2179 domi-

461 2225 547 2294 nice
566 2241 704 2296 sanctas
716 2223 882 2296 mulieres
899 2240 1059 2296 aromata
1077 2249 1231 2323 parasse.
1257 2225 1365 2310 Quod
1385 2239 1469 2296 tunc
1487 2226 1551 2296 ista
1566 2226 1687 2321 utique
1707 2226 1825 2296 minus
1843 2243 2032 2323 satageret,

460 2347 488 2414 si
514 2369 610 2416 nunc
633 2347 773 2444 repulsa
798 2347 1050 2418 verecundiam
1080 2347 1312 2418 sustinuisset.
1340 2348 1409 2433 Qui
1424 2347 1533 2438 etiam
1557 2349 1658 2443 quasi
1683 2347 1729 2418 de
1758 2363 1855 2419 tanta
1879 2348 2036 2421 mulieris

462 2467 737 2563 praesumptione
756 2466 937 2564 discipulis
955 2464 1243 2563 indignantibus,
1265 2482 1298 2538 et
1314 2482 1351 2536 ut
1364 2469 1502 2538 Marcus
1520 2468 1681 2538 meminit
1697 2472 1720 2556 ⁸,
1737 2468 1774 2538 in
1788 2493 1867 2538 eam
1886 2469 2036 2540 fremen-

462 2582 574 2672 tibus,
595 2607 709 2679 quum
723 2610 784 2656 eos
799 2586 989 2656 mitissimis
1007 2585 1163 2682 fregisset
1175 2587 1369 2682 responsiS,
1386 2586 1423 2656 in
1437 2599 1573 2656 tantum
1591 2585 1662 2657 hoc
1675 2586 1797 2657 extulit
1807 2586 2034 2679 beneficium,

464 2718 500 2771 ut
512 2705 629 2801 ipsum
643 2704 832 2802 Evangelio
851 2705 1080 2776 inserendum
1095 2729 1169 2776 esse
1182 2720 1360 2793 censeret,
1381 2719 1417 2776 et
1433 2729 1515 2775 cum
1530 2706 1608 2802 ipso
1622 2706 1752 2804 pariter
1770 2705 1902 2804 ubique
1914 2708 2039 2805 praedi·

462 2823 617 2894 candum
647 2849 722 2896 esse
752 2824 989 2923 praediceret3
1018 2825 1055 2896 in
1082 2826 1291 2896 memoriam
1317 2824 1448 2896 seilicet
1473 2840 1508 2896 et
1521 2877 1524 2887 .
1537 2825 1680 2896 laudem
1704 2826 1881 2916 mulieris,
1902 2853 1980 2924 quse
2001 2828 2039 2898 id

462 2945 581 3014 fecerit
603 2945 639 3014 in
658 2969 731 3041 quo
749 2969 823 3015 non
849 2944 1036 3016 mediocris
1064 2943 1277 3041 arguebatur
1294 2946 1590 3043 presumptionis.
1616 2946 1724 3032 Quod
1743 2971 1967 3046 nequaquam
1993 2951 2041 3020 de

462 3063 536 3134 aliis
552 3089 845 3161 quarumcunque
866 3089 1099 3161 personarum
1117 3063 1296 3160 obsequiis
1315 3063 1522 3136 auctoritate
1539 3064 1719 3136 dominica
1738 3065 1788 3136 sic
1807 3067 2042 3140 commenda-

463 3197 539 3252 tum
570 3207 646 3252 esse
671 3181 820 3277 legimus
850 3197 955 3278 atque
984 3182 1172 3252 sancitum.
1202 3183 1272 3268 Qui
1297 3181 1426 3252 etiam*
1444 3182 1558 3253 viduae
1586 3185 1751 3280 pauperis
1776 3185 2039 3284 eleemosynam
2238 3181 2239 3184 ¹

464 3299 630 3370 omnibus
649 3300 770 3396 templi
789 3300 974 3396 praeferens
993 3297 1254 3388 oblationibus,
1280 3324 1387 3397 quam
1406 3317 1548 3399 accepta
1561 3302 1606 3372 sit
1619 3303 1652 3374 ei
1665 3301 1876 3376 feminarum
1894 3306 2042 3378 devotio

464 3417 649 3515 diligenter
663 3419 830 3489 ostendit.
856 3425 968 3490 Ausus
986 3417 1131 3515 quidem
1152 3434 1204 3491 est
1224 3425 1346 3491 Petrus
1364 3422 1519 3518 seipsum
1540 3435 1575 3494 et
1599 3424 1824 3515 coapostolos
1843 3449 1927 3496 suos
1944 3430 1956 3466 ⁸
1971 3453 2042 3524 pro

463 3537 601 3609 Christo
620 3538 741 3608 omnia
764 3537 945 3634 reliquisse
960 3535 1132 3635 profiteri.
1157 3541 1201 3608 Et
1217 3539 1402 3610 Zachaeus⁹
1419 3538 1658 3611 desideratum
1677 3543 1823 3614 Domini
1843 3545 2041 3616 adventum

462 3657 671 3753 suscipiens,
688 3655 876 3729 dimidium
890 3655 1071 3727 bonorum
1091 3681 1236 3728 suorum
1252 3658 1467 3756 pauperibus
1487 3659 1644 3755 largitur,
1668 3676 1703 3733 et
1720 3663 1757 3732 in
1776 3649 2042 3762 quadruplum,

462 3778 490 3845 si
509 3776 596 3872 quid
609 3777 850 3867 defraudavit,
875 3777 1036 3848 restituit.
1068 3781 1111 3848 Et
1129 3777 1231 3849 multi
1246 3779 1304 3850 alii
1323 3779 1475 3874 majores
1488 3778 1525 3849 in
1538 3778 1679 3852 Christo
1699 3805 1760 3853 seu
1778 3806 1845 3879 pro
1867 3783 2008 3854 Christo
2027 3790 2048 3822 ¹0

463 3894 621 3967 fecerunt
638 3921 829 3996 expensas,
851 3912 886 3968 et
904 3897 1008 3994 longe
1026 3898 1237 3995 pretiosiora
1254 3899 1290 3968 in
1311 3895 1524 3994 obsequium
1547 3897 1754 3969 obtulerunt
1775 3899 1955 3991 divinum,
1983 3904 2045 3974 vel

462 4039 528 4111 pro
547 4013 685 4086 Christo
704 4016 933 4112 reliquerunt.
951 4020 1022 4086 Nec
1035 4016 1083 4086 ita
1092 4029 1211 4086 tamen
1227 4015 1415 4086 dominica
1427 4017 1749 4089 commendationis
1762 4018 1906 4092 laudem
1919 4021 2048 4120 adepti

461 4149 559 4223 sunt,
581 4135 670 4206 sicut
687 4135 835 4206 feminae.
852 4138 1012 4221 Quarum
1031 4135 1176 4230 quidem
1194 4134 1337 4206 devotio
1351 4149 1483 4231 quante
1505 4159 1645 4233 semper
1665 4161 1747 4234 erga
1767 4161 1850 4210 eum
1864 4139 2046 4230 extiterit,

461 4255 536 4351 ipse
554 4279 698 4352 quoque
717 4255 902 4327 dominicae
919 4255 999 4328 vitae
1011 4255 1123 4325 exitus
1137 4268 1300 4351 patenter
1322 4253 1488 4324 insinuat.
1510 4259 1571 4326 Hae
1584 4256 1736 4354 quippe,
1758 4257 1836 4355 ipso
1857 4259 2049 4356 apostolo-

462 4399 540 4444 rum
559 4376 718 4472 principe
733 4390 902 4471 negante,
921 4389 956 4445 et
969 4373 1098 4444 dilecto
1117 4373 1262 4442 Domini
1281 4372 1456 4469 fugiente,
1477 4373 1534 4445 vel
1551 4377 1683 4446 meris
1709 4376 1876 4474 dispersis
1896 4395 2050 4478 aposto·

460 4492 520 4582 lis,
541 4494 726 4592 intrepidae
738 4496 985 4593 perstiterunt:
1006 4518 1072 4564 nec
1091 4516 1149 4563 eas
1167 4516 1188 4562 a
1206 4491 1346 4563 Christo
1363 4493 1421 4564 rel
1438 4494 1474 4564 in
1494 4497 1678 4591 passione,
1702 4497 1758 4568 vel
1776 4499 1812 4568 in
1838 4515 1954 4571 morte
1973 4501 2054 4572 for·

459 4612 558 4683 mido
573 4611 708 4709 aliqua,
729 4612 785 4684 vel
799 4613 998 4710 desperatio
1017 4635 1179 4708 separare
1196 4613 1323 4708 potuit.
1347 4615 1393 4682 Ut
1405 4612 1454 4683 eis
1468 4613 1664 4709 specialiter
1682 4614 1771 4687 illud
1785 4617 1943 4715 Apostoli
1958 4643 2056 4692 con·

459 4755 584 4828 gruere
601 4730 784 4804 videatur¹¹
799 4758 806 4802 ε
822 4761 839 4798 u
850 4732 938 4817 Quis
956 4753 1022 4800 nos
1041 4729 1218 4826 separabit
1231 4753 1251 4802 a
1263 4729 1433 4802 charitate
1450 4731 1538 4802 Dei?
1555 4732 1746 4806 Tribulatio
1763 4759 1808 4832 an
1825 4738 2014 4833 angustia?
2028 4773 2051 4808 >2

493 4985 561 5036 'Sic
578 4983 828 5035 aub.-nueutonu
839 4983 889 5034 tts.
904 4982 974 5034 lmb.
987 4984 1148 5034 -Detartouss
1166 4981 1230 5034 Edd.
1265 4981 1463 5036 'commilitones
1485 4986 1610 5048 Apostolos
1634 4985 1704 5036 tntS.
1724 4986 1780 5026 -'
1799 4988 1871 5050 Luc„
1896 5004 1951 5056 cap.
1979 5007 2053 5053 xix,

460 5068 501 5107 -¹
511 5069 653 5128 cannam,
666 5083 722 5133 cap.
734 5085 790 5126 ιιιι,
801 5084 824 5119 r.
841 5068 1000 5118 10.-⁸Luc
1014 5105 1020 5130 ‚
1032 5083 1087 5133 cap.
1097 5084 1143 5126 ru,
1155 5083 1177 5116 r.
1188 5068 1230 5116 39.
1264 5081 1288 5115 r.
1309 5067 1333 5118 8.
1351 5093 1382 5104 ·-
1401 5065 1422 5094 ¹⁰
1437 5069 1553 5120 Inseritur
1572 5085 1620 5120 non
1641 5074 1769 5122 indecoras
1787 5072 1856 5124 RllS.
1871 5097 1904 5112 -·
1918 5075 1939 5101 ⁴¹
1955 5076 2055 5140 llam„

459 5151 516 5190 -⁸
537 5153 622 5214 Utique
642 5152 691 5202 llS.
713 5151 784 5202 lmb.
799 5178 832 5188 —
846 5151 856 5178 ⁸
871 5152 953 5212 loen..
974 5168 1029 5218 cap.
1054 5169 1101 5210 xrs,
1117 5168 1140 5201 v.
1162 5154 1185 5203 l.
1202 5177 1232 5190 «-
1266 5167 1322 5216 cap.
1336 5167 1393 5214 rtur,
1407 5169 1430 5202 r.
1445 5155 1485 5202 35.

461 5236 569 5297 ‘llarc.,
588 5251 643 5301 cap.
658 5251 708 5298 xiv,
726 5250 748 5284 r.
766 5238 789 5285 9.
803 5261 833 5272 -
845 5235 855 5262 '¹
865 5235 952 5299 blare,
973 5251 1027 5301 cap.
1046 5251 1096 5296 ιιι,
1110 5251 1132 5285 r.
1146 5235 1188 5284 43.
1202 5261 1232 5271 -
