4644 6112
460 591 481 656 c
894 589 1021 660 euru
1047 585 1279 658 sunctum
1307 587 1361 655 ur
1387 561 1611 657 natorssn

459 732 626 829 magistro
649 742 772 803 nostro
792 741 1023 819 successerat,
1042 728 1162 800 locum
1183 727 1273 798 mihi
1294 751 1399 799 suum
1417 725 1578 814 offerret,
1601 739 1640 794 ut
1657 723 1791 794 ibidem
1808 745 1891 794 curn
1909 725 2040 793 caeteris

458 865 582 922 nostro
604 875 641 922 se
660 849 811 921 traderet
834 848 1053 945 magisterio,
1076 847 1139 919 ubi
1164 861 1268 919 antea
1288 857 1373 918 suus
1394 845 1452 918 illc
1475 859 1512 917 et
1528 859 1650 915 noster
1668 844 1833 940 magister
1856 843 2035 913 floruerat.

459 971 581 1041 Paucis
593 971 711 1066 itaque
725 965 851 1038 diebus
865 967 914 1038 ibi
931 981 989 1039 me
1003 967 1160 1040 studium
1172 965 1363 1062 dialectica
1375 979 1536 1063 regente,
1551 977 1684 1061 quanta
1697 961 1829 1034 invidia
1841 961 2037 1052 tabescere,

456 1104 590 1186 quanto
618 1087 742 1159 dolore
765 1101 912 1158 aestuare
936 1086 1083 1185 coeperit
1100 1087 1265 1183 magister
1279 1101 1413 1176 noster,
1436 1108 1510 1156 non
1531 1104 1584 1158 est
1605 1082 1705 1156 facile
1732 1081 1940 1180 exprimere.
1968 1085 2040 1153 Nec

456 1224 635 1307 conceptae
648 1208 796 1279 miseriae
806 1223 930 1279 aestum
943 1207 1004 1279 diu
1018 1207 1210 1297 sustinens,
1227 1205 1354 1279 callide
1367 1218 1549 1304 aggressus
1562 1222 1615 1278 est
1628 1223 1686 1277 me
1699 1205 1805 1276 etiam
1823 1216 1908 1273 tuuc
1926 1225 2040 1274 remo-

456 1354 549 1400 vere.
569 1329 611 1399 Et
629 1329 713 1424 quia
729 1328 766 1400 in
787 1326 960 1425 mequod
978 1343 1099 1425 aperte
1117 1342 1234 1423 ageret
1248 1348 1322 1399 non
1340 1325 1511 1416 habebat,
1533 1327 1565 1402 ei
1579 1325 1718 1398 scholas
1738 1321 1876 1396 auferre
1896 1321 2039 1392 molitus

455 1463 525 1536 est,
547 1449 774 1545 turpissimis¹
788 1447 935 1543 objectis
954 1445 1177 1535 criminibus,
1204 1447 1264 1543 qui
1290 1445 1378 1516 mihi
1403 1469 1507 1518 suum
1530 1457 1754 1518 concesserat
1777 1442 2036 1538 magisterium,

252 1590 418 1664 nossemus·
455 1567 524 1639 alio
534 1566 827 1664 quodamaemulo
840 1587 921 1638 meo
930 1567 968 1637 in
980 1565 1201 1661 locum'ejus
1214 1565 1429 1637 substituto³.
1439 1562 1855 1663 TuncegoMelidunum‘
1864 1579 2036 1648 reversus,

239 1667 431 1768 “liii'ifirill
455 1687 595 1758 scholas
607 1687 657 1758 ibi
679 1699 836 1776 nostras,
857 1688 949 1758 sicut
969 1699 1090 1775 antea,
1107 1685 1295 1775 constitui;
1313 1701 1348 1757 et
1366 1701 1501 1783 quanto
1520 1685 1738 1758 manifestius
1755 1681 1832 1778 ejus
1849 1702 1907 1752 me
1923 1699 2039 1777 perse-

285 1783 384 1832 aunum.
454 1804 630 1900 quebatur
642 1803 789 1893 invidia,
803 1819 900 1875 tanto
914 1801 999 1874 mihi
1014 1801 1230 1874 auctoritatis
1244 1803 1395 1900 amplius
1409 1803 1625 1893 conferebat,
1632 1803 1731 1898 juxta
1738 1797 1828 1871 illud
1836 1799 2035 1896 poeticum:

814 1969 939 2029 Summa
951 1967 1027 2048 petit
1039 1967 1130 2044 livor,
1147 1965 1274 2048 perflant
1287 1967 1436 2029 altissima
1450 1968 1532 2028 venti
1542 1969 1561 2026 ¹.

459 2147 535 2212 Non
550 2140 663 2210 multo
681 2154 799 2210 autern
816 2155 909 2237 pust,
928 2161 1046 2236 quum*
1060 2139 1119 2211 illc
1131 2136 1341 2236 intelligeret
1353 2141 1425 2212 feru
1444 2163 1568 2212 ornnes
1581 2138 1794 2238 discipulos·
1805 2137 1851 2208 de
1871 2136 2040 2232 religione

458 2262 532 2355 ejus
545 2259 739 2356 plurimum
751 2259 928 2350 haesitare,
948 2257 1041 2330 etde
1054 2261 1288 2332 conversione
1300 2261 1409 2358 ipsius
1425 2259 1656 2331 vehementer
1668 2271 1863 2347 susurrare,-
1876 2255 1975 2352 quod
1990 2257 2041 2324 vi-

459 2379 619 2450 deliceta
635 2379 775 2451 civitate
788 2371 937 2450 minime
953 2379 1165 2469 recessisset,
1187 2379 1364 2451 transtulit
1376 2403 1415 2451 se
1431 2395 1468 2450 et
1480 2377 1773 2451 conventiculum
1792 2377 1939 2448 fratrum
1957 2395 2046 2446 mnu.

460 2497 589 2570 scholis
614 2499 685 2569 suis
715 2497 760 2569 ad
783 2498 903 2570 villam
929 2498 1124 2595 quamdam
1150 2498 1195 2570 ab
1218 2498 1307 2570 urbe
1332 2513 1519 2570 remotam.
1545 2498 1741 2596 Statimque
1769 2519 1837 2593 ego
1860 2493 2039 2566 Meliduuo

292 2643 324 2690 ne
337 2642 387 2703 ejus
462 2617 612 2688 Parisius
638 2617 745 2706 redii,
771 2637 901 2714 pauent
924 2616 1056 2688 abillo
1079 2616 1226 2688 ulterius
1253 2639 1411 2716 sperans.
1436 2617 1507 2689 Sed
1535 2620 1632 2714 quia,
1660 2631 1699 2687 ut
1725 2615 1896 2703 diximus,
1922 2613 2040 2684 locum

243 2706 437 2820 ,η’ζῗξιζῗῗέῗὲε,
461 2751 621 2807 nostrum
646 2735 691 2808 ab
709 2734 836 2808 aemulo
862 2751 985 2807 nostro
1012 2737 1142 2808 koerat
1168 2739 1353 2835 occupari,
1386 2751 1483 2808 extra
1503 2737 1681 2808 civitatem
1710 2737 1747 2806 in
1767 2749 1890 2805 monte
1911 2736 1947 2802 S.
1970 2736 2040 2801 Ge-

251 2835 428 2960 “ξ,ζξξῇ;ξῇῑζῗ
461 2857 622 2944 novefae⁷,
647 2854 849 2928 scholarum
872 2871 1075 2927 nostrarum
1089 2870 1202 2928 castra
1224 2859 1347 2955 posui,
1368 2858 1469 2954 quasi
1491 2881 1575 2928 eum
1599 2853 1818 2944 obsessurus,
1840 2855 1903 2950 qui
1920 2853 2040 2923 locum

244 2965 435 3091 ffssfflsffi
460 2991 695 3073 occupaverat
716 2991 890 3048 nostrum.
913 2981 994 3063 Quo
1014 2977 1157 3066 audito,
1179 2980 1344 3075 magister
1361 2993 1482 3050 noster
1504 2979 1620 3050 statim
1643 2977 1688 3048 ad
1710 2977 1835 3048 urbem
1853 2973 2041 3072 impuden-

301 3109 378 3141 ΞΜ·
461 3097 536 3164 ter⁸
553 3095 711 3184 rediens,
741 3096 880 3167 scholas
907 3120 996 3192 quas
1015 3109 1101 3167 tunc
1120 3097 1254 3168 habere
1280 3111 1436 3196 poterat,
1458 3113 1493 3168 et
1511 3094 1799 3168 conventiculum
1824 3093 1971 3164 fratrum
1995 3091 2041 3160 ad

460 3215 647 3310 pristinum
673 3213 812 3284 reduxit
835 3216 1109 3305 monasterium,
1147 3217 1246 3313 quasi
1273 3217 1419 3289 militem
1442 3239 1566 3304 suum,
1593 3239 1701 3312 quem
1724 3213 1927 3286 deseruerat
1943 3214 1968 3296 ⁹,
1996 3210 2042 3279 ab

462 3330 648 3402 obsidione
673 3347 794 3402 nostra
816 3332 1037 3404 liberaturus.
1066 3339 1219 3425 Verum,
1249 3361 1361 3433 quum
1387 3335 1437 3408 illi
1457 3335 1629 3434 prodesse
1646 3331 1867 3417 intenderet,
1889 3331 2040 3400 maxime

462 3452 595 3521 nocuit.
630 3451 691 3521 ille
716 3452 848 3550 quippe
879 3467 982 3524 antea
1010 3452 1147 3551 aliquos
1171 3454 1327 3526 habebat
1351 3455 1618 3552 qualescunque
1645 3451 1858 3550 discipulos,
1889 3449 2041 3521 maxime

459 3584 604 3666 propter
617 3571 807 3642 lectionem
820 3573 1011 3643 Prisciani¹⁰
1022 3575 1057 3643 in
1068 3597 1139 3670 qua
1150 3575 1344 3672 plurimum
1359 3575 1476 3647 valere
1485 3574 1708 3647 credebatur.
1721 3577 1913 3667 Postquam
1922 3583 2039 3641 autern

458 3689 624 3782 magister
649 3687 810 3778 advenit,
835 3712 962 3761 omnes
990 3693 1131 3788 penitus
1151 3695 1285 3783 amisit,
1314 3710 1348 3764 et
1367 3695 1416 3764 sic
1439 3719 1459 3764 a
1482 3693 1651 3790 regimine
1674 3689 1880 3762 scholarum
1905 3709 2041 3758 cessare

457 3806 662 3902 compulsus
675 3821 738 3878 est.
752 3813 824 3879 Nec
833 3824 913 3908 post
926 3810 1078 3884 multum
1091 3827 1245 3912 tempus,
1257 3814 1435 3910 quasiJam
1448 3812 1595 3883 ulterius
1601 3811 1648 3883 de
1658 3807 1841 3882 mundana
1850 3806 2040 3905 desperans

457 3923 584 4017 gloria,
609 3927 684 4022 ipse
704 3951 849 4023 quoque
874 3928 920 3998 ad
941 3932 1174 4002 monasticam
1200 3955 1393 4003 conversus
1402 3936 1419 3970 ¹¹
1445 3947 1497 4002 est
1521 3933 1641 4002 vitam.
1672 3935 1754 4000 Post
1782 3927 1934 3998 reditum
1955 3949 2039 3996 vero

457 4043 613 4136 magistri
632 4045 743 4114 nostri
762 4045 807 4116 ad
827 4043 975 4135 urbem,
996 4071 1087 4144 quos
1106 4050 1293 4120 conflictus
1316 4051 1599 4147 disputationum
1620 4047 1798 4119 scholares
1817 4045 1945 4128 nostri,
1967 4059 2038 4114 tam

455 4183 538 4228 cum
553 4161 648 4256 ipso,
668 4185 777 4257 quam
791 4187 874 4232 cum
897 4163 1077 4262 discipulis
1094 4167 1171 4260 ejus
1195 4165 1401 4255 habuerint,
1430 4180 1465 4238 et
1482 4189 1575 4262 quos
1596 4166 1737 4238 fortuna
1762 4176 1910 4236 eventus
1927 4163 1963 4234 in
1984 4161 2040 4232 his

457 4277 555 4348 bellis
568 4281 587 4314 ¹¹
611 4279 748 4350 dederit
777 4283 922 4370 nostris,
951 4285 1023 4355 imo
1048 4284 1134 4357 mihi
1157 4286 1225 4383 ipsi
1246 4287 1282 4354 in
1310 4287 1378 4372 eis,
1402 4301 1437 4354 te
1459 4309 1604 4381 quoque
1629 4309 1685 4356 res
1708 4285 1783 4381 ipsa
1805 4281 2039 4378 jamdudum

456 4397 608 4467 edocuit.
628 4397 718 4467 illud
737 4423 821 4469 vero
838 4401 948 4494 Ajacis
968 4418 1003 4472 et
1021 4405 1275 4500 temperantius
1294 4404 1435 4498 loquar,
1459 4419 1494 4474 et
1512 4404 1681 4475 audacter
1700 4403 1877 4500 proferam
1896 4427 1904 4466 z

1109 4565 1140 4626 Si
1155 4567 1393 4648 quaeritishujus
1434 4643 1437 4647 ι

816 4667 979 4727 Fortunam
994 4681 1121 4747 pugnae,
1136 4685 1197 4727 non
1214 4687 1281 4728 sum
1296 4679 1456 4750 superatus
1469 4667 1508 4729 ab
1523 4669 1576 4730 illo
1587 4670 1613 4726 ¹³.

491 4855 496 4880 ¹
516 4859 627 4907 Pessima
647 4859 696 4910 AC.
712 4887 737 4895 —
755 4859 764 4884 ³
780 4863 817 4911 Aa
838 4865 940 4926 officium
954 4864 1006 4924 ejru
1022 4861 1041 4911 l)
1055 4872 1080 4912 et
1093 4861 1227 4912 nsunt.
1267 4890 1296 4899 -
1309 4861 1380 4914 ‘⁰Sic
1396 4863 1603 4915 ‹iffi-Prisciani
1616 4861 1685 4912 deest
1697 4861 1721 4912 iu
1736 4861 1801 4912 Edit.
1818 4859 2039 4910 laub-lectiones

456 4965 487 4980 ν-
510 4941 519 4965 ³
532 4943 664 4994 Constituto
677 4943 749 4995 ltttS.
763 4972 789 4980 «-
806 4943 867 4997 ‘Sic
886 4946 926 4997 cu
943 4955 969 4997 et
981 4945 1033 4996 blS.
1043 4945 1111 4996 amb.
1124 4972 1142 4983 -
1152 4947 1229 4996 liele-
1266 4947 1385 4997 Fusciani
1398 4953 1422 4997 in
1439 4951 1523 5010 quibua
1536 4945 1585 4996 MS.
1604 4943 1675 4996 snb.
1688 4973 1721 4982 -
1734 4945 1754 4972 '¹
1774 4946 1911 5008 Conspicuus
1929 4942 1958 4991 u.
1971 4968 1989 4976 -
2002 4941 2040 4988 Ad

456 5029 543 5075 starium
554 5027 619 5078 Edit.
631 5026 702 5079 nmb.
710 5055 742 5066 -
755 5029 765 5055 ³
777 5027 885 5094 Ovidius,
897 5033 927 5082 da
939 5031 1039 5081 Remed.
1050 5033 1144 5090 Amor„
1156 5028 1198 5080 lib.
1207 5031 1225 5090 l,
1264 5035 1336 5081 vitam
1346 5046 1371 5081 sa
1382 5037 1471 5095 recepit
1483 5035 1641 5082 monasticam
1652 5029 1722 5081 Rtts.
1734 5058 1765 5067 —
1777 5029 1798 5057 '²
1813 5031 1911 5095 flesrrpr'a
1922 5029 2038 5076 velitatio-

458 5125 479 5161 r.
493 5113 551 5158 369.
562 5138 588 5147 --
598 5111 607 5137 ·
619 5113 737 5162 Diaeratm
749 5111 885 5164 euertit.
897 5114 1005 5164 Amb-
1018 5113 1098 5164 'Vide
1110 5125 1162 5166 unt.
1176 5131 1228 5165 xur.
1265 5117 1334 5164 nibus
1347 5116 1468 5166 Parthicis
1483 5115 1554 5166 RMS.
1570 5143 1597 5152 ·-
1613 5115 1634 5142 '⁸
1647 5115 1716 5166 uvid.
1733 5115 1903 5176 letaniorph„
1914 5111 1957 5160 bb.
1969 5109 2036 5168 xm,

457 5193 498 5231 —⁸
511 5195 597 5245 Fronte
605 5198 722 5258 perfricta
730 5194 799 5245 llbe.
809 5194 846 5231 -⁹
856 5197 983 5247 Diniaerct
995 5198 1056 5248 ACD
1067 5209 1092 5248 ct
1101 5199 1149 5250 tls.
1158 5199 1227 5248 llmb.
1266 5217 1289 5249 v.
1302 5203 1343 5249 89.
