4522 6104
448 559 519 632 ets
794 513 801 530 ’
1044 563 1171 637 rann
1199 554 1429 638 tunulum

448 703 541 775 libro
557 704 601 776 de
623 708 768 776 Ciuitate
783 709 853 778 Dei
867 721 1014 796 octavo,
1032 709 1081 780 ita
1097 708 1143 780 de
1164 708 1352 782 Platonicis
1368 711 1441 782 ait¹
1462 739 1469 782 :
1493 739 1511 778 u
1530 712 1725 802 Omnium,
1744 713 1933 810 inquiunt,
1952 713 2027 784 ani·

446 825 593 896 melium
609 827 646 896 in
663 825 793 923 quibus
809 841 862 898 est
878 829 998 900 anima
1012 827 1213 914 rationalis,
1237 830 1410 927 tripertita
1431 830 1560 902 divisio
1582 845 1636 903 est
1655 832 1693 903 in
1715 830 1819 921 deos,
1843 831 2025 922 homines,

446 943 638 1026 daemones.
658 948 817 1016 Deorum
833 946 935 1018 sedes
957 948 995 1017 in
1020 945 1111 1018 coelo
1128 963 1198 1038 est,
1218 947 1408 1019 hominurn
1424 950 1462 1019 in
1478 963 1593 1040 terra,
1613 951 1649 1022 in
1670 974 1752 1022 aere
1768 951 1987 1024 daemonum.
2006 980 2023 1018 u

445 1066 555 1133 ltern:
573 1063 745 1136 «Habent
764 1065 944 1137 daemones
960 1090 1043 1138 curn
1064 1065 1132 1137 diis
1148 1091 1379 1139 communem
1396 1069 1701 1142 immortalitatem
1716 1094 1934 1169 corporum,
1953 1053 2026 1142 abi·

444 1207 584 1254 marum
608 1199 728 1256 autem
748 1209 831 1255 curn
857 1184 1065 1256 bominibus
1086 1188 1282 1284 passiones.
1306 1215 1324 1255 n
1347 1193 1392 1258 Et
1415 1202 1499 1285 post
1519 1187 1637 1286 aliqua
1657 1188 1936 1287 descriptionem
1956 1189 2025 1261 dae·

443 1328 595 1374 monum
611 1328 654 1373 ex
670 1302 774 1374 dictis
791 1303 915 1402 Apulei
933 1304 1107 1376 Platonici
1123 1330 1331 1404 supponens
1347 1307 1396 1378 ait
1416 1334 1424 1376 :
1448 1335 1466 1375 n
1483 1307 1640 1379 Breviter
1660 1306 1827 1405 Apuleius
1847 1308 2026 1382 demones

443 1422 641 1512 diffiniens,
661 1425 710 1496 ait
730 1449 792 1496 eos
811 1449 887 1496 esse
904 1449 1033 1520 genere
1049 1425 1238 1514 animalia,
1269 1427 1389 1498 anima
1405 1427 1563 1524 passiva,
1586 1442 1707 1500 mente
1723 1428 1926 1518 rationalia,
1945 1453 2026 1500 cor·

442 1569 531 1641 pore
548 1567 668 1633 aerea,
686 1558 851 1640 ternpore
876 1557 1056 1615 aeterna.»
1075 1548 1124 1614 Ex
1151 1543 1280 1641 quibus
1306 1544 1607 1643 pbilosophorum
1632 1547 1735 1618 dictis
1764 1549 1913 1620 maxime
1936 1571 2023 1620 vero

441 1665 724 1752 Platonicorum,
743 1678 884 1735 constat
899 1663 1030 1735 coelum
1048 1688 1194 1760 quoque
1213 1678 1249 1736 ct
1270 1689 1389 1736 aerem
1410 1667 1566 1764 propriis
1589 1666 1803 1740 animalibus
1826 1667 1994 1739 adomari
2012 1699 2021 1738 :

441 1809 597 1881 quorum
624 1783 699 1854 baec
724 1782 930 1871 daemones,
965 1782 1003 1854 id
1030 1799 1083 1854 est
1108 1784 1276 1856 animalia
1302 1785 1510 1874 rationalia,
1543 1785 1759 1858 immortalia
1785 1802 1822 1858 et
1848 1787 2025 1885 passibilia

442 1905 588 1994 dicunt,
617 1901 676 1975 illa
700 1927 786 1974 vero
812 1902 900 1974 deos
926 1901 1128 2001 appellant,
1153 1903 1224 1976 boc
1245 1918 1299 1976 est
1325 1905 1491 1976 animalia
1516 1905 1720 1994 rationalia,
1750 1906 1968 1979 immortalia
1992 1927 2026 1981 et

440 2021 688 2122 impassibilia,
703 2021 794 2093 sicut
805 2035 889 2093 sunt
901 2023 1024 2094 omnia
1039 2021 1174 2112 sidera,
1194 2047 1267 2094 non
1286 2023 1403 2094 solum
1415 2023 1584 2122 planeta,
1598 2047 1723 2096 verum
1738 2025 1848 2096 etiam
1862 2025 2025 2122 quaelibet

440 2143 560 2215 stellae.
588 2143 750 2214 Planetas
776 2166 862 2212 vero
884 2166 960 2213 non
990 2140 1108 2213 solum
1132 2141 1238 2231 deos,
1263 2143 1519 2214 verumetiam
1543 2139 1631 2214 deos
1656 2142 1826 2232 deorum,
1854 2159 2023 2242 tanquam

441 2263 574 2334 caeteris
590 2261 766 2333 sideribus
783 2259 1066 2352 excellentiores,
1087 2275 1123 2332 et
1138 2263 1312 2357 majorem
1329 2261 1525 2334 ellicaciam
1540 2261 1732 2350 habentes,
1752 2288 1774 2336 a
1790 2264 1939 2336 Platone
1955 2267 2022 2340 dici

440 2396 644 2474 autumant,
664 2381 745 2470 ubi,
764 2382 854 2452 sicut
871 2383 991 2470 aiunt,
1009 2406 1072 2454 eos
1092 2382 1271 2480 precipue
1292 2382 1338 2454 ad
1358 2383 1578 2456 creationem
1593 2382 1751 2455 bominis
1766 2384 1911 2475 invitat,
1932 2402 1969 2458 ut
1989 2389 2021 2458 vi

440 2504 596 2603 quadam
613 2527 740 2575 eorum
757 2527 798 2573 ex
814 2516 909 2573 terra
926 2499 1081 2598 lingatur
1096 2527 1227 2601 corpus
1243 2501 1465 2593 humanum,
1485 2503 1543 2575 cui
1559 2507 1654 2575 Deus
1670 2503 1829 2576 animaru
1842 2503 2018 2578 infundat.

439 2631 560 2714 Quum
587 2641 707 2697 autem
731 2623 883 2696 deorum
910 2623 1092 2694 neminem
1117 2623 1185 2694 nisi
1209 2622 1349 2695 bonum
1371 2647 1448 2696 esse
1468 2623 1657 2713 fateantur,
1680 2621 1887 2696 daemonum
1902 2640 2019 2697 mmen

438 2747 530 2816 sicut
545 2759 581 2815 et
596 2743 787 2814 hominum
804 2731 982 2842 quosdam
997 2741 1134 2831 bonos,
1157 2741 1335 2838 quosdam
1351 2741 1465 2814 malos
1481 2766 1557 2814 esse
1573 2742 1798 2838 distinguunt
1814 2769 1823 2812 ε
1842 2742 1940 2815 unde
1955 2742 2020 2814 bos

438 2890 550 2960 graece
565 2863 844 2952 calodaemones,
863 2863 943 2935 illos
958 2862 1229 2935 cacodaemones
1246 2863 1440 2962 appellant.
1461 2862 1556 2935 Nihil
1575 2864 1672 2934 enim
1692 2863 1810 2935 sciunt
1825 2862 1872 2935 de
1887 2863 2020 2936 diaboli

437 2985 654 3080 dejectione,
682 2983 745 3054 sed
770 2984 862 3054 sicut
885 2981 1051 3055 homines
1068 2982 1124 3054 vel
1147 2997 1272 3056 caetera
1295 2981 1484 3074 animalia,
1503 2981 1552 3054 ita
1572 2996 1608 3054 et
1627 2981 1809 3054 daemones
1827 3007 2020 3080 corporeos

437 3131 512 3176 esse
535 3120 674 3177 creatos
699 3104 931 3176 arbitrantur.
959 3105 1133 3176 Omnium
1157 3104 1278 3202 itaque
1303 3103 1513 3176 animalium
1538 3101 1767 3175 rationalium
1790 3127 1941 3202 corpora
1963 3129 2019 3176 se·

436 3225 596 3298 cundum
612 3225 795 3322 regionem
811 3224 868 3296 vel
883 3239 1023 3324 partem
1040 3224 1166 3297 mundi
1183 3249 1292 3321 quam
1308 3223 1512 3296 inhabitant
1526 3221 1773 3320 distinguunt,
1797 3239 1838 3296 ut
1856 3223 2019 3297 videlicet

435 3347 568 3418 borum
591 3345 659 3417 alia
682 3361 825 3417 terrena
845 3345 938 3431 sint,
964 3346 1055 3416 sicut
1071 3343 1281 3435 hominum,
1305 3343 1373 3416 alia
1397 3367 1500 3416 aerea
1515 3342 1572 3416 vel
1595 3342 1765 3433 aetherea,
1782 3345 1874 3416 sicut
1889 3343 2019 3416 daemo-

435 3491 523 3535 num
541 3465 596 3536 vel
613 3464 777 3535 deorum.
792 3467 941 3535 Constat
956 3465 1077 3560 itaque
1088 3464 1189 3559 justa
1199 3463 1419 3536 Platonicam
1429 3461 1486 3536 vel
1501 3462 1768 3537 Platonicorum
1780 3465 2013 3552 sententiam,

434 3585 509 3681 ipsa
531 3606 675 3681 quoque
696 3583 813 3654 sidera
833 3581 996 3679 quaedam
1012 3605 1088 3656 esse
1104 3583 1288 3672 animalia,
1315 3597 1352 3655 et
1369 3582 1436 3656 illis
1451 3582 1599 3656 sidereis
1616 3609 1696 3682 quae
1711 3582 1876 3656 videmus
1892 3609 2016 3682 corpo

433 3703 532 3794 ribus
559 3702 734 3800 quasdam
759 3703 874 3774 inesse
902 3703 1061 3794 animas,
1089 3703 1219 3801 quibus
1240 3705 1317 3801 ipsa
1338 3705 1475 3776 moveri
1502 3703 1558 3777 vel
1585 3705 1709 3802 agitari
1736 3718 1882 3802 queant.
1902 3708 2013 3792 Quam

433 3807 595 3920 prolecto
611 3824 825 3896 sententiam
841 3822 1195 3920 beatusVAugustinus
1219 3849 1449 3924 nequaquam
1478 3825 1638 3898 relellere
1661 3849 1903 3924 praesumens,
1932 3825 2015 3899 dicit

433 3943 469 4011 in
496 3941 724 4014 Enchiridion
743 3941 811 4014 sibi
832 3942 950 4015 adbuc
973 3945 1150 4016 incertum
1171 3969 1265 4033 esse,
1292 3959 1414 4018 utrum
1435 3944 1482 4017 ad
1497 3941 1710 4019 'societatem
1730 3943 1942 4042 angelorum
1964 3944 2014 4018 sol

431 4077 468 4144 et
483 4063 567 4135 luna
583 4064 803 4162 pertineant,
820 4087 866 4135 an
884 4063 1051 4135 videlicet
1062 4063 1209 4161 quidam
1229 4065 1276 4137 de
1291 4065 1474 4164 spiritibus
1494 4065 1662 4162 angelicis
1682 4063 1750 4138 illis
1769 4064 1916 4138 sidereis
1936 4091 2014 4138 cor·

431 4181 579 4279 poribus
595 4183 667 4254 sint
683 4181 862 4279 deputati,
877 4196 917 4254 ut
933 4182 992 4254 illa
1008 4183 1190 4256 trahentes
1203 4207 1245 4255 ac
1257 4185 1585 4274 circumducentes,
1596 4183 1763 4256 humanis
1779 4183 1904 4257 usibus
1919 4199 2012 4258 tanta

430 4301 604 4375 beneficia
620 4303 835 4374 ministrent.
856 4307 909 4373 De
925 4303 1065 4375 mundo
1082 4317 1202 4376 autem
1225 4318 1347 4376 utrum
1370 4303 1503 4378 animal
1525 4303 1712 4404 quoddam
1728 4306 1790 4393 sit,
1819 4304 1923 4401 quod
1942 4319 2012 4380 tam

430 4423 505 4494 haec
521 4421 687 4494 animalia
702 4446 812 4521 quam
830 4437 955 4495 catera
972 4423 1009 4494 in
1032 4448 1070 4495 se
1090 4424 1297 4512 contineat,
1325 4425 1445 4496 minus
1466 4425 1597 4498 rationi
1613 4425 1879 4522 propinquare,
1897 4425 2012 4522 primo

430 4545 730 4614 Retractuttbnum
761 4543 854 4614 libro
885 4543 1054 4616 insinuat.
1087 4545 1195 4640 Cujus
1228 4568 1325 4616 nnnc
1358 4543 1467 4618 verba
1504 4569 1546 4616 ex
1577 4558 1731 4642 utroque
1759 4543 1870 4642 ipsius
1906 4567 2012 4642 opere

428 4664 576 4736 collecta
613 4688 688 4736 non
728 4663 967 4760 incongruum
1005 4677 1209 4763 supponere
1242 4665 1420 4737 duximus.
1461 4666 1517 4737 Ait
1553 4666 1673 4763 itaque
1709 4665 1746 4736 iu
1782 4662 2010 4736 Euchirrdt'on

429 4798 536 4879 caput
551 4787 643 4852 xxv*
664 4811 671 4854 :
697 4811 715 4850 a
736 4787 863 4854 Utrum
880 4782 1083 4879 archangeli
1099 4783 1323 4882 appellentur
1346 4785 1512 4874 virtutes,
1540 4799 1576 4857 et
1597 4783 1686 4884 quid
1706 4783 1800 4856 iuter
1820 4807 1858 4855 se
1881 4782 2010 4856 distent

428 4900 552 4989 sedes,
579 4902 652 4973 sive
678 4901 962 4992 dominationes,
988 4903 1061 4974 sive
1088 4903 1332 5002 principatus,
1362 4904 1435 4976 sive
1458 4917 1671 5002 potestates,
1695 4903 1818 4980 dicant
1841 4903 1905 5000 qui
1927 4926 2010 5000 pos·

459 5177 469 5206 ³
481 5171 699 5240 Pactuleium.
714 5173 784 5240 Vlll,
797 5191 853 5242 cap.
863 5191 913 5227 au.
925 5201 955 5215 -
971 5173 1052 5243 'Gap
1067 5189 1132 5227 arur.
