4486 6100
636 545 725 620 CUM
751 548 878 619 PE'lill
904 547 1138 620 ABAELARDl
1163 501 1486 622 SOLllTlONlBUS.
1776 549 1847 622 283

880 763 1013 834 Solotr'o
1040 762 1230 835 Abaelardt.

319 946 390 1018 Sed
402 948 485 1044 quia
494 947 620 1019 eadem
629 949 803 1020 sententia
814 950 850 1019 in
863 947 979 1020 verbis
996 949 1179 1045 utriusque
1190 947 1373 1046 prophetae
1386 950 1600 1040 continetur,
1616 950 1846 1049 breviloquus

271 1067 483 1164 evangelista
502 1067 677 1167 idipsum,
707 1068 808 1165 quod
836 1067 1023 1140 Malachias
1052 1067 1159 1155 dixit,
1181 1069 1276 1140 lsaiae
1306 1069 1483 1166 ascripsit,
1508 1071 1570 1166 qui
1595 1071 1738 1166 majoris
1769 1088 1844 1144 erat

270 1188 498 1277 auctoritatis,
512 1202 548 1258 et
559 1212 580 1258 a
593 1213 668 1286 quo
682 1188 836 1260 fortassis
853 1178 998 1260 ille'hoc
1016 1186 1198 1259 didicerat.
1216 1188 1335 1258 Missio
1353 1190 1486 1287 quippe
1504 1189 1638 1286 angeli,
1661 1190 1708 1262 ad
1720 1216 1846 1289 paran-

272 1306 353 1376 dam
366 1307 461 1377 viam
482 1309 639 1399 Domini,
657 1309 713 1379 vel
731 1309 807 1406 ipsa
818 1308 893 1403 ejus
906 1308 1129 1405 praeparati0,
1145 1321 1180 1378 et
1192 1331 1260 1378 vox
1274 1307 1458 1379 clamantis
1473 1309 1510 1379 in
1529 1308 1682 1400 deserto,
1701 1314 1846 1383 loannis

271 1441 324 1497 est
338 1425 552 1524 pradicatio.
571 1432 687 1514 Quem
704 1428 809 1498 etiam
825 1426 1025 1524 diligentius
1042 1428 1147 1496 lsaias
1160 1425 1338 1516 describit,
1355 1452 1467 1524 quum
1486 1435 1569 1500 eum
1587 1453 1661 1501 non
1675 1431 1841 1526 angelum

270 1545 442 1644 appellat,
471 1547 534 1618 sed
553 1547 764 1618 clamantem
786 1546 823 1615 in
840 1545 981 1618 deserto
1000 1525 1229 1643 praenuntiat,
1251 1545 1348 1617 unde
1367 1561 1402 1618 et
1419 1546 1512 1618 bene
1532 1547 1745 1647 evangelista
1762 1567 1845 1648 post

270 1668 509 1738 testimonium
533 1669 644 1760 lsaiae,
666 1666 764 1764 quod
783 1667 959 1765 posterius
976 1667 1113 1764 posuit,
1145 1669 1263 1738 statim
1289 1667 1433 1762 adjecit¹
1459 1697 1467 1738 ε
1495 1697 1513 1736 a
1537 1669 1616 1740 Fuit
1635 1674 1789 1742 loannes
1807 1672 1844 1742 in
1921 1739 1924 1748 .

181 1811 187 1822 ·
268 1787 408 1860 deserto
423 1787 617 1886 baptizans,
634 1804 669 1860 et
681 1788 888 1887 praedicans.
910 1817 928 1854 u
946 1787 1054 1876 Quod
1070 1788 1215 1884 quidem
1225 1781 1338 1885 quum
1352 1790 1425 1860 ait:
1448 1817 1466 1856 a
1488 1794 1528 1861 ln
1544 1788 1697 1882 deserto,
1712 1805 1747 1862 et
1758 1817 1846 1891 prm-

271 1908 410 1996 dicans,
433 1939 448 1976 n
471 1912 625 2009 apertius
642 1908 760 1981 verbis
775 1899 950 1980 consonat
966 1910 1061 1980 Isaiae
1079 1909 1245 1998 dicentis,
1267 1907 1399 1981 seilicet
1421 1936 1428 1978 :
1455 1938 1473 1976 «
1498 1914 1576 1982 Vox
1597 1910 1783 1982 clamantis
1807 1913 1844 1983 in

269 2026 422 2118 deserto..
447 2029 632 2100 »Provide
650 2053 794 2126 quoque
809 2031 946 2100 Marcus
959 2052 1072 2125 quum
1090 2029 1298 2128 praemiserit
1318 2054 1326 2098 :
1351 2029 1631 2126 «scriptumest
1649 2031 1686 2100 in
1699 2031 1800 2120 lsaia,
1825 2059 1842 2099 u

270 2147 430 2220 addidit:
456 2177 473 2216 a
489 2150 676 2248 propheta.
704 2179 721 2216 u
741 2153 924 2246 Tanquam
941 2150 1046 2220 isaias
1065 2149 1269 2220 testimonio
1286 2171 1433 2244 quoque
1450 2147 1653 2220 Malachiae'
1669 2149 1846 2249 propheta

269 2269 387 2367 potius
405 2284 515 2360 esset,
535 2294 644 2367 quam
661 2269 719 2342 ille
739 2297 747 2339 :
767 2268 931 2366 quibos,
953 2284 993 2338 ut
1010 2267 1176 2359 arbitror,
1195 2267 1439 2340 testimonium
1458 2251 1507 2338 ex'
1523 2267 1712 2366 prophetia
1729 2272 1842 2370 Isaiae,

268 2410 377 2481 quam
391 2387 534 2484 legerat,
547 2413 620 2460 non
631 2388 701 2460 hoc
714 2388 787 2460 sola
799 2389 1030 2486 inspiratione
1043 2388 1185 2485 spiritus
1193 2401 1387 2487 acceperat.
1401 2385 1454 2457 Ad
1468 2386 1681 2460 huncetiam
1694 2388 1845 2462 modum

268 2504 357 2578 illud
374 2532 480 2606 posse
500 2507 590 2580 solvi
615 2507 768 2579 arbitror
786 2508 1047 2598 testimonium,
1067 2506 1168 2605 quod
1187 2506 1369 2580 Matthaeus
1387 2505 1524 2579 inducit
1540 2507 1586 2580 de
1604 2507 1747 2582 duobus
1764 2536 1846 2609 pro·
1895 2495 1900 2508 ¹
1939 2583 1956 2608 ‚

267 2625 384 2724 phetis
412 2627 620 2717 collectum,
652 2627 817 2700 Zacharia
843 2627 975 2700 scilicet
1002 2641 1037 2699 et
1060 2627 1231 2717 Ieremia,
1252 2651 1364 2724 quum
1378 2627 1454 2724 ipse
1471 2640 1585 2698 totum
1603 2627 1735 2700 tribuat
1750 2634 1846 2701 lere·

268 2747 348 2815 miae
372 2745 530 2818 dicens¹2
551 2777 567 2816 κ
591 2751 690 2818 Tunc
707 2746 893 2844 impletum
911 2762 963 2818 est
982 2746 1082 2844 quod
1100 2745 1235 2817 dietum
1263 2760 1317 2817 est
1334 2769 1399 2844 per
1422 2745 1610 2817 Jeremiam
1632 2746 1845 2845 prophetam

269 2863 470 2936 dicentem*
493 2893 500 2935 :
525 2895 542 2932 a
560 2869 603 2937 Et
620 2881 834 2964 acceperunt
851 2866 993 2963 triginta
1004 2879 1189 2964 argenteos
1202 2866 1356 2962 pretium
1366 2865 1571 2963 appretiati,
1587 2889 1696 2962 quem
1717 2889 1845 2964 appre-

271 3011 289 3047 «
309 2983 485 3054 tiaverunt
502 3009 523 3056 a
541 2983 618 3056 filiis
637 2985 763 3076 lsrael,
785 2999 820 3057 et
834 2983 1011 3056 dederunt
1028 3008 1089 3056 eos
1105 2985 1142 3056 in
1161 3008 1285 3080 agrum
1299 2983 1415 3080 figuli,
1441 2985 1530 3054 siout
1553 2984 1735 3055 constituit
1756 2984 1845 3056 mihi

271 3131 288 3168 n
307 3104 528 3174 Dominus.»
549 3107 669 3190 Quum
684 3106 788 3200 igitur
800 3119 872 3175 tarn
889 3105 1045 3202 primum
1061 3105 1301 3176 testimonium
1312 3101 1498 3193 Zachariae,
1519 3127 1629 3200 quam
1646 3103 1846 3176 secuudum

269 3223 446 3311 ieremiae,
478 3223 515 3293 in
547 3223 672 3298 eadem
701 3223 747 3294 de
778 3224 934 3294 Domino
965 3225 1139 3296 se’ntentia
1172 3225 1242 3294 sint
1274 3223 1485 3318 conjuncta,
1516 3222 1675 3294 ieremias
1702 3235 1843 3314 tamen,

267 3341 330 3435 qui
343 3342 487 3436 majoris
501 3358 574 3415 erat
588 3343 817 3432 auctoritatis,
832 3358 866 3414 et
880 3369 901 3415 a
918 3367 992 3440 quo
1010 3343 1194 3416 Zacharias
1213 3341 1301 3413 illud
1317 3341 1417 3439 quod
1432 3341 1519 3414 dixit
1536 3343 1696 3440 accipere
1709 3343 1843 3442 potuit,

269 3459 451 3532 Matthaeus
466 3475 580 3534 totum
595 3463 754 3534 Jeremiae
768 3461 904 3534 tribuit.

784 3691 964 3738 Paomis
989 3691 1157 3738 morsum
1182 3689 1329 3735 xxxvtn.

318 3843 410 3916 lllud
429 3870 575 3944 quoque
596 3848 837 3919 testimonium
863 3846 1036 3919 Zachariae
1055 3845 1257 3943 prophetae,
1285 3843 1384 3940 quod
1414 3845 1590 3915 Dominus
1616 3845 1653 3916 in
1680 3845 1843 3918 Matthaeo

267 3965 406 4037 inducit
417 3964 462 4038 de
474 3992 511 4038 se
525 3967 602 4065 ipso
617 3967 757 4039 dicens⁸
772 3994 779 4036 :
793 3995 810 4034 n
828 3968 1006 4064 Scriptum
1017 3981 1067 4036 est
1078 3965 1174 4036 enim
1191 3991 1198 4033 :
1216 3991 1235 4030 a
1249 3964 1445 4036 Percutiam
1459 3978 1652 4061 pastorem,
1664 3979 1698 4036 et
1712 3964 1846 4063 disper-

269 4113 287 4148 «
302 4097 430 4178 gentur
442 4109 526 4156 oves
547 4086 676 4182 gregis,
700 4084 946 4157 »nonnullam
965 4098 1108 4180 generat
1124 4082 1366 4181 quaestionem.
1387 4086 1467 4152 Hoc
1485 4083 1581 4152 enim
1601 4080 1784 4154 Zacharias
1798 4082 1844 4156 de

265 4202 579 4303 pseudopropheta
599 4206 718 4303 potius
746 4228 854 4303 quam
885 4204 930 4274 de
958 4205 1114 4274 Domino
1144 4202 1262 4274 dicere
1290 4201 1442 4273 videtur.
1475 4201 1533 4271 Sic
1563 4202 1697 4299 quippe
1727 4201 1764 4272 in
1799 4227 1843 4274 eo

265 4324 517 4420 scriptumest·
534 4351 541 4394 ε
565 4355 583 4392 v
605 4329 648 4396 Et
662 4327 740 4414 erit,
752 4349 865 4421 quum
881 4324 1145 4422 prophetaverit
1156 4323 1331 4421 quispiam
1351 4319 1453 4410 ultra,
1467 4320 1589 4392 dicent
1604 4320 1636 4392 ei
1651 4337 1751 4419 pater
1769 4322 1843 4417 ejus

265 4457 301 4512 et
316 4457 431 4513 mater
452 4445 547 4540 ejus,
563 4446 624 4541 qui
642 4460 840 4542 genuerunt
859 4467 942 4515 eum
964 4470 971 4512 ε
995 4473 1012 4510 ι(
1031 4447 1110 4514 Non
1128 4444 1240 4534 vives,
1254 4443 1338 4541 quia
1357 4439 1584 4513 mendacium
1597 4440 1737 4512 locutus
1751 4465 1788 4512 es
1806 4443 1842 4512 in

268 4591 285 4626 a
302 4563 449 4633 nomine
460 4563 617 4634 Domini.
632 4592 648 4629 v
659 4567 702 4634 Et
713 4562 1089 4660 configenteumpater
1098 4563 1334 4658 ejusetmater
1345 4561 1432 4656 ejus,
1446 4560 1622 4656 genitores
1629 4559 1716 4654 ejus,
1731 4583 1843 4656 quum

266 4680 541 4778 prophetaverit.
564 4686 607 4753 Et
621 4684 686 4753 erit
699 4684 735 4753 in
749 4681 807 4754 die
825 4681 896 4773 illa,
912 4681 1176 4753 confundentur
1188 4681 1383 4781 prophetae,
1398 4679 1641 4775 unusquisque
1653 4704 1696 4751 ex
1708 4680 1843 4751 visione

265 4821 341 4888 sua,
354 4823 467 4896 quum
481 4795 756 4898 prophetaverit,
772 4825 838 4873 nec
847 4803 1052 4900 operientur
1060 4799 1168 4898 pallio
1177 4802 1330 4890 saccino,
1341 4814 1381 4871 ut
1393 4799 1631 4888 mentiantur3
1649 4797 1713 4870 sed
1725 4797 1838 4870 dicet:

299 5061 307 5086 ¹
326 5061 412 5119 liare„
424 5075 480 5128 cap.
491 5079 513 5122 ι,
525 5077 548 5111 v.
561 5063 587 5113 1.
598 5087 631 5100 -··
641 5061 652 5089 ¹
662 5063 776 5124 llalach„
787 5078 842 5128 cap.
857 5079 895 5123 vu,
909 5079 932 5112 r.
949 5067 970 5114 t.
982 5089 1016 5102 -
1028 5062 1039 5091 ⁸
1049 5062 1133 5114 llatth.
1143 5099 1150 5124 ,
1161 5077 1216 5127 cap.
1229 5077 1312 5124 rxru,
1328 5078 1352 5112 v.
1369 5063 1394 5112 9.
1407 5087 1439 5100 -
1449 5059 1460 5087 ⁴
1470 5059 1648 5127 Zachar.‚}cap.
1667 5077 1698 5122 u,
1717 5076 1742 5112 r.
1762 5061 1802 5110 u.
1814 5083 1843 5096 -

262 5149 279 5203 ,¹
291 5147 386 5214 lietu„
399 5163 454 5215 cap.
467 5165 539 5211 xxvi,
552 5154 627 5202 v.31.
641 5179 666 5188 ·-
679 5152 690 5180 ⁴
704 5151 818 5214 Zachar„
831 5165 887 5216 cap.
900 5168 958 5215 rur,
972 5167 996 5202 v.
1007 5154 1021 5202 3
1033 5161 1104 5217 ettq.
