4510 6108
441 539 514 613 456
1038 540 1167 612 PETRI
1193 539 1427 612 hamulum

440 680 608 778 plenum,
628 683 895 750 Deuteronomii
912 679 1002 752 liber
1017 681 1073 751 his
1094 681 1212 753 verbis
1233 679 1467 779 profitetur¹t
1495 709 1512 747 ι(
1526 679 1682 766 Quando
1699 680 1900 778 peccaverit
1914 678 2024 750 homo

403 847 409 858 ·
440 799 540 896 quod
560 811 676 869 morte
701 798 932 896 plectendum
952 814 1023 888 est,
1046 815 1082 870 et
1099 799 1322 896 adjudicatus
1338 801 1446 870 morti
1467 822 1645 897 appensus
1666 798 1771 870 luerit
1791 800 1828 869 in
1845 797 2022 897 patibulo,

440 943 514 989 non
533 917 761 1015 permanehit
776 918 930 992 cadaver
945 921 1021 1015 ejus
1037 920 1074 991 in
1091 918 1207 1015 ligno,
1231 919 1294 990 sed
1311 920 1348 990 in
1370 919 1496 990 eadem
1513 918 1572 989 die
1588 917 1795 1016 sepelietur,
1818 919 1903 1015 quia
1919 917 2026 989 male-

439 1034 592 1108 dictus'a
612 1041 690 1108 Deo
707 1039 769 1134 qui
785 1038 1015 1141 pependitin
1037 1038 1133 1134 ligno
1155 1067 1162 1109 :
1183 1054 1218 1110 et
1237 1062 1467 1136 nequaquam
1482 1037 1744 1109 contaminabit
1758 1052 1890 1108 terram
1906 1051 2021 1124 tuam,

438 1180 547 1253 quarn
572 1157 749 1228 Dominus
771 1156 910 1228 dederit
930 1157 996 1229 tibi
1017 1159 1054 1228 in
1080 1159 1355 1255 possessionem.
1378 1186 1395 1224 ιι
1426 1151 1538 1252 Cujus'
1553 1156 1701 1254 quidem
1721 1156 1866 1255 capituli
1887 1181 2025 1228 memor

437 1276 646 1375 Apostolus,
670 1273 783 1374 quum
804 1277 937 1349 Galatis
962 1277 1150 1367 scriberet,
1174 1279 1239 1350 ait¹
1259 1308 1266 1348 ε
1289 1278 1486 1349 «Christus
1507 1302 1574 1348 nos
1594 1276 1746 1348 redemit
1767 1277 1812 1347 de
1835 1275 2023 1348 maledicto

437 1396 542 1492 legis,
566 1397 678 1468 factus
694 1422 762 1495 pro
780 1398 884 1470 nobis
906 1397 1156 1486 maledictum,
1176 1399 1259 1495 quia
1276 1400 1448 1497 scriptum
1464 1411 1518 1468 est
1538 1425 1545 1467 :
1572 1397 1811 1470 «Maledictus
1828 1398 1947 1469 omnis
1963 1399 2022 1494 qui

440 1547 458 1584 c
475 1518 610 1616 pendet
625 1519 662 1590 in
679 1518 790 1613 ligno.
810 1547 827 1584 a

488 1645 538 1710 Ex
563 1638 619 1710 his
644 1642 765 1737 itaque
792 1640 910 1711 verbis
935 1640 1069 1739 liquide
1094 1655 1334 1730 monstratur,
1359 1665 1468 1737 quam
1494 1640 1774 1737 ignominiosum
1799 1640 1914 1709 crucis
1934 1641 2023 1736 pati-

436 1759 563 1830 bulum
579 1759 676 1856 apud
697 1760 836 1832 Judaeos
862 1761 1038 1859 praecipue
1059 1759 1282 1848 habebatur,
1309 1761 1372 1858 qui
1392 1760 1507 1832 solam
1531 1760 1654 1832 litterae
1679 1757 1920 1858 superficiem,
1948 1783 2021 1829 non

436 1884 606 1976 mysticos
622 1905 747 1952 sensus
764 1882 801 1952 in
818 1880 893 1976 lege
909 1881 1135 1978 perquirunt.
1150 1881 1221 1953 Sed
1237 1880 1325 1979 quid
1342 1896 1395 1952 est
1410 1881 1522 1977 magis
1538 1880 1753 1967 absurdum,
1772 1903 1882 1976 quarn
1898 1902 2023 1950 omnes

434 2025 497 2072 eos
510 2001 640 2072 divinae
656 2003 918 2074 maledictionis
934 2003 1167 2075 damnatione
1184 2003 1313 2101 dignos
1330 2003 1445 2090 credi,
1462 2004 1525 2100 qui
1537 2003 1609 2073 hoc
1623 2026 1752 2098 genere
1767 2002 1893 2072 mortis
1905 2002 2024 2098 potius

434 2147 544 2218 quam
561 2122 631 2194 alio
652 2124 870 2220 puniantur?
891 2127 970 2194 Non
986 2124 1090 2212 ‚enim
1110 2124 1241 2196 modus
1263 2148 1394 2223 poenae,
1421 2122 1484 2194 sed
1505 2123 1625 2221 lapsus
1645 2121 1758 2220 culpae
1779 2145 1881 2192 reum
1901 2119 2019 2191 efficit.

434 2242 538 2313 Unde
552 2258 587 2313 et
600 2243 773 2341 scriptum
788 2246 854 2314 est³
869 2270 877 2312 :
895 2272 914 2310 ιι
921 2248 1039 2313 iustus
1053 2268 1125 2340 qua
1138 2258 1254 2314 morte
1266 2258 1513 2341 praeocupatus
1527 2242 1649 2329 fuerit,
1663 2241 1701 2311 io
1718 2239 1901 2334 refrigerio
1913 2239 1990 2308 crit.
2003 2268 2019 2304 ιι

434 2363 495 2431 Sin
514 2376 635 2432 autem
651 2359 813 2433 velamen
831 2363 944 2458 Moysi
961 2361 1190 2436 detrahentes
1206 2361 1361 2434 revelata
1377 2362 1466 2433 facie
1482 2362 1596 2457 legem
1612 2359 1762 2431 interius
1778 2357 2018 2456 speculemur,

433 2482 690 2552 convenienter
698 2481 793 2552 hanc
807 2480 1095 2554 maledictionem
1112 2497 1187 2554 tarn
1203 2483 1350 2580 singulis
1366 2481 1574 2552 hominibus
1590 2506 1654 2578 per
1671 2479 1814 2578 culpam
1830 2502 1939 2582 quam
1955 2479 2020 2576 ipsi

433 2599 575 2671 Christo
591 2625 656 2697 per
669 2602 1023 2697 poenam'poterimus
1034 2602 1225 2700 applicare.
1244 2607 1311 2671 Pro
1323 2617 1472 2698 peccato
1484 2601 1618 2697 quippe
1630 2602 1792 2699 priorum
1808 2613 2017 2697 parentum,

432 2717 531 2814 quod
548 2719 585 2786 in
603 2715 700 2812 ligno
721 2718 832 2788 vetito
854 2719 1086 2789 commissum
1106 2733 1176 2807 est,
1196 2743 1322 2790 omnes
1342 2718 1427 2789 inde
1446 2717 1716 2790 damnationem
1732 2718 1963 2805 incurrimus,
1984 2732 2020 2787 et

431 2852 603 2934 tanquam
619 2837 657 2906 in
673 2834 771 2932 ligno
789 2838 982 2927 morimur,
1001 2838 1164 2935 quicum
1181 2837 1344 2934 originali
1366 2853 1515 2935 peccato
1536 2839 1729 2926 nascimur,
1744 2838 1845 2932 juxta
1864 2836 1963 2932 quod
1984 2852 2019 2906 et

431 2957 606 3027 Dominus
623 2955 737 3028 Adam
753 2958 961 3054 increpans,
981 2972 1016 3028 et
1036 2959 1139 3054 quasi
1155 2957 1416 3030 maledictionis
1437 2958 1651 3030 sententiam
1671 2958 1900 3055 intorquens,
1924 2957 1988 3026 ait⁸
2008 2985 2016 3025 :

389 3133 391 3138 .
434 3074 653 3146 «Maledicta
669 3090 763 3147 terra
784 3077 820 3146 in
838 3101 948 3174 opere
964 3092 1041 3148 tuo.
1058 3106 1076 3144 n
1106 3080 1242 3148 Omnes
1265 3078 1402 3173 itaque,
1425 3078 1639 3148 sententiam
1663 3076 1758 3149 hanc
1779 3075 2020 3148 damnationis

431 3195 477 3266 ab
495 3196 607 3267 Adam
625 3194 896 3285 contrahentes,
916 3197 1018 3294 quasi
1034 3198 1188 3270 cadaver
1202 3199 1279 3269 sine
1296 3198 1369 3269 vita
1385 3198 1565 3269 nascimur
1580 3212 1616 3269 et
1632 3221 1905 3294 permanemus,
1924 3211 2020 3274 ante·

430 3339 539 3412 quam
565 3339 608 3385 ex
634 3339 727 3412 aqua
752 3331 788 3386 et
814 3317 942 3414 spiritu
968 3318 1099 3405 renati,
1133 3316 1179 3388 ab
1203 3317 1271 3388 hac
1299 3317 1426 3388 animae
1456 3331 1572 3388 morte
1597 3315 1831 3388 vivificemur.
1861 3317 2021 3389 Cadaver

430 3447 550 3504 autern
570 3435 805 3532 suspensione
826 3433 913 3530 ligni
933 3451 1118 3508 mortuum
1138 3436 1266 3508 eadem
1287 3437 1345 3508 die
1371 3436 1511 3536 sepeliri
1531 3421 1751 3536 praecipitur,
1779 3439 1864 3534 qnia
1890 3438 1926 3507 in
1951 3436 2020 3510 hac

428 3555 507 3651 ipsa
526 3554 600 3624 vita
616 3556 781 3650 praesenti
801 3579 873 3655 qua
889 3556 1087 3646 nascimur,
1106 3557 1372 3655 consepeliendi
1389 3557 1530 3628 Christo
1551 3582 1616 3655 per
1635 3557 1855 3656 baptismum
1876 3582 2017 3644 sumus;

429 3699 475 3745 ne
491 3673 656 3744 videlicet
672 3689 767 3746 terra
784 3690 907 3746 nostra
923 3677 1204 3766 contaminetur,
1223 3677 1295 3748 hoc
1311 3693 1382 3767 est,
1402 3703 1448 3749 ne
1464 3678 1502 3748 in
1519 3677 1686 3774 contagio
1704 3691 1853 3748 terrenae
1874 3701 2022 3773 genera·

428 3797 536 3866 tionis
552 3819 818 3885 remaneamus,
842 3799 872 3868 si
888 3799 1084 3893 regenerati
1104 3798 1304 3896 specialiter
1325 3824 1399 3871 non
1423 3799 1605 3871 fuerimus.
1635 3803 1730 3870 Rene
1746 3799 1867 3895 itaque
1888 3797 2019 3868 dicitur

429 3916 639 3989 maledictus
659 3943 680 3990 a
701 3907 778 3989 Deo
800 3919 862 4016 qui
883 3920 1018 4018 pendet
1038 3920 1075 3991 in
1097 3920 1214 4017 ligne,
1238 3923 1323 4019 quia
1342 3922 1409 3992 etsi
1429 3921 1594 3992 nondum
1619 3921 1766 4020 propria
1793 3921 2019 3991 incurramus

429 4051 592 4134 peccata,
612 4035 699 4108 illud
714 4051 835 4109 tamen
853 4063 968 4110 unum
983 4039 1083 4135 quod
1100 4039 1271 4135 originale
1289 4040 1419 4112 dicitur
1434 4055 1622 4138 peccatum
1638 4041 1675 4110 in
1693 4038 1808 4135 ligno,
1825 4054 1865 4109 ut
1880 4038 2019 4110 dictum

428 4172 498 4245 est,
523 4157 678 4227 scientiae
703 4156 791 4228 boni
817 4173 853 4228 et
869 4159 954 4230 mali
974 4159 1207 4230 commissum
1231 4159 1277 4230 ad
1305 4160 1575 4232 damnationem
1596 4173 1756 4230 nostram
1781 4157 1928 4245 sufficit,
1959 4159 2019 4228 cui

429 4277 552 4347 divino
565 4277 703 4372 judicio
720 4276 883 4376 deputati
899 4303 1040 4366 sumus,
1065 4293 1100 4350 et
1117 4279 1165 4350 oh
1182 4278 1253 4351 hoc
1270 4304 1291 4352 a
1306 4283 1384 4351 Deo
1401 4280 1558 4377 quadam
1574 4279 1825 4351 maledictione
1842 4279 2016 4376 percussi.

428 4400 515 4482 Quae
539 4395 688 4492 quidem
713 4395 934 4486 maledicti0,
961 4412 996 4468 et
1019 4397 1056 4468 in
1080 4397 1261 4468 Christum
1281 4412 1510 4496 retorquetur
1531 4423 1595 4497 per
1616 4421 1778 4496 poenam,
1802 4421 1910 4494 quem
1936 4421 2021 4494 per·

427 4541 571 4588 cussum
585 4540 606 4587 a
619 4520 696 4588 Deo
713 4531 749 4587 et
764 4517 925 4588 attritum
937 4533 1084 4616 propter
1096 4517 1229 4590 scelera
1240 4519 1556 4617 nostraPropheta
1569 4517 1676 4614 longe
1692 4532 1775 4589 ante
1789 4517 2017 4616 praedixerat.

427 4641 471 4707 Et
495 4638 586 4707 sicut
611 4637 728 4708 caeteri
749 4637 786 4706 in
810 4635 925 4732 ligno,
951 4651 991 4706 ut
1016 4635 1152 4712 dietum
1178 4651 1249 4725 est,
1278 4653 1431 4710 mortem
1456 4640 1583 4710 animae
1607 4639 1853 4725 incurrerunt,
1877 4637 1928 4707 sic
1950 4636 2022 4706 iste

429 4770 583 4828 mortem
600 4757 778 4853 corporis,
797 4771 837 4827 ut
852 4781 918 4854 per
937 4756 1032 4827 hanc
1053 4757 1099 4827 ab
1120 4755 1180 4828 illa
1199 4781 1266 4828 nos
1287 4756 1460 4846 liberans,
1484 4757 1774 4830 maledictionem
1796 4770 1956 4828 nostram
1977 4756 2021 4824 in

461 5055 469 5082 ⁴
489 5055 572 5115 Dent,
588 5069 643 5123 cap.
657 5073 706 5118 xx,
717 5071 739 5106 v.
755 5059 787 5108 22
802 5069 827 5109 et
836 5075 874 5126 sq.
886 5088 915 5098 -
926 5059 936 5086 ¹
949 5061 1042 5120 Galat,
1056 5077 1110 5126 cap.
1132 5077 1171 5122 ιιι,
1187 5076 1209 5111 v.
1229 5063 1267 5111 13.
1279 5087 1308 5097 -·
1320 5060 1330 5088 ¹
1343 5078 1355 5105 ι
1369 5061 1450 5113 lustu·
1461 5071 1540 5112 autern
1552 5059 1573 5110 si
1584 5047 1671 5111 morte*
1681 5069 1866 5124 preoccupatus
1875 5058 1989 5110 lucens..
2009 5075 2024 5103 ι

426 5144 515 5208 (Sap,
525 5159 581 5210 cap.
595 5161 628 5208 n,
640 5159 664 5196 v.
676 5144 751 5208 'tl-
763 5144 773 5172 ⁴
785 5147 881 5206 Genea„
893 5164 950 5215 cap.
964 5165 1004 5210 ιιι,
1019 5164 1043 5200 v.
1062 5151 1100 5199 n.
