4590 6106
970 539 1116 612 NOTAE.
1784 531 1830 601 ts

251 687 330 744 illum
340 687 433 759 ipsum
445 698 504 738 esse
516 679 682 754 magistrum
696 676 861 734 huselmum
875 675 1095 746 laudunensem,
1114 693 1199 751 quem
1213 675 1313 732 Petrus
1327 671 1486 730 rihelardus
1507 671 1576 728 dicit
1598 681 1665 726 tnnc
1683 673 1830 726 maximam

250 799 284 836 er
294 777 461 852 antiquitate
475 773 670 830 auctoritatem
684 771 814 826 tenuisse.
828 769 895 825 Fuit
904 778 999 824 sutem
1017 768 1094 824 idem
1105 767 1254 823 canonicus
1265 777 1292 822 et
1306 765 1428 822 decanus
1440 763 1561 820 ecclesie
1570 761 1759 831 laudunensis,
1773 780 1831 818 nou

251 872 415 947 episeopus,
429 876 462 922 ut
471 865 586 941 quidam
601 861 757 920 inconsulte
769 862 835 917 satis
846 862 1028 934 scripoerunt.
1043 859 1128 931 Quod
1136 869 1200 914 aute
1213 875 1310 914 omues
1323 856 1366 912 rel
1378 858 1478 912 citatus
1490 855 1550 928 jam
1559 856 1680 929 scriptor
1693 853 1775 914 docet
1786 853 1832 908 his

252 965 344 1021 verbis
359 988 364 1018 :
380 961 459 1020 «Vir
475 957 695 1034 sapientissimus
706 955 840 1029 magister
849 953 998 1010 Auselmus
1010 963 1079 1008 tunc
1094 951 1229 1024 temporis
1240 949 1359 1005 ecelesia
1371 959 1471 1004 nostra
1488 948 1638 1004 canonicus
1649 958 1678 1004 et
1692 946 1830 1014 decanus,

252 1075 303 1131 per
314 1065 404 1112 totum
421 1071 493 1128 pene
510 1052 608 1107 orbem
620 1049 755 1118 latinum,
775 1047 895 1103 scientie
906 1056 936 1102 et
947 1045 1113 1120 eloquentia
1126 1061 1180 1098 sua
1193 1042 1265 1098 lama
1283 1042 1453 1098 notissimus.
1470 1063 1484 1093 ιι
1498 1040 1660 1115 Habuitqoe
1675 1040 1751 1095 iuter
1764 1039 1832 1096 alios

251 1148 406 1206 lectionum
419 1163 534 1202 suarum
547 1141 690 1199 auditores
702 1150 731 1196 et
742 1138 903 1212 discipulos,
919 1155 1008 1212 quom
1021 1137 1189 1210 magistrum
1202 1132 1385 1190 Guillelmum
1397 1131 1432 1188 de
1446 1132 1594 1213 campellis
1604 1131 1834 1188 archidiaconum

250 1240 369 1296 ecclesiae
376 1238 526 1312 parisiacae,
540 1234 575 1290 de
586 1252 646 1309 quo
656 1233 795 1308 superius,
805 1233 921 1287 Petrum
934 1241 1062 1286 nostrum
1072 1227 1259 1296 Abaelardum,
1270 1227 1320 1300 qni
1333 1227 1387 1282 luit
1398 1227 1497 1299 etipse
1508 1237 1601 1300 postea
1614 1227 1746 1300 magister
1759 1226 1832 1282 cele-

251 1334 404 1400 berrimus,
415 1329 579 1386 hibericum
593 1327 777 1393 lismensem,
794 1334 823 1380 et
836 1323 979 1378 botulfum
994 1322 1191 1378 Novariensenr
1202 1323 1261 1375 sive
1271 1316 1475 1387 lombardum,
1487 1317 1523 1374 de
1536 1319 1638 1392 quihus
1650 1330 1758 1393 postea,
1772 1330 1834 1376 tum

250 1426 388 1500 precipue
404 1421 591 1480 Guillelmum
604 1417 824 1474 cantuariensem
837 1416 1089 1490 archiepiscopum.
1104 1415 1166 1469 Hoc
1183 1413 1260 1469 euim
1275 1421 1393 1468 testatur
1408 1412 1493 1466 etiam
1504 1411 1631 1484 prelatus
1645 1412 1764 1476 ecclcsiae
1773 1411 1834 1467 lau·

250 1518 383 1574 dunensis
395 1514 561 1582 historicus,
575 1530 663 1586 quum
676 1511 716 1566 ait
732 1529 737 1560 :
754 1531 767 1560 ι
778 1509 836 1566 Nos
849 1509 944 1584 itaque
956 1517 1098 1582 assumpto
1110 1506 1229 1562 dominae
1244 1516 1343 1561 nostre
1353 1504 1456 1561 feretro
1466 1514 1550 1579 atque
1563 1503 1700 1578 reliquiis,
1713 1506 1835 1562 Cautua-

251 1612 320 1667 riam
331 1607 473 1676 venimus,
483 1605 533 1662 ubi
542 1616 610 1661 tunc
624 1613 684 1660 erat
693 1603 917 1676 archiepiscopus
927 1599 1058 1656 domiuus
1066 1598 1228 1656 Willelmns
1236 1597 1316 1654 nobis
1328 1597 1498 1664 notissimus,
1507 1597 1640 1672 quoniam
1651 1596 1711 1668 jam
1724 1596 1834 1652 dudum

252 1721 303 1776 pro
314 1700 454 1758 audienda
466 1698 585 1754 lectione
596 1697 723 1771 magistri
735 1694 859 1752 Auselmi
879 1692 1046 1750 Lauduuum
1059 1702 1156 1768 petens
1173 1691 1269 1746 multis
1282 1690 1382 1746 diebus
1397 1691 1426 1746 in
1438 1691 1562 1764 episcopi
1575 1689 1660 1746 domo
1674 1700 1830 1763 manserat,

252 1794 347 1869 ibique
356 1791 428 1848 lilios
436 1789 558 1858 Radulfi,
572 1787 729 1846 cancellarii
739 1787 813 1860 regis
822 1785 989 1860 Anglorum,
1000 1783 1160 1842 docuerat.»
1171 1784 1211 1840 Ex
1220 1783 1323 1858 quibus
1331 1782 1422 1838 verbis
1433 1781 1565 1856 colligere
1577 1792 1619 1838 est
1630 1779 1832 1838 laudunensem

252 1885 395 1942 ecclesiam
410 1893 474 1938 tunc
486 1881 570 1938 fuisse
582 1882 660 1956 quasi
673 1897 807 1953 maguum
819 1877 945 1952 undique
955 1876 1145 1934 studiosorum
1158 1885 1345 1942 conventum
1358 1892 1428 1950 quos
1440 1893 1456 1930 e
1466 1873 1562 1930 multis
1569 1873 1688 1930 urbibus
1697 1884 1727 1929 et
1739 1875 1830 1944 regio·

254 1977 336 2036 uibus
356 1977 487 2052 magistro
500 1974 541 2032 illi
552 1972 686 2030 Anselmo
700 1971 852 2046 discipulos
864 1969 1131 2032 doctrinaecclebris
1150 1969 1223 2024 lama
1242 1967 1434 2024 conuahebst.
1454 1969 1520 2039 Quo
1532 1977 1626 2022 autem
1643 1985 1717 2022 anno
1734 1965 1830 2021 deces-

253 2073 337 2142 serit,
348 2079 376 2126 et
389 2067 436 2124 ubi
452 2067 578 2142 sepultus
588 2065 688 2136 luerit,
700 2065 811 2122 dioetur
823 2064 905 2122 inira.
919 2063 980 2139 [Cl.
993 2063 1067 2122 Hirr.
1081 2063 1134 2119 litt.
1147 2060 1183 2120 dc
1196 2063 1226 2119 lu
1236 2061 1358 2130 France,
1372 2070 1394 2116 t.
1406 2059 1450 2125 X,
1462 2079 1490 2134 p.
1505 2063 1556 2118 lli)
1568 2070 1598 2116 et
1609 2055 1688 2134 seq]

892 2220 964 2277 Nots
976 2219 1063 2279 XVII
1070 2263 1077 2290 ,
1087 2238 1151 2295 pag.
1164 2223 1189 2278 8.

283 2349 412 2405 Patulus
420 2367 549 2406 reversus
556 2347 668 2404 scholas
677 2347 746 2404 milri
751 2347 813 2422 jam
821 2344 930 2402 dudum
938 2343 1138 2402 destinatus...
1146 2343 1305 2418 possedi-
1314 2343 1395 2401 Otho
1404 2344 1601 2418 Frisingensis,
1611 2343 1726 2400 lib.lde
1734 2345 1829 2400 Rebus

251 2445 339 2514 gerris
347 2440 521 2506 Freders'cs'l,
529 2459 589 2516 cap.
599 2457 671 2496 xavu
681 2463 688 2492 .·
699 2440 814 2508 «Pom»
826 2437 921 2514 inquit
927 2437 963 2492 de
970 2435 1115 2494 Abnlardo
1122 2436 1249 2510 loquens,
1261 2435 1318 2493 ssd
1329 2437 1754 2510 gravissimosviroshnselmum
1763 2437 1831 2492 Lau-

250 2531 412 2602 duneussm,
427 2531 613 2590 Guillelmum
625 2532 857 2606 campellensem,
870 2531 1016 2588 Catalauru
1032 2531 1203 2605 episcopum,
1218 2531 1358 2605 migrans,
1374 2533 1555 2606 ipsorumque
1567 2531 1708 2588 dictorum
1719 2533 1829 2606 pondus

250 2637 380 2701 tauquam
390 2625 554 2682 subtilitatis
564 2626 693 2682 acumine
704 2643 821 2681 vacuum
829 2623 975 2696 judicans,
988 2641 1046 2679 non
1055 2623 1106 2680 diu
1117 2623 1259 2680 sustinuit.
1271 2623 1342 2679 Inde
1354 2625 1520 2698 magistrum
1531 2623 1837 2698 incrementulum

249 2719 337 2786 restit,
359 2717 513 2792 plurimum
541 2717 734 2773 inventionum
760 2717 930 2784 subtilitate,
948 2735 1004 2773 non
1023 2717 1114 2774 solum
1130 2715 1166 2772 ad
1184 2715 1391 2790 philosophiam
1416 2717 1651 2785 necessariarum,
1671 2716 1720 2774 sed
1736 2727 1765 2771 et
1778 2735 1828 2789 pro

249 2809 455 2867 commovendis
467 2809 504 2866 ad
509 2809 587 2882 jocos
600 2809 700 2867 animis
714 2809 862 2867 hominum
873 2809 1005 2880 utilium,
1022 2809 1124 2868 salens.
1141 2831 1155 2862 ι
1172 2808 1182 2884 [
1194 2809 1267 2868 Vide
1282 2809 1385 2882 Script.
1398 2828 1453 2865 rer.
1464 2811 1572 2883 gallic,
1585 2820 1605 2866 t.
1619 2809 1707 2880 XlIl,
1721 2830 1750 2885 p.
1760 2811 1827 2882 lh]

881 2957 953 3014 Nota
967 2955 1083 3026 xv111,
1094 2969 1158 3032 pag.
1169 2961 1195 3015 9.

286 3077 505 3136 Adolescentuta
517 3078 649 3153 quedam
662 3081 773 3136 nomine
789 3077 933 3150 Helosssa,
945 3083 1038 3154 neptis
1051 3083 1181 3136 canonici
1192 3078 1358 3156 cujusdam,
1373 3083 1424 3154 qui
1444 3078 1594 3135 Fulbertus
1614 3077 1779 3134 uocabatur.
1791 3107 1828 3120 -

250 3172 304 3230 Vir
315 3171 415 3230 doctus
425 3172 561 3246 Papyrius
569 3173 731 3242 Massones,
747 3171 797 3228 lib.
810 3172 853 3228 111
863 3173 983 3243 Arsaci,
997 3173 1071 3230 hanc
1083 3173 1238 3229 lleloissam
1251 3173 1390 3247 prestanti
1405 3174 1521 3247 ingenio
1533 3172 1678 3246 formaque
1689 3169 1825 3245 puellam,

248 3267 285 3321 ait
298 3265 384 3321 luisse
395 3264 481 3321 liliam
496 3265 650 3322 naturalem
666 3266 781 3321 loannis
794 3266 888 3322 nescio
904 3265 983 3338 cujus
999 3266 1157 3339 parisiensis
1173 3265 1309 3322 canonici.
1327 3266 1436 3324 Verum
1451 3265 1482 3320 id
1497 3264 1573 3320 unde
1586 3265 1755 3338 sumpserit,
1772 3283 1827 3320 nou

248 3367 288 3412 cst
297 3357 327 3412 in
339 3367 485 3431 promptu,
498 3375 549 3414 nec
561 3367 636 3414 certe
649 3357 801 3416 concordat
809 3368 859 3413 sut
868 3357 956 3431 ipsius
968 3357 1106 3414 Abaelardi
1116 3357 1214 3428 dictis,
1228 3370 1277 3414 aut
1289 3357 1448 3414 calendario
1456 3359 1542 3414 etiam
1552 3357 1742 3432 paracletensi,
1752 3359 1830 3433 quod

249 3459 372 3506 recenset
381 3448 490 3504 obitum
501 3451 524 3506 F
525 3448 628 3506 olberti
640 3450 776 3518 canonici,
787 3448 918 3506 Heloissh
927 3450 1068 3520 avunculi,
1081 3460 1214 3524 corrupte
1227 3450 1320 3507 tame'n
1330 3451 1382 3505 sub
1393 3449 1515 3506 Huberti
1525 3451 1654 3520 nomine,
1664 3450 1709 3504 his
1718 3450 1808 3505 verbis
1820 3474 1828 3504 ι

249 3565 262 3591 ι
272 3559 308 3596 ιιι
322 3541 379 3596 isal.
396 3541 509 3614 januar.
530 3542 602 3600 obiit
614 3541 758 3598 Hubertus
774 3543 940 3612 canonicus,
960 3541 1079 3598 domiue
1097 3543 1216 3598 Heloise
1232 3541 1384 3598 avunculus
1398 3565 1411 3594 ι
1424 3543 1502 3614 Quin
1514 3553 1543 3598 et
1557 3541 1682 3598 Fulberti
1701 3543 1828 3598 canonici

249 3632 406 3706 parisiensis
417 3634 547 3690 meminit
561 3633 714 3690 Ordericus
726 3633 857 3690 uticensis
868 3633 1035 3705 monachus,
1048 3632 1098 3689 lib.
1112 3633 1169 3692 VII
1180 3633 1309 3690 Historia
1321 3652 1378 3690 suu
1386 3633 1598 3704 Ecclesiasticre3
1611 3652 1696 3710 quern
1710 3634 1828 3689 uthans

247 3742 358 3800 quoque
377 3725 508 3781 eumdem
525 3725 658 3782 Heloissc
669 3725 837 3782 avunculum
856 3725 941 3782 luisse
959 3723 1085 3794 credam,
1099 3727 1171 3781 ratio
1185 3727 1364 3799 potissimum
1374 3727 1510 3802 temporis
1522 3728 1596 3784 lacit.
1615 3727 1801 3801 «Regnante,
1815 3752 1827 3779 ι

248 3817 354 3893 inquit,
370 3837 385 3868 ιι
395 3815 535 3874 Ludovioo
549 3836 631 3894 rege,
645 3817 760 3893 quidam
775 3816 925 3874 canonicus
937 3817 1052 3872 nomine
1064 3815 1215 3872 Fulbertus
1225 3819 1349 3874 Parisios
1359 3830 1436 3889 erat,
1446 3821 1495 3895 qui
1509 3838 1539 3876 os
1549 3821 1692 3894 integrum
1703 3820 1739 3876 de
1751 3822 1829 3895 spina

249 3912 336 3966 sancti
359 3909 477 3966 Ebrulbi
495 3909 630 3980 habebat,
654 3910 732 3985 quod
750 3909 907 3986 capellanus
929 3909 968 3964 de
986 3907 1089 3983 capella
1106 3909 1223 3966 hienrici
1248 3913 1323 3986 regis
1339 3913 1512 3969 Francorum
1536 3913 1728 3986 subtraxerat,
1746 3915 1829 3988 eique

244 4003 303 4074 jam
319 4002 426 4060 dudum
434 4021 486 4077 pro
498 4003 602 4058 amoris
615 4003 733 4078 pignore
744 4002 868 4059 dederat.
880 4003 996 4057 Timens
1009 4011 1101 4058 autem
1115 4021 1167 4076 pro
1180 4001 1296 4060 diversis
1313 4007 1402 4062 causis
1413 4005 1484 4061 illud
1497 4007 1614 4078 hahere,
1630 4006 1753 4063 Fulcone
1765 4025 1829 4080 pre-

250 4097 360 4170 sbytero
372 4095 481 4152 Manliae
494 4094 651 4167 mediante,
670 4095 786 4152 accersit
798 4094 984 4153 Guillelmum
999 4093 1034 4152 de
1046 4096 1217 4152 lilonsterolo
1236 4097 1360 4170 priorem
1381 4099 1506 4168 Manlia,
1523 4100 1606 4176 eique
1625 4100 1758 4174 reliquias
1770 4108 1828 4154 tra-

249 4187 323 4244 didit
333 4187 495 4246 delerendas
506 4188 624 4246 uticensi
638 4189 767 4247 ecclesiae.
780 4213 793 4240 ι
810 4187 876 4264 [Cl.
888 4188 1039 4259 Remusat,
1054 4187 1199 4256 Abc‘lord,
1216 4199 1237 4246 t.
1248 4189 1280 4260 1,
1295 4209 1324 4264 p.
1338 4192 1381 4249 ll·
1396 4191 1408 4265 ]

823 4403 827 4412 Ι
870 4320 954 4392 'Nota
967 4335 1058 4405 XIX,
1074 4355 1138 4410 pag.
1152 4339 1195 4397 l2.

285 4457 343 4514 Udi
362 4458 443 4530 αριιιί
460 4478 584 4516 sororem
604 4479 786 4518 msam....-
796 4460 893 4518 Sorori
908 4459 978 4516 huic
996 4459 1134 4516 Abaelardi
1155 4481 1258 4518 nomen
1278 4461 1423 4534 Dionysia,
1445 4479 1530 4537 quam
1547 4462 1659 4535 reperio
1680 4461 1829 4518 decessisse

249 4569 261 4597 ι
273 4566 292 4603 ιι
300 4567 368 4606 ιιοιι.
383 4549 548 4636 decembris.
561 4575 575 4607 s
587 4552 634 4610 Sic
644 4554 720 4610 euim
732 4553 921 4612 calendarium
930 4553 1124 4628 paracletensis
1133 4555 1254 4614 coenobii
1266 4579 1272 4613 :
1288 4578 1301 4607 ι
1314 4573 1333 4612 ιι
1346 4573 1413 4614 uon.
1425 4553 1533 4612 decem.
1547 4553 1618 4610 obiit
1628 4553 1760 4628 Dionysia
1770 4573 1828 4610 ms-

249 4641 326 4713 gistri
339 4645 430 4700 nostri
442 4643 519 4701 Petri
534 4663 674 4720 germana.
686 4668 698 4693 ι

889 4756 963 4813 Nota
975 4755 1046 4827 XX,
1059 4775 1122 4834 pag.
1138 4762 1183 4818 li.

281 4873 379 4932 Borrsc
389 4887 502 4950 pareret
518 4879 674 4934 masculum
693 4899 776 4954 quens
790 4878 986 4936 Astruladium
1000 4883 1163 4938 ιιοιιιίιιανίι.
1175 4879 1345 4937 -lleloissa
1360 4881 1417 4956 ipsa
1431 4879 1556 4938 scribens
1567 4879 1604 4936 sd
1614 4879 1729 4936 Petrum
1744 4878 1829 4936 sbbs·

247 4973 303 5020 tem
316 4965 538 5026 cluniacensem:
555 4971 780 5046 «Memineritis,
793 4995 806 5024 ιι
821 4972 929 5047 iuquit,
945 4983 1000 5028 set
1012 4990 1107 5030 amore
1120 4973 1172 5030 Dei
1184 4983 1213 5028 et
1226 4975 1331 5045 nostri,
1344 4973 1494 5029 Astralabii
1507 4973 1610 5042 vestri,
1626 4983 1659 5028 ut
1669 4973 1790 5048 aliquam
1804 4975 1830 5030 ei

248 5058 289 5115 ret
301 5078 316 5116 a
329 5061 493 5136 parisiensi,
515 5064 557 5120 rel
575 5065 771 5142 alioquolibet
782 5066 913 5140 episcopo
925 5065 1101 5140 prebendam
1118 5065 1278 5142 acquiratis.
1289 5087 1304 5118 ιι
1319 5065 1355 5122 Et
1371 5066 1473 5124 Petrus
1489 5066 1622 5124 Heloissn
1639 5064 1827 5143 respondens:

251 5172 264 5201 ι
278 5155 435 5213 hstrslabio
451 5169 558 5232 restro,
577 5161 719 5236 vestrique
731 5177 812 5217 cause
824 5169 939 5230 nostro,
955 5176 1018 5215 mos
1030 5169 1063 5217 ut
1077 5158 1192 5216 facultas
1206 5159 1271 5215 data
1285 5161 1388 5232 luerit,
1401 5160 1430 5216 in
1444 5159 1537 5235 aliqua
1550 5158 1687 5216 nobilium
1701 5156 1829 5216 ecclesis·
