4520 6104
474 683 547 756 202
910 681 1037 752 PETlll
1064 679 1297 753 ABAELARDl
1323 675 1379 752 Er
1403 677 1629 752 HELOlSSAE

475 822 559 894 dem
578 837 617 893 ut
632 822 678 894 ad
694 846 798 894 suum
814 821 957 892 trahant
969 819 1194 910 dominium,
1215 843 1329 918 quum
1346 843 1470 917 aspera
1481 817 1655 890 deberent
1667 819 1718 891 eis
1729 809 1945 919 predicare,
1966 819 2047 893 lenia

474 941 705 1039 promittunt,
730 955 766 1012 et
785 939 884 1011 nulla
900 940 1164 1011 examinatione
1193 955 1297 1011 autea
1325 938 1497 1038 probatos
1515 963 1607 1036 quos
1629 939 1816 1010 indiscrete
1843 940 2044 1038 suscipiunt,

474 1059 573 1132 facile
588 1074 829 1158 apostatantes
849 1059 1016 1157 perdunt.
1040 1059 1201 1148 Talibus,
1224 1074 1263 1130 ut
1275 1059 1400 1149 video,
1420 1057 1687 1158 improperabat
1705 1060 1863 1150 Veritas,
1884 1059 2044 1132 dicens¹:

474 1207 491 1245 n
505 1181 564 1250 Vae
579 1178 680 1249 robis
692 1179 754 1276 qui
764 1180 918 1250 circuitis
927 1204 1026 1251 mare
1040 1194 1075 1251 et
1088 1179 1238 1268 aridam,
1252 1195 1289 1250 ut
1303 1179 1435 1251 faciatis
1448 1203 1559 1250 unum
1573 1176 1799 1276 proselitum!
1815 1183 1932 1266 Quem
1943 1205 2048 1276 quum

471 1297 639 1390 feceritis,
661 1298 772 1371 facitis
791 1298 891 1370 illum
913 1299 1026 1372 srlium
1047 1300 1217 1397 gehennae
1237 1299 1348 1400 duplo
1365 1322 1474 1397 quam
1492 1323 1567 1370 vos.
1586 1325 1604 1365 u
1624 1299 1695 1386 Qui
1705 1299 1866 1398 profecto
1882 1299 2048 1370 minusde

470 1417 698 1492 multitudine
723 1419 983 1516 gloriarentur,
1015 1419 1044 1490 si
1067 1417 1217 1490 salutem
1242 1419 1441 1490 animarum
1461 1419 1571 1515 magis
1589 1443 1698 1516 quam
1716 1441 1906 1489 numerum
1924 1443 2050 1515 quaere·

470 1553 570 1630 rent,
599 1538 697 1611 etde
715 1540 787 1610 suis
805 1537 939 1608 viribus
957 1539 993 1608 in
1015 1538 1151 1609 ratione
1169 1538 1223 1608 sui
1244 1538 1424 1634 regiminis
1445 1537 1628 1610 reddenda
1649 1538 1767 1609 minus
1786 1553 2046 1636 praesumerent.

470 1659 606 1730 Paucos
625 1660 800 1730 Dominus
818 1657 921 1754 elegit
938 1657 1139 1757 apostolos,
1159 1671 1194 1728 et
1213 1657 1259 1750 de
1280 1659 1356 1756 ipsa
1374 1657 1547 1730 electione
1566 1682 1629 1729 sua
1649 1682 1741 1730 unus
1759 1659 1794 1728 in
1814 1661 1951 1730 tantum
1971 1683 2050 1757 apo

469 1780 631 1868 statavit,
653 1793 692 1850 ut
708 1803 774 1877 pro
793 1778 872 1875 ipso
891 1779 1066 1849 Dominus
1087 1778 1263 1850 diceret¹:
1288 1807 1306 1846 a
1325 1777 1517 1875 Nunquid¹
1534 1801 1601 1874 ego
1619 1776 1812 1849 duodecim
1825 1802 1890 1850 vos
1903 1777 2006 1877 elegi,
2019 1795 2051 1850 et

470 1921 563 1970 unus
580 1922 623 1970 ex
640 1897 742 1968 vobis
755 1891 918 1970 diabolus
936 1898 1013 1970 est?
1031 1927 1048 1966 u
1070 1899 1167 1970 Sicut
1185 1911 1305 1969 autem
1324 1896 1369 1969 de
1388 1896 1558 1996 apostolis
1575 1896 1705 1988 Judas,
1728 1898 1777 1968 sic
1796 1912 1831 1970 et
1854 1896 1901 1970 de
1918 1913 2050 1998 septem

469 2016 679 2090 diaconibus
700 2017 863 2089 Nicolaus
880 2017 996 2116 periit.
1020 2021 1065 2089 Et
1084 2043 1196 2114 quum
1208 2042 1342 2116 paucos
1356 2017 1475 2088 adhuc
1489 2016 1642 2116 apostoli
1655 2033 1947 2115 congregassent,
1969 2026 2052 2091 Ana·

468 2139 544 2209 nias
563 2155 599 2210 et
611 2138 773 2238 Saplrira,
795 2163 884 2210 uxor
901 2138 989 2234 ejus,
1006 2137 1131 2208 mortis
1151 2138 1313 2235 excipere
1331 2138 1543 2210 sententiam
1562 2153 1780 2209 meruerunt.
1803 2139 1945 2236 Quippe
1959 2153 1997 2210 et
2009 2137 2052 2211 ab

466 2259 544 2357 ipso
567 2275 671 2333 antea
691 2259 848 2330 Domino
871 2283 985 2356 quarm
1012 2257 1114 2329 multi
1135 2256 1302 2330 abiissent
1323 2258 1581 2355 discipulorum
1603 2273 1820 2342 retrorsum,
1845 2260 1951 2356 pauci
1972 2284 2051 2331 cum

466 2379 545 2477 ipso
571 2395 830 2452 remanserunt.
856 2383 958 2451 Arcta
978 2379 1112 2478 quippe
1128 2379 1184 2449 via
1207 2394 1280 2468 est,
1307 2403 1385 2475 qnae
1403 2377 1502 2449 ducit
1521 2376 1568 2448 ad
1591 2376 1725 2468 litam,
1755 2393 1790 2450 et
1814 2379 1920 2476 pauci
1942 2379 2054 2478 ingre-

466 2498 613 2571 diuntur
632 2523 804 2598 peream.
827 2500 925 2570 Sicut
940 2525 962 2571 e
980 2499 1160 2570 contrario
1181 2498 1251 2571 lata
1272 2513 1324 2570 est
1346 2514 1382 2570 et
1401 2499 1576 2596 spatiosa,
1593 2497 1674 2595 q'uae
1694 2498 1791 2570 ducit
1811 2498 1857 2570 ad
1874 2514 2050 2592 mortem;

467 2619 622 2690 etmulti
649 2635 732 2690 sunt
748 2621 811 2718 qui
832 2643 870 2690 se
892 2617 985 2690 ultro
1006 2619 1203 2715 ingerant⁸.
1228 2619 1320 2705 Quia
1344 2618 1434 2689 sicut
1454 2619 1528 2716 ipse
1548 2617 1724 2688 Dominus
1748 2631 1893 2690 testatur
1918 2617 2049 2690 aliur:

468 2767 484 2804 a
500 2737 601 2810 Multi
614 2740 749 2830 vocati,
770 2739 875 2838 pauci
893 2762 977 2810 vero
996 2737 1109 2810 electi.
1132 2765 1149 2804 u
1173 2741 1216 2808 Et
1228 2739 1328 2833 juxta
1348 2737 1576 2809 Salomonem
1588 2740 1620 2808 ⁸:
1650 2769 1667 2806 a
1683 2738 1879 2815 Stultorum
1890 2738 2054 2812 infinitus

465 2872 517 2930 est
534 2883 716 2934 numerus.
738 2887 755 2926 u
774 2861 911 2931 Timeat
927 2859 1046 2957 itaque
1071 2859 1230 2956 quisquis
1248 2855 1294 2930 de
1314 2858 1541 2930 multitudine
1568 2857 1698 2955 gaudet
1714 2859 1985 2955 subjectorum,
2009 2887 2054 2934 ne

454 2980 501 3050 ,in
520 2981 569 3051 eis
585 2981 685 3076 juxta
703 2980 922 3052 dominicam
943 2979 1197 3070 assertionem,
1220 2980 1325 3077 pauci
1343 2979 1565 3077 reperiantur
1582 2979 1704 3068 electi,
1722 2991 1758 3050 et
1779 2981 1853 3078 ipse
1876 2982 2056 3056 immode-

464 3115 538 3172 rate
556 3126 698 3198 gregem
713 3125 818 3172 suum
836 3099 1092 3199 multiplicans,
1118 3098 1300 3170 minusad
1321 3098 1521 3170 custodiam
1547 3097 1622 3194 ejus
1643 3097 1815 3190 sufficiat,
1840 3115 1878 3171 ut
1898 3100 1929 3171 ei
1958 3117 2056 3174 recte

464 3245 484 3292 a
504 3221 718 3320 spiritalibus
729 3220 816 3292 illud
830 3220 1080 3319 propheticum
1091 3218 1165 3290 dici
1184 3219 1339 3320 possit':
1359 3248 1376 3286 «
1394 3217 1631 3319 Multiplicasti
1644 3235 1809 3316 gentem,
1830 3245 1904 3292 non
1919 3225 2057 3320 magni·

464 3337 575 3410 ficasti
593 3339 760 3411 letitiam.
779 3367 796 3406 u
819 3339 918 3412 Tales
939 3340 1062 3436 utique
1081 3337 1213 3411 scilicet
1231 3338 1276 3410 de
1296 3338 1523 3411 multitudine
1545 3338 1755 3435 gloriantes,
1779 3339 1867 3412 dum
1889 3356 1966 3413 tam
1986 3368 2056 3441 pro

463 3459 535 3530 suis
560 3485 670 3558 quam
701 3485 850 3531 suorum
880 3458 1147 3532 necessitatibus
1170 3461 1295 3558 saepius
1325 3461 1439 3550 exire,
1467 3475 1573 3557 atque
1594 3459 1638 3530 ad
1663 3460 1821 3532 seculum
1842 3462 1984 3556 redire,
2023 3479 2060 3536 et

463 3577 702 3650 mendicando
718 3579 917 3650 discurrere
931 3593 1128 3676 coguntur,
1146 3579 1239 3650 curis
1259 3603 1297 3650 se
1313 3579 1558 3678 corporalibus
1573 3581 1683 3676 magis
1704 3605 1814 3678 quam
1835 3581 2058 3680 spiritalibus

461 3698 665 3796 implicant,
687 3713 722 3770 et
734 3699 917 3772 infamiam
935 3697 1001 3770 sibi
1020 3700 1130 3796 magis
1147 3723 1255 3797 quam
1275 3698 1424 3796 gloriam
1441 3701 1640 3797 acquirunt.
1658 3699 1765 3787 Quod
1785 3702 1932 3798 quidem
1951 3705 1992 3776 in
2009 3705 2061 3777 fe·

462 3821 567 3891 minis
586 3835 684 3892 tanto
705 3821 814 3918 magis
829 3836 881 3892 est
895 3819 1198 3910 erubescendum,
1217 3835 1352 3918 quanto
1369 3846 1431 3893 eas
1449 3846 1513 3920 per
1527 3821 1705 3892 muudum
1718 3820 1917 3896 discurrere
1931 3827 2062 3898 minus

462 3938 601 4011 videtur
618 3955 746 4012 tutum.
768 3939 934 4038 Quisquis
951 3941 1056 4037 igitur
1073 3941 1191 4037 quiete
1209 3941 1266 4013 vel
1281 3923 1432 4012 boneste
1447 3941 1545 4038 cupit
1564 3943 1705 4031 vivere,
1728 3957 1762 4013 et
1781 3941 1904 4015 officiis
1922 3970 2061 4018 vacare

462 4059 611 4151 divinis,
631 4076 665 4132 et
681 4075 752 4133 tam
766 4065 843 4132 Deo
856 4085 965 4158 quam
980 4059 1100 4132 seculo
1112 4061 1241 4132 charus
1252 4060 1396 4150 haberi,
1414 4063 1536 4133 timeat
1549 4086 1737 4159 aggregare
1750 4088 1842 4160 quos
1853 4089 1927 4135 non
1941 4071 2066 4166 possit

462 4205 674 4279 procurare,
695 4183 817 4252 necin
837 4182 999 4279 expensis
1017 4182 1089 4252 suis
1107 4180 1154 4254 de
1180 4181 1302 4252 alienis
1321 4181 1479 4254 confidat
1500 4184 1710 4281 marsupiis,
1731 4208 1797 4254 neo
1815 4184 2067 4286 eleemosynis

458 4302 643 4401 petendis,
665 4301 728 4374 sed
742 4300 869 4373 dandis
887 4300 1056 4398 invigilet.
1081 4301 1287 4400 Apostolus,
1312 4301 1370 4372 ille
1390 4326 1539 4399 magnus
1560 4304 1737 4401 Evangelii
1756 4305 1996 4403 praedicator,
2028 4327 2067 4381 et

458 4421 595 4495 habens
619 4436 831 4521 potestatem
848 4421 894 4493 de
913 4421 1103 4518 Evangelio
1120 4437 1283 4521 sumptus
1304 4423 1485 4520 accipere,
1513 4421 1651 4495 laborat
1674 4423 1857 4514 manibus,
1885 4450 1932 4497 ne
1959 4454 2068 4526 quos

458 4568 602 4640 gravare
620 4542 805 4633 videatur,
826 4541 871 4614 et'
880 4541 1029 4638 gloriam
1051 4565 1151 4613 suam
1172 4546 1350 4614 evacuet⁸.
1371 4545 1445 4614 Nos
1459 4568 1565 4640 ergo,
1587 4570 1742 4643 quorum
1761 4571 1835 4616 uon
1855 4563 1907 4619 est
1925 4551 2068 4647 praedi·

459 4686 561 4752 care,
584 4661 647 4734 sed
664 4676 809 4759 peccata
827 4660 1018 4759 plangere,
1034 4686 1110 4758 qua
1125 4662 1326 4733 temeritate
1344 4662 1400 4734 vel
1420 4663 1642 4762 impudentia
1656 4652 1899 4737 mendicantes
1918 4673 2068 4765 quaeri·

460 4781 563 4853 mus?
590 4782 694 4853 Unde
714 4781 803 4872 hos,
833 4806 924 4879 quos
945 4781 1208 4854 inconsiderate
1222 4806 1505 4880 congregamus,
1529 4799 1724 4856 sustentare
1740 4787 1958 4884 possumus?
1983 4793 2071 4879 Qui

453 4903 563 4975 etiam
581 4925 673 4999 saepe
692 4903 729 4973 in
751 4917 885 4974 tantam
911 4902 1178 5000 prorumpimus
1203 4902 1397 4995 insaniam,
1420 4919 1459 4975 ut
1477 4929 1588 5001 quum
1609 4900 1800 5003 praedicare
1822 4907 2066 5004 nesciamus,

493 5217 499 5241 ¹
519 5213 615 5296 turm,
628 5229 683 5281 cap.
697 5229 770 5277 xxur,
784 5235 806 5269 v.
819 5220 857 5270 1⁵.
870 5243 899 5254 —
914 5218 924 5244 ¹
937 5218 1019 5282 leam,
1030 5233 1087 5285 cap.
1104 5235 1141 5280 vr,
1156 5235 1179 5267 r.
1191 5219 1232 5267 ll.
1268 5219 1278 5246 ⁸
1294 5219 1367 5284 lbid.,
1381 5235 1437 5287 cap.
1458 5237 1505 5280 xx,
1525 5237 1549 5272 r.
1571 5224 1608 5272 16.
1623 5247 1650 5258 ·-
1665 5220 1793 5280 “Eodem
1809 5236 1864 5288 cap.
1880 5239 1904 5286 r,
1917 5239 1939 5274 r.
1964 5229 2015 5278 1⁵.
2032 5257 2075 5268 —

450 5299 604 5351 =-⁸Norme
624 5299 673 5350 llS.
693 5299 942 5366 Amb.—⁴llattb.,
961 5317 1016 5368 cap.
1038 5319 1085 5367 ru,
1105 5315 1130 5354 t.
1153 5305 1235 5354 bl.—
1271 5303 1895 5374 ⁹tui.,up.u‚v.a.-·comu.r,cap.u.
