4522 6102
926 659 1072 732 Nss'l'AE.
1742 665 1789 738 67

210 789 382 866 dejocum
394 791 454 848 441444
466 794 497 848 44
508 793 668 850 cenobium
680 793 770 852 lintre
780 795 873 854 Maris
886 796 924 853 de
934 797 1045 864 Fontei,
1062 813 1112 854 seu
1127 798 1295 856 41οΝ044040
1309 801 1537 873 4444414404444,
1552 815 1585 860 ut
1602 803 1745 878 colligitur
1757 824 1790 860 ex

211 885 254 940 his
267 885 383 942 Heusiei
395 884 489 942 Sancti
501 885 628 959 Dionysii
641 886 749 943 abbatis
759 886 863 944 litteris
876 913 882 943 :
899 911 913 942 a
925 891 1065 946 1404440444
1077 891 1130 946 Dei
1145 894 1233 965 grstia
1247 892 1345 961 abbas,
1361 905 1390 950 st
1401 905 1554 951 conventus
1565 896 1641 952 beati
1653 897 1788 969 Dionysii,

213 977 348 1036 universis
358 977 407 1052 qni
421 989 569 1050 pmseotes
576 979 685 1035 litteras
695 977 826 1052 viderint,
839 982 871 1037 in
884 981 1005 1038 Domino
1015 981 1142 1038 44444044.
1157 983 1262 1042 Notum
1278 989 1402 1056 44044444,
1417 987 1493 1064 quod
1505 1005 1594 1062 quum
1607 990 1683 1045 inter
1695 1005 1746 1046 400
1758 1009 1790 1046 ex

211 1089 267 1128 una
287 1082 378 1144 parte,
398 1081 427 1128 04
446 1070 610 1128 abbatissam
623 1085 652 1128 et
664 1073 799 1130 moniales
812 1073 848 1130 410
861 1075 957 1132 Fontei
970 1094 1004 1132 04
1023 1075 1126 1144 444044,
1149 1087 1205 1132 tam
1225 1095 1308 1152 super
1329 1081 1501 1153 possessione
1514 1099 1599 1155 quam
1620 1084 1792 1155 proprietate

213 1164 330 1220 ecclesie
343 1165 431 1220 440440
443 1164 580 1220 hisce
588 1166 763 1239 Argenteus,
778 1170 828 1242 qui
839 1166 941 1243 [quui]
955 1179 997 1224 est
1006 1169 1147 1242 prioratus
1158 1189 1223 1225 cum
1236 1171 1292 1226 suis
1306 1173 1486 1246 appendiciis,
1500 1176 1615 1248 questio
1626 1185 1790 1244 verteretur,

211 1257 378 1314 anctoritate
387 1257 546 1329 apostolica,
558 1275 652 1314 coram
661 1257 778 1316 domino
791 1261 885 1334 priore
893 1261 989 1316 Sancti
998 1261 1122 1317 Victoris
1131 1263 1299 1335 parisiensis,
1309 1271 1404 1320 sancto
1416 1275 1577 1322 succentore
1587 1265 1792 1332 silvaneetensi,

211 1363 239 1406 et
253 1351 385 1422 magistre
398 1351 434 1406 lt.
446 1349 481 1406 de
495 1349 603 1418 Orson,
617 1353 751 1408 04404400
765 1353 952 1423 noviomensi,
968 1372 1020 1429 pro
1031 1354 1106 1410 14040
1122 1357 1196 1428 pacis
1209 1355 1480 1429 promisimusdictis
1492 1359 1677 1432 monialibus,
1690 1361 1791 1436 quo[d]

210 1443 340 1500 (1414444444
361 1453 391 1500 et
411 1445 612 1518 assignabimus
629 1445 670 1500 eis
687 1447 818 1502 interris
835 1448 893 1502 suis
909 1449 938 1503 in
952 1448 1097 1504 territorio
1108 1447 1144 1502 de
1158 1448 1326 1521 Trembleyo
1340 1449 1492 1517 decimam,
1512 1469 1572 1524 quas
1585 1451 1702 1526 siugulis
1714 1455 1795 1508 annis

211 1535 297 1592 valeat
309 1535 407 1592 decem
420 1535 519 1604 libeas,
540 1536 613 1592 444444
627 1553 664 1592 av
677 1536 737 1593 dies
749 1547 811 1611 pust
824 1538 925 1594 laetam
939 1541 1185 1613 competitionem,
1206 1551 1260 1596 etc.
1277 1545 1380 1597 Actum
1393 1559 1466 1596 suno
1478 1543 1593 1597 Domini
1608 1561 1706 1598 4400444.
1723 1565 1735 1594 r
1756 1546 1794 1600 Ea

213 1629 288 1682 enim
300 1627 465 1684 conditione
477 1625 636 1684 carubium
649 1627 718 1686 444444
733 1629 767 1685 ad
776 1630 824 1701 jus
836 1629 986 1702 pristinum
999 1629 1105 1686 abbatis
1116 1631 1211 1687 Sancti
1222 1632 1348 1705 Dionysii
1362 1632 1511 1688 reductum
1524 1633 1629 1701 440444,
1643 1645 1675 1690 44
1687 1637 1795 1690 monia-

211 1721 285 1776 libus
305 1721 367 1776 locs
387 1719 562 1794 provideret,
584 1720 632 1776 ubi
652 1733 764 1794 possent
783 1722 888 1778 4414440
907 1723 1013 1779 animas
1030 1741 1103 1778 suas.
1126 1725 1279 1780 Heloissam
1298 1743 1379 1794 vero,
1397 1743 1460 1801 que
1476 1727 1632 1800 prioratum
1646 1740 1798 1784 0044404440

215 1813 349 1885 habebnt,
363 1831 428 1868 cum
439 1812 608 1887 quibusdam
625 1813 686 1869 aliis
698 1815 734 1870 de
746 1814 843 1872 eadem
857 1818 1074 1890 congregatim
1085 1817 1138 1890 ipsi
1150 1816 1363 1887 adherentibus,
1378 1818 1477 1874 Petrus
1493 1819 1653 1876 Abelsrdns
1664 1819 1700 1875 ud
1711 1821 1796 1876 Para·

216 1909 318 1964 0404444
338 1907 493 1964 oratorium
508 1923 590 1962 suum
605 1909 744 1976 4444444444,
760 1927 878 1983 eamque
893 1908 933 1964 ibi
952 1908 1116 1965 abbstissam
1129 1911 1235 1966 ueteris
1247 1910 1379 1982 praefecit.
1393 1911 1478 1982 Quod
1491 1922 1609 1967 testatur
1621 1913 1706 1968 etiam
1718 1914 1800 1969 Guil-

214 2002 315 2058 lelmus
325 2001 453 2074 Nangius
467 2018 555 2074 4444444
568 2002 620 2057 ait:
636 2023 649 2053 a
661 2000 716 2058 Sed
727 2001 766 2057 ibi
777 2002 941 2072 lleloissam‚
954 2019 1014 2077 qun
1027 2021 1077 2076 per
1089 2003 1255 2060 industriam
1268 2004 1396 2078 Suggerii
1409 2004 1518 2060 abbatis
1526 2004 1619 2060 Sancti
1629 2006 1754 2079 Dionysii
1770 2009 1798 2061 iu

217 2093 333 2150 Francis
344 2091 522 2166 postmodum
531 2092 628 2164 ejecta,
639 2095 734 2149 4044440
745 2093 811 2150 iecit
822 2111 887 2150 0444
899 2094 1042 2150 nonnullis
1052 2095 1220 2152 monialibus
1228 2095 1376 2169 religiosis.
1385 2097 1454 2167 Qun
1463 2096 1504 2152 ibi
1517 2096 1655 2152 abbatissa
1666 2097 1772 2152 0440044.
1784 2119 1796 2146 s

216 2187 251 2242 Et
262 2197 326 2242 ante
339 2203 405 2240 eum
417 2185 558 2240 Robcrtns
570 2187 822 2244 Autissiodorensis
836 2211 843 2242 s
866 2189 943 2244 444440
952 2211 978 2256 ,4
994 2189 1102 2264 inquit,
1120 2188 1303 2244 «4440444444
1319 2189 1517 2246 subtilissimus
1529 2190 1720 2265 mirabilisque
1733 2191 1799 2264 phi-

214 2281 347 2355 losophus
366 2290 560 2336 construxerat
571 2280 730 2336 metium
745 2282 774 2336 in
789 2281 933 2337 territorio
949 2283 1116 2350 trecasino,
1131 2283 1160 2337 in
1175 2291 1257 2356 prato
1269 2282 1391 2356 quodam
1408 2283 1456 2338 ubi
1470 2282 1563 2356 legere
1575 2283 1673 2339 solitus
1686 2283 1797 2340 iterat:

215 2377 244 2429 in
256 2391 313 2448 quo
323 2373 546 2428 sanctimoniales
556 2373 689 2446 plurimas
698 2374 846 2447 episcopali
858 2375 1024 2430 auctoritate
1037 2375 1227 2449 congregarit,
1237 2373 1314 2449 quod
1325 2374 1499 2431 Paracletum
1511 2377 1675 2432 nominavit.
1688 2375 1799 2446 Quibus

218 2465 474 2522 sanctimonialibus
492 2465 647 2522 Heloisssm
667 2466 809 2540 quondam
832 2485 949 2522 44040444
972 2483 1051 2522 suam
1071 2467 1229 2540 religiosam
1250 2467 1400 2534 4044444444,
1414 2478 1443 2522 04
1459 2467 1560 2524 litteris
1573 2479 1630 2524 4444
1643 2467 1796 2532 hebreicis,

218 2578 300 2634 quam
312 2560 405 2616 1444444
417 2559 545 2632 adprime
556 2557 697 2616 eruditam
709 2560 831 2633 prefecit
844 2560 1019 2617 4141444444444,
1031 2583 1046 2611 s

869 2747 942 2802 Nota
957 2747 1007 2815 st,
1024 2765 1085 2820 pag.
1100 2750 1144 2802 34.

253 2904 337 2976 Papa
348 2899 529 2954 Innocentius
541 2897 597 2954 11..
605 2938 610 2951 .
619 2916 672 2969 per
678 2897 888 2970 privilegium...
900 2890 1342 2970 corroboravit·[Privilegium
1355 2893 1410 2948 hoc
1422 2892 1520 2948 datum
1532 2903 1573 2947 044
1584 2911 1658 2949 anno
1667 2898 1733 2950 4134
1751 2913 1799 2948 04-

218 3006 313 3068 tatque
326 2990 461 3047 0444441444
474 2989 638 3066 pontificum
652 3007 831 3044 romanorum
845 2986 880 3044 ad
893 2985 1045 3043 lleloissam
1061 2986 1203 3059 rescriptis
1216 2984 1423 3060 inJAppeudice
1436 2985 1521 3057 hujus
1533 2985 1690 3041 voluminis.
1705 2987 1800 3057 Quare

218 3087 265 3142 bic
278 3084 349 3142 illud
363 3094 483 3158 repetere
495 3083 667 3156 superilnum
682 3081 841 3154 duximus]

854 3239 925 3294 14044
946 3239 1012 3306 LlI,
1034 3253 1097 3312 pag.
1121 3241 1165 3294 34.

251 3403 354 3457 Plus...
369 3409 400 3455 ut
412 3402 545 3468 arbitror,
559 3419 614 3455 uno
631 3417 707 3455 anno
719 3402 748 3453 in
762 3401 879 3454 terrenis
898 3395 1048 3453 0040404444
1067 3405 1133 3450 suni
1153 3395 1355 3466 multiplicata.
1365 3391 1681 3465 -Circumadjacentes
1699 3411 1799 3468 nempe

220 3495 315 3569 popnll
327 3491 522 3549 misericordes
533 3492 573 3548 eis
586 3501 671 3566 atque
683 3493 799 3564 propitii
810 3491 932 3564 plurime
945 3489 1040 3562 largiti
1052 3499 1125 3544 sunt
1135 3486 1191 3544 Sed
1203 3497 1268 3542 ante
1281 3486 1350 3541 alios
1367 3507 1380 3536 4
1392 3486 1461 3540 44410
1473 3487 1604 3542 dominus
1616 3487 1771 3562 Nogenuii,
1787 3512 1799 3538 4

219 3590 290 3645 sient
302 3589 332 3642 41
347 3585 451 3642 tabulis
465 3585 698 3659 paracletensibus
711 3583 829 3658 legitur,
849 3605 861 3633 4
877 3585 906 3639 in
919 3582 999 3654 cnjus
1011 3581 1154 3638 4044440440
1167 3579 1353 3654 paracletense
1365 3587 1557 3634 004444004440
1570 3589 1612 3634 044
1626 3581 1799 3644 0444044444,

220 3685 245 3737 04
256 3681 317 3738 4000
330 3680 443 3736 41044444
455 3679 579 3735 culturas
592 3689 662 3745 tres,
687 3695 771 3732 unam
792 3675 1039 3733 inserendorum
1058 3675 1186 3742 etaiam,
1207 3673 1322 3729 41404444
1337 3673 1418 3744 juste
1432 3673 1578 3742 Carmam,
1597 3673 1710 3728 tertiam
1721 3673 1800 3744 justa

219 3778 289 3833 44444
303 3774 456 3848 Trisgnelli
476 3774 511 3828 ad
532 3773 681 3828 sinistrum.
695 3771 841 3826 Concessit
862 3771 978 3844 insuper
994 3767 1127 3842 predicto
1140 3766 1202 3821 1000
1223 3783 1397 3840 quascunque
1411 3765 1541 3820 homines
1561 3767 1604 3820 sui
1616 3765 1652 3821 de
1671 3766 1800 3821 44440440

217 3871 299 3926 feodo
317 3887 367 3923 suo
384 3869 410 3923 ei
423 3867 532 3923 darent.
547 3864 632 3921 Dedit
650 3865 734 3921 044444
754 3865 900 3920 usuarium
921 3862 1041 3918 uenturis
1060 3861 1103 3916 sui
1123 3860 1266 3915 (4011404440
1280 3860 1386 3915 4404404
1409 3859 1486 3913 omni
1506 3868 1634 3929 tempore
1654 3858 1690 3914 ad
1707 3859 1800 3916 04444444

221 3961 371 4018 0000444444
389 3963 477 4034 ipsius
494 3959 563 4028 1004,
581 3977 631 4014 400
649 3976 706 4013 non
717 3968 747 4013 04
765 3967 856 4012 totum
874 3955 1061 4010 mareschium
1081 3954 1110 4007 in
1128 3953 1229 4007 riveria
1244 3949 1536 4008 444444044410004114
1554 3949 1683 4022 adjacens
1696 3960 1753 4006 4444
1765 3951 1800 4006 441

222 4055 317 4110 hortos
336 4052 490 4120 iaciendos,
511 4069 597 4127 quarn
614 4050 649 4106 ad
670 4061 766 4106 0044044
786 4047 949 4104 necessaris.
963 4047 1032 4116 Quas
1043 4045 1137 4100 omnia
1150 4045 1180 4098 in
1192 4042 1369 4098 dedicatione
1388 4043 1476 4115 ipsius
1494 4043 1626 4110 oratorii,
1649 4056 1698 4096 seu
1714 4041 1800 4098 betse-

220 4150 341 4206 dictione
352 4149 499 4214 cimiterii,
514 4157 543 4204 et
556 4143 746 4201 omnimodam
761 4142 967 4197 immunitatem
980 4139 1068 4194 totins
1080 4138 1133 4192 loci
1152 4152 1245 4191 0044444
1264 4136 1342 4190 omni
1355 4135 1460 4208 populo
1473 4135 1522 4209 qui
1537 4133 1650 4202 aderat,
1669 4135 1699 4189 in
1716 4151 1799 4190 manu

221 4241 325 4297 domiui
345 4241 478 4296 trecensis
498 4239 621 4312 episcopi
641 4236 902 4310 prominentem
921 4243 1089 4308 perpetuam
1109 4228 1295 4294 0044444444νί4,
1316 4227 1497 4300 presentibus
1510 4225 1648 4282 Hildnino
1669 4225 1797 4291 Deeanu,

221 4331 358 4388 Hildniuo
369 4333 490 4405 Magno,
502 4329 646 4404 Stephano
660 4328 759 4398 Ridel,
773 4326 910 4384 Rainsldo
922 4323 1044 4382 Carnail.
1059 4324 1111 4379 Die
1126 4323 1240 4394 insuper
1251 4318 1317 4387 illo,
1333 4337 1391 4393 quo
1407 4319 1629 4376 sanctimoniales
1644 4319 1800 4374 oratorium

224 4427 352 4500 tigrem
364 4424 561 4499 possederunt,
582 4423 696 4478 donavit
714 4423 757 4477 eis
772 4421 952 4495 piscationem
972 4429 1060 4474 totam
1073 4413 1241 4472 srdssionts
1251 4411 1356 4468 liuvioli
1371 4414 1481 4485 penitus
1494 4413 1650 4467 immunem
1668 4430 1684 4465 s
1699 4409 1801 4466 Sancto

220 4518 321 4574 Albino
335 4535 423 4593 usipus
435 4518 614 4589 Quinceium.
628 4517 685 4585 Qui
701 4515 786 4570 etiarn
795 4531 848 4588 pro
860 4511 1000 4568 comitissa
1014 4520 1097 4582 nepte
1111 4525 1161 4564 sna
1174 4508 1203 4562 in
1218 4503 1454 4560 sanctimonialem
1465 4513 1590 4576 suscepta
1599 4500 1803 4557 deditiornum

222 4611 257 4667 de
267 4611 370 4668 &neto
383 4611 486 4666 Albino
497 4627 563 4665 04444
583 4609 696 4664 4444440
717 4607 843 4664 04400444
857 4603 935 4680 quod
947 4603 1058 4659 Furmis
1080 4600 1215 4668 habebat,
1237 4598 1417 4672 presentibus
1438 4595 1551 4652 4440140
1570 4593 1608 4649 de
1619 4592 1801 4666 Trisgnello,

221 4705 325 4761 Milone
344 4713 455 4769 044040,
476 4715 507 4759 et
519 4703 604 4758 Petro
624 4703 710 4758 444440
722 4717 782 4756 suo.
800 4700 857 4756 Pro
875 4699 967 4754 anima
981 4697 1110 4770 lingonis
1132 4693 1246 4750 44144444
1270 4691 1375 4748 ibidem
1397 4687 1498 4763 sepulti
1520 4686 1599 4744 dedit
1616 4685 1801 4742 colunnas

221 4798 344 4854 Noeretb
358 4813 420 4851 cem
434 4797 515 4852 tertia
527 4807 606 4869 parte
617 4795 653 4851 de
666 4792 898 4860 Guamnoreriis‚
919 4789 1102 4864 presentibus
1113 4788 1168 4843 illis
1181 4788 1230 4863 qui
1245 4785 1393 4858 sepulture
1408 4779 1559 4838 affuerunt.
1575 4781 1672 4839 Simon
1690 4799 1802 4856 quomis

221 4889 255 4945 de
268 4891 418 4963 Nogenuio
431 4887 510 4943 dedit
523 4888 558 4944 de
571 4887 663 4944 alodio
676 4903 727 4942 440
740 4885 862 4940 00144444
881 4881 966 4951 duas,
989 4899 1072 4936 uuam
1091 4881 1196 4936 scilicet
1212 4879 1242 4933 in
1255 4896 1310 4952 qua
1327 4877 1418 4950 ipsum
1438 4876 1591 4930 oratorium
1611 4883 1802 4930 constructum

222 4995 275 5049 est,
289 4993 318 5038 et
331 4981 413 5037 aliam
426 4982 454 5036 in
469 4991 563 5036 monte
575 4981 730 5036 Limarsum
745 4979 773 5034 in
789 4975 934 5052 presentia
950 4973 1088 5030 Hulduini
1107 4971 1206 5028 decani
1220 4981 1250 5027 et
1262 4969 1374 5025 44440444
1387 4968 1422 5024 de
1441 4968 1597 5041 Nogenuio.
1611 4967 1757 5022 liebertus
1768 4965 1803 5021 de

224 5076 372 5150 140ςο0440
390 5075 447 5132 duo
460 5074 559 5148 jugera
578 5083 657 5128 terre
678 5082 744 5130 ante
762 5073 854 5144 ipsum
875 5069 1031 5128 0444044444
1050 5083 1101 5141 per
1121 5063 1362 5121 manamldiloais
1383 5061 1418 5117 de
1430 5061 1613 5136 Nogenuio.r
1634 5061 1726 5133 Atque
1746 5059 1803 5114 14440

224 5168 501 5227 omniacoafirmarit
518 5167 660 5242 aliquanto
681 5161 940 5240 440444140014414444
960 5179 1053 5218 cosses
1072 5158 1220 5226 nocentis,
1241 5155 1346 5212 44414004
1366 5173 1440 5212 anno
1460 5158 1550 5228 4446,
1570 5175 1584 5204 e
1596 5151 1728 5209 laudante
1748 5149 1802 5206 fissa

223 5263 328 5336 prensi
344 5259 454 5320 Milonis
468 5259 573 5330 1444401,
592 5270 623 5318 04
635 5257 764 5318 (34444440
773 5274 876 5331 404040
889 5273 956 5325 4440,
972 5254 1101 5323 uredo,
1115 5249 1254 5319 Jossritlo,
1274 5248 1456 5318 Gaucberio,
1475 5247 1638 5320 stephano,
1654 5243 1801 5320 nepotibus
