4520 6104
443 578 517 654 aas
909 555 912 560 ’
967 573 1193 646 aanorssn
1217 571 1512 646 rauranum

443 720 553 811 Quod
570 734 689 792 autem
712 715 895 790 Matthaeus
913 731 950 787 et
970 719 1082 788 Lucas
1098 715 1245 788 dicunt:
1269 721 1458 814 «Vespere
1474 715 1631 807 sabbati,
1646 743 1666 784 ιι
1691 713 1802 788 finem
1821 716 1916 812 ejus,
1933 714 2027 788 idest

443 857 587 914 noctem
614 853 822 937 sequentem
847 836 1034 934 usquead
1060 836 1177 908 lucem
1204 835 1393 908 dominicae
1417 836 1488 909 diei
1513 835 1727 934 intelligunt.
1746 841 1823 907 lloc
1844 861 2026 934 vesperum

443 961 588 1034 lucescit
608 960 645 1029 in
668 958 784 1055 prima
804 954 961 1046 sabbati,
983 980 1096 1053 quum
1112 955 1163 1028 'ad
1184 955 1302 1029 lucem
1316 955 1387 1028 diei
1400 955 1580 1054 sequentis
1592 955 1810 1054 perducitur.
1824 955 1934 1043 Quod
1945 979 2026 1028 vero

443 1084 512 1170 ait,
544 1111 562 1148 a
587 1103 666 1177 quae
690 1078 858 1168 lucescit,
877 1105 894 1144 ιι
926 1077 1099 1149 feminino
1126 1075 1258 1150 scilicet
1284 1101 1414 1175 genere
1438 1091 1564 1166 otene,
1593 1077 1639 1148 ad
1658 1075 1952 1173 significationem
1976 1100 2028 1148 re·

442 1201 555 1299 spexit
571 1227 579 1270 ε
595 1200 700 1295 quia,
722 1212 763 1268 ut
783 1197 957 1287 diximus,
979 1198 1016 1268 in
1037 1222 1185 1295 vespere
1203 1213 1348 1270 noctem
1367 1197 1558 1287 intellexit,
1581 1213 1621 1270 ut
1642 1197 1711 1270 tale
1730 1198 1775 1269 sit
1797 1225 1806 1268 ε
1837 1200 1961 1284 «Quae
1981 1195 2029 1268 lu·

443 1323 571 1412 cescit,
591 1349 608 1389 ιι
632 1335 804 1417 tanquam
822 1319 1025 1390 diceretur:
1047 1343 1126 1415 quae
1144 1342 1218 1390 nox
1235 1318 1282 1390 ad
1302 1319 1496 1391 claritatem
1507 1319 1686 1418 pertingit.
1702 1321 1900 1416 Vesperum
1913 1317 2030 1413 itaque

442 1467 504 1514 seu
526 1465 676 1540 vespera
695 1440 788 1532 diei,
814 1440 944 1512 dicitur
964 1454 1121 1512 extrema
1142 1439 1216 1536 ejus
1233 1439 1323 1511 liora
1344 1468 1351 1511 :
1372 1465 1499 1539 vesper
1515 1464 1603 1512 vero
1622 1453 1736 1512 totum
1757 1453 1899 1536 tempus
1916 1438 2030 1510 noetis

443 1577 635 1662 sequentis.

1012 1739 1194 1786 montane
1219 1737 1387 1786 HELOISSAE
1412 1739 1461 1786 Vl.

491 1888 588 1977 Quid
613 1903 667 1959 est
688 1886 787 1984 quod
807 1888 984 1960 Dominus
1010 1903 1230 1960 sacramenta
1248 1889 1410 1986 corporis
1431 1904 1467 1961 et
1484 1888 1664 1984 sanguinis
1683 1887 1738 1958 sui
1758 1884 1941 1984 discipulis
1962 1901 2029 1958 tra·

442 2009 531 2082 dens
551 2023 586 2080 et
604 2007 881 2095 commendans,
901 2032 976 2079 non
999 2008 1048 2078 ait
1065 2007 1111 2079 de
1138 2031 1290 2106 corpore
1308 2013 1395 2079 suo¹
1422 2037 1430 2080 :
1459 2036 1477 2076 ιι
1495 2012 1571 2078 lloc
1584 2020 1639 2079 est
1651 2031 1783 2104 corpus
1799 2030 1921 2078 meum
1947 2006 2032 2078 novi

443 2128 655 2217 testamenti,
669 2154 687 2193 ιι
703 2152 817 2224 quum
828 2128 873 2200 de
885 2127 1056 2224 sanguine
1068 2125 1216 2198 dixerit’
1232 2154 1239 2196 :
1256 2156 1274 2194 ιι
1287 2127 1352 2199 Hic
1363 2142 1415 2199 est
1428 2128 1570 2224 sanguis
1585 2151 1685 2198 meus
1694 2127 1779 2197 novi
1791 2127 2007 2216 testamenti,
2014 2155 2031 2194 ιι

443 2263 614 2347 tanquam
631 2249 743 2344 magis
761 2247 972 2344 sanguinem
987 2246 1276 2338 commendaret,
1297 2273 1406 2345 quam
1418 2247 1588 2322 carnem?
1601 2247 1698 2335 Quid
1712 2263 1764 2320 est
1777 2248 1884 2320 etiarn
1898 2245 1989 2320 illud
1999 2249 2029 2315 ³:

443 2372 556 2440 «Non
579 2367 699 2439 bibam
726 2367 859 2440 amodo
878 2367 923 2439 de
945 2366 1016 2439 hoc
1034 2369 1212 2465 genimine
1230 2369 1328 2459 vitis,
1356 2370 1522 2467 usquein
1546 2368 1644 2441 diem
1666 2368 1787 2461 illurn,
1808 2393 1922 2466 quum
1945 2367 2031 2438 illud

442 2487 564 2594 bibam
585 2488 771 2562 vobiscum
789 2513 926 2562 novum
949 2491 984 2561 in
1004 2513 1114 2587 regno
1133 2490 1242 2587 patris
1264 2489 1362 2560 mei?
1384 2517 1401 2558 ιι

1059 2689 1194 2760 Solutio
1218 2687 1412 2760 Abaelardt.

491 2865 630 2961 Corpus
647 2863 776 2936 Christi
793 2863 830 2934 in
849 2878 1072 2936 sacramento
1094 2879 1316 2963 susceptum,
1340 2862 1544 2936 humanitas
1563 2877 1634 2952 est,
1654 2885 1764 2959 quam
1781 2860 1965 2934 nascendo
1988 2861 2035 2934 de

441 2982 575 3080 virgine
592 2983 765 3082 suscepit,
782 2982 947 3080 quando,
968 2983 1060 3086 sicut
1077 2982 1317 3083 scriptumest
1334 3011 1343 3052 ι
1360 2980 1552 3054 «Verbum
1564 3006 1648 3054 caro
1661 2982 1792 3054 factum
1805 2983 1888 3054 θεῖ’.
1907 3009 1924 3047 ιι
1944 2982 2036 3052 San·

441 3101 518 3198 guis
547 3102 623 3198 ejus
650 3103 687 3174 in
717 3102 889 3201 poculum
918 3101 1044 3192 datus,
1073 3104 1190 3202 passio
1221 3118 1274 3176 est
1296 3104 1428 3202 ipsius,
1453 3103 1511 3174 cui
1536 3102 1801 3174 communicare
1830 3100 2034 3191 debemus,

441 3223 646 3318 quicunque
667 3221 828 3294 membra
847 3223 922 3319 ejus
940 3247 1075 3293 sumus.
1102 3221 1206 3294 Unde
1225 3239 1260 3296 et
1284 3224 1456 3321 scriptum
1478 3225 1554 3296 est⁵
1577 3249 1585 3292 :
1617 3221 1812 3294 «Christus
1834 3245 1959 3319 passus
1982 3234 2038 3294 est

441 3365 508 3438 pro
522 3339 641 3432 nobis,
661 3341 762 3412 vobis
777 3341 980 3439 relinquens
997 3341 1217 3440 exemplum,
1235 3357 1275 3414 ut
1293 3343 1492 3440 sequamini
1503 3343 1648 3440 vestigia
1659 3343 1746 3438 ejus.
1763 3370 1782 3410 ιι
1798 3345 1921 3429 Quum
1933 3341 2038 3414 enim

441 3462 634 3558 Gregorius
663 3460 759 3534 dicat
785 3489 792 3532 :
826 3490 843 3530 κ
873 3461 966 3533 Nihil
987 3462 1083 3533 enim
1102 3464 1200 3534 nasci
1219 3462 1373 3562 profuit,
1406 3463 1474 3535 nisi
1492 3461 1620 3534 redimi
1639 3462 1845 3561 profuisset,
1868 3477 1979 3560 atque
1999 3463 2038 3534 in

441 3581 516 3675 ejus
535 3581 702 3678 passione
720 3595 842 3653 nostra
863 3580 1062 3680 redemptio
1080 3598 1371 3675 consummetur,
1396 3583 1495 3682 quod
1517 3585 1648 3682 etipse
1665 3583 1821 3655 moriens
1843 3582 2040 3680 profitetur

386 3755 392 3764 .
441 3700 584 3772 dicens⁶
609 3732 616 3770 :
641 3729 657 3770 κ
674 3703 970 3773 Consummatum
989 3716 1061 3794 est,
1084 3730 1102 3770 ιι
1122 3727 1198 3774 non
1215 3705 1411 3802 incongrue
1429 3706 1572 3802 sanguis
1595 3703 1726 3775 effusus
1743 3703 1928 3803 praefertur
1945 3728 2040 3776 con-

441 3836 551 3920 ceptae
572 3823 691 3913 carni,
713 3822 785 3894 hoc
802 3838 874 3914 est,
906 3824 1024 3924 passio
1055 3823 1130 3920 ejus
1150 3827 1335 3898 nativitati.
1359 3826 1430 3913 Qui
1457 3826 1565 3897 etiem
1584 3825 1696 3920 magis
1713 3849 1822 3922 quam
1844 3849 1929 3898 caro
1955 3825 2040 3921 q'us

440 3941 613 4014 dicendus
636 3942 701 4017 fuit
728 3945 815 4016 novi
835 3945 1060 4034 testamenti,
1084 3945 1155 4017 hoc
1180 3961 1232 4019 est
1256 3945 1482 4018 confirmatio
1506 3945 1717 4043 evangelicae
1743 3945 2037 4042 praedicationis,

440 4063 538 4159 quia,
552 4063 644 4134 sicut
660 4055 993 4162 dicitApostolus⁷s
1011 4095 1028 4134 u
1046 4070 1311 4138 Testamentum
1323 4066 1360 4136 in
1380 4066 1531 4138 mortuis
1548 4064 1801 4137 confirmatum
1812 4081 1879 4136 est.
1897 4093 1915 4132 ιι
1933 4067 2041 4154 Quid

441 4183 560 4255 enim⁸
579 4183 811 4280 Evangelium
829 4185 897 4256 nisi
922 4199 1173 4256 testamentum
1194 4200 1246 4257 est
1265 4186 1416 4276 amoris,
1438 4185 1528 4258 sicut
1541 4184 1598 4258 lex
1613 4185 1726 4258 luerat
1743 4185 1903 4256 timoris?
1926 4187 2042 4260 Unde

440 4319 476 4375 et
494 4303 684 4402 Apostolus
704 4305 886 4376 conversis
899 4303 1027 4376 tudaeis
1045 4305 1114 4376 ait⁹
1128 4332 1136 4375 :
1163 4334 1180 4372 ιι
1199 4309 1278 4377 Νοιι
1295 4305 1393 4377 enim
1406 4304 1539 4378 subditi
1557 4306 1640 4376 estis
1653 4306 1785 4378 iterum
1796 4305 1834 4376 in
1848 4305 1993 4378 timore.
2017 4335 2039 4374 ιι

440 4427 485 4495 Et
496 4449 636 4496 rursum
645 4426 681 4494 ¹⁰:
699 4453 717 4492 «
727 4425 821 4496 Finis
834 4425 1001 4523 praecepti
1009 4425 1136 4498 caritas
1147 4424 1193 4498 de
1205 4424 1315 4500 corde
1328 4450 1458 4524 puro.»
1473 4431 1517 4498 Et
1528 4451 1593 4524 per
1606 4426 1832 4523 semetipsam
1846 4426 2037 4500 Veritasfl:

443 4572 460 4610 a
477 4547 600 4641 Ignem
618 4545 700 4616 veni
721 4545 861 4635 mittere
878 4548 916 4616 in
937 4559 1088 4635 terram,
1111 4561 1147 4618 et
1164 4546 1252 4645 quid
1276 4547 1360 4618 volo
1376 4548 1444 4623 nisi
1461 4561 1500 4618 ut
1516 4545 1666 4620 ardeat?
1681 4575 1699 4614 ιι
1717 4549 1795 4618 Ηοο
1807 4547 1913 4643 igitur
1927 4560 2043 4621 testa-

441 4677 604 4737 mentum
623 4665 755 4744 amoris
774 4665 899 4738 inhoc
918 4667 1070 4738 maxime
1084 4665 1265 4740 dominica
1285 4669 1403 4766 passio
1427 4666 1675 4757 confirmavit,
1700 4691 1814 4765 quum
1836 4691 1904 4765 pro
1924 4665 2044 4740 nobis

441 4783 648 4884 moriende,
669 4783 766 4857 illam
782 4785 888 4858 nobis
905 4786 1133 4861 dilectionem
1151 4787 1331 4879 exhibuit,
1360 4813 1432 4887 qua
1450 4789 1565 4885 major
1581 4813 1658 4868 esse
1678 4813 1752 4860 non
1778 4787 1901 4886 possit.
1925 4785 2045 4860 Unde

474 5013 483 5041 ⁸
499 5015 596 5079 Mam..
605 5031 661 5084 cap.
671 5035 744 5082 ιιιι,
758 5035 782 5070 v.
792 5021 834 5070 26.
845 5017 898 5062 αι’
908 5021 983 5084 ibid,
994 5037 1018 5072 r.
1029 5023 1070 5074 28.
1082 5049 1112 5060 -·
1122 5022 1132 5050 ⁸
1141 5022 1216 5087 lbid,
1250 5021 1298 5063 -'
1306 5021 1369 5074 Cod.
1381 5025 1453 5076 Ειιίιιι
1466 5023 1536 5076 deest
1548 5024 1611 5077 lldd.
1622 5024 1670 5063 -⁸
1681 5026 1764 5084 Rem„
1775 5038 1830 5089 cap.
1840 5038 1896 5084 ιιιι,
1911 5037 1935 5072 ι.
1950 5020 1996 5071 15.
2005 5047 2046 5060 -

441 5115 464 5150 v.
474 5099 573 5151 29.-⁴
583 5101 666 5165 luam,
678 5118 733 5169 cap.
747 5120 769 5165 ι,
778 5120 803 5156 r.
816 5105 889 5156 tt-
899 5103 985 5158 Ῥοιι.
995 5107 1075 5171 Epist.
1086 5109 1114 5168 l,
1124 5125 1180 5175 cap.
1191 5125 1217 5168 ιι,
1253 5107 1276 5135 '⁰
1288 5108 1390 5160 Timotlt.
1407 5109 1436 5168 l,
1453 5124 1508 5180 cap.
1520 5109 1545 5172 ι’,
1556 5126 1579 5159 ι.
1595 5110 1621 5160 t.
1634 5136 1661 5145 -
1677 5108 1697 5136 ¹¹
1710 5109 1781 5167 Luc,
1801 5121 1857 5173 cap.
1873 5121 1924 5168 ιιι,
1942 5119 1965 5153 ι.
1989 5107 2044 5156 49.

442 5199 465 5234 v.
473 5182 561 5234 tta-⁸
569 5184 652 5248 loen..
662 5187 719 5252 cap.
730 5203 787 5249 ιιι,
798 5204 821 5238 ι.
831 5186 1010 5251 30.-Ἠεὸν.,
1021 5204 1076 5257 cap.
1088 5208 1128 5254 ιι,
1142 5207 1165 5242 v.
1180 5194 1217 5242 17.
