4496 6102
562 539 607 614 tu
631 542 967 617 PURtttcATtONE
991 543 1173 617 suumn
1198 493 1353 618 ulain
1377 547 1539 616 suano.
1631 538 1667 592 ⁰
1767 547 1838 620 aaa

253 677 393 752 nissent
413 679 680 779 Capharnaum,
701 701 924 758 accesserunt
943 687 1005 782 qui
1025 685 1209 784 didragma
1229 688 1414 785 exigebant
1435 687 1482 760 ad
1504 692 1669 777 Petrum,
1686 702 1722 759 et
1743 686 1840 759 dixe-

259 811 363 872 runt:
382 827 399 866 ιι
414 802 578 897 Magister
599 819 714 876 vester
735 829 810 876 non
831 804 936 878 solvit
953 805 1137 903 didragma
1149 806 1192 876 iu
1213 811 1257 880 lt
1277 807 1359 879 ille:
1380 837 1397 876 ιι
1410 808 1536 878 Etiam.
1549 835 1568 875 ιι
1594 811 1636 878 Et
1655 832 1767 904 quum
1787 808 1840 879 in·

260 929 383 989 trasset
401 919 438 988 in
456 919 623 1012 domum,
651 926 820 1022 praevenit
845 949 927 997 eum
954 929 1072 1017 lesus,
1099 924 1242 997 dicens:
1269 955 1286 994 ιι
1302 925 1397 1012 Quid
1423 925 1486 997 tibi
1508 925 1662 1016 videtur,
1689 927 1840 998 Simon?

229 1039 233 1050 '
260 1065 277 1101 ιι
293 1060 391 1134 reges
405 1052 505 1112 terrae
518 1065 539 1112 a
551 1041 681 1138 quibus
695 1043 871 1142 accipiunt
883 1043 1056 1116 tributum
1071 1044 1126 1118 vel
1140 1070 1305 1135 censum,
1320 1070 1341 1117 a
1354 1044 1434 1116 filiis
1452 1047 1524 1116 suis
1540 1069 1586 1116 an
1600 1043 1645 1118 ab
1658 1044 1781 1117 alienis
1792 1045 1807 1114 i
1819 1075 1837 1112 ιι

258 1155 371 1229 atille
384 1157 488 1232 dixit:
510 1189 528 1229 ιι
544 1161 595 1234 ab
609 1161 742 1234 alienis.
758 1191 776 1231 ιι
796 1164 892 1235 Dixit
909 1163 960 1235 illi
977 1168 1095 1236 lesus:
1119 1193 1136 1234 ιι
1151 1168 1244 1262 Ergo
1257 1164 1360 1238 liberi
1378 1179 1461 1236 sunt
1474 1164 1547 1236 filii.
1565 1169 1612 1236 Ut
1628 1180 1746 1236 autem
1765 1189 1840 1236 non

135 1331 139 1340 .
260 1302 277 1342 ιι
293 1276 570 1351 scandalizemus
584 1304 662 1372 eos,
679 1281 770 1354 vade
783 1281 830 1354 ad
843 1308 959 1375 mare,
975 1297 1011 1354 et
1023 1283 1124 1356 mitte
1136 1283 1296 1356 hamum.
1320 1288 1363 1355 Et
1378 1305 1461 1357 eum
1480 1284 1614 1382 piscem
1626 1283 1689 1380 qui
1705 1284 1841 1380 primus

259 1423 277 1462 ιι
293 1396 491 1470 ascenderit
503 1399 608 1472 tolle:
626 1416 661 1472 et
672 1415 796 1499 aperto
808 1425 871 1473 ore
885 1403 973 1500 ejus,
986 1403 1145 1477 invenies
1159 1393 1345 1476 statere'm:
1361 1402 1461 1474 illum
1473 1427 1634 1496 sumens,
1650 1403 1696 1475 da
1710 1405 1759 1476 eis
1772 1428 1840 1502 pro
1936 1427 1937 1432 ¹

258 1541 276 1578 u
293 1539 352 1586 me
364 1531 399 1588 et
412 1541 480 1615 pro
495 1531 541 1589 te.
558 1546 577 1586 ιι

304 1637 398 1706 Bene
425 1661 510 1734 crgo
534 1637 645 1711 lactus
670 1639 737 1712 sub
753 1641 830 1739 lege
849 1641 995 1734 dicitur,
1015 1642 1077 1741 qui
1091 1668 1205 1741 quum
1219 1642 1309 1716 nibil
1326 1644 1468 1742 penitus
1487 1637 1554 1740 legi
1573 1643 1734 1732 deberet,
1773 1641 1840 1714 sub

255 1747 332 1850 lege
349 1767 469 1826 tamen
484 1769 556 1830 tam
572 1759 639 1830 Dei
655 1783 767 1857 quam
783 1760 892 1832 seculi
910 1785 986 1834 sese
998 1760 1214 1852 humiliavit,
1235 1776 1272 1836 et
1289 1761 1383 1834 filius
1400 1763 1467 1834 Dei
1486 1761 1618 1860 pariter
1633 1775 1669 1833 et
1684 1761 1841 1833 hominis
1967 1857 1969 1866 Ι

255 1884 327 1941 tam
345 1875 423 1945 Deo
441 1899 550 1971 quam
569 1876 708 1950 bomini
730 1904 768 1951 se
788 1905 853 1978 per
871 1880 986 1977 legem
1009 1880 1180 1977 subjecit:
1202 1881 1344 1978 nequis
1365 1881 1455 1952 sorte
1473 1906 1537 1979 per
1560 1879 1722 1953 elationis
1738 1881 1842 1951 timo·

255 2013 330 2060 rem
342 2044 352 2082 ,
372 1993 616 2092 cujuscunque
633 1999 817 2096 potestatis
835 2013 1082 2072 contemneret
1106 1999 1360 2098 prelationem.
1383 2003 1492 2090 Ecce,
1519 1999 1662 2089 fratres,
1687 2021 1709 2070 a
1732 2021 1841 2072 censu

254 2107 310 2180 vel
321 2095 460 2183 'tributo
472 2113 683 2186 secularium
698 2130 915 2215 potestatum
933 2115 1064 2190 liberos
1077 2141 1145 2189 nos
1163 2117 1330 2209 absolvit,
1348 2119 1412 2216 qui
1430 2117 1497 2189 sibi
1515 2118 1713 2190 libertatem
1729 2115 1842 2188 vindi·

254 2253 334 2303 care
356 2233 480 2320 voluit.
506 2235 583 2308 Filii
603 2237 793 2310 hominum
815 2263 954 2329 sumus,
976 2253 1012 2311 et
1031 2237 1077 2310 de
1094 2239 1212 2312 servili
1228 2238 1453 2330 conditione,
1474 2238 1530 2309 vel
1548 2238 1715 2310 vilissima
1736 2237 1841 2336 plebe

253 2353 330 2422 Deo
353 2377 419 2425 nos
444 2355 510 2453 ipsi
535 2358 834 2456 mancipavimus,
862 2373 897 2430 et
916 2359 1090 2456 propitios
1106 2359 1145 2430 in
1164 2358 1236 2432 hoc
1260 2375 1421 2431 terrenos
1438 2357 1607 2430 dominos
1629 2357 1837 2447 habuimus,

254 2471 314 2564 qui
332 2496 416 2544 cum
434 2499 506 2547 suae
522 2474 776 2550 dominationis
793 2477 983 2577 dispendio
1002 2479 1240 2551 manumissos
1252 2477 1507 2552 dedicaverunt
1525 2481 1623 2568 Dec,
1637 2491 1673 2550 et
1686 2476 1761 2573 ejus
1777 2474 1842 2547 do·

252 2589 403 2664 minium
422 2596 651 2692 praetulerunt
673 2597 834 2696 proprio.
861 2598 932 2696 lpsi
948 2597 1088 2670 domini
1104 2575 1216 2671 nostri
1234 2623 1345 2695 quum
1367 2612 1449 2670 ante
1465 2622 1533 2670 nos
1551 2597 1731 2686 venerint,
1752 2594 1841 2667 sub-

252 2710 365 2784 missis
384 2714 557 2812 capitibus
574 2714 735 2790 habitum
752 2731 917 2789 nostrum
935 2732 1161 2809 venerantes,
1190 2723 1307 2790 Deum
1333 2718 1371 2788 in
1393 2717 1499 2789 nobis
1525 2716 1689 2788 adorant.
1719 2716 1840 2786 Securi
1949 2755 1951 2760 ·

247 2830 323 2924 jam
345 2832 639 2931 supplicationem
661 2835 805 2908 illorum
823 2837 1055 2936 suscipimus,
1075 2837 1121 2910 ad
1139 2861 1295 2936 quorum
1310 2851 1545 2934 conspectum
1561 2837 1661 2934 prius
1680 2834 1841 2932 trepida-

249 2949 391 3026 bamus.
406 2955 588 3051 Tanquam
602 2955 770 3028 dominos
786 2982 871 3029 suos
886 2957 952 3056 ipsi
965 2981 1032 3030 nos
1045 2971 1324 3055 recognoscunt,
1343 2979 1499 3054 quorum
1510 2979 1618 3052 grave
1636 2953 1837 3024 dominium

144 3105 149 3112 ·
250 3069 443 3167 fugientes,
471 3075 679 3147 necessitate
698 3077 808 3174 magis
832 3101 940 3174 quam
958 3076 1141 3152 uoluntate
1159 3077 1254 3150 hanc
1271 3076 1416 3148 sortasse
1435 3075 1633 3146 libertatem
1652 3074 1834 3171 elegimus.

250 3195 280 3261 Α
299 3189 376 3290 lege
399 3179 507 3266 seculi
529 3203 567 3266 'et
590 3195 804 3269 intolerabili
818 3198 913 3294 ¹jugo
929 3196 1084 3290 liberati,
1105 3197 1198 3269 illius
1215 3221 1323 3268 suave
1337 3195 1463 3292 jugum
1486 3181 1521 3267 et
1545 3219 1637 3266 onus
1656 3195 1734 3266 leve
1759 3219 1838 3264 sus-

183 3315 199 3338 ⁰
248 3314 425 3413 cepimus,
447 3314 504 3386 cui
515 3318 652 3389 servire
666 3305 813 3414 regnare
827 3334 891 3390 est.
912 3321 1038 3415 Magna
1056 3319 1132 3390 haec
1148 3318 1321 3414 dignitas,
1335 3331 1374 3390 et
1386 3316 1524 3412 egregia
1539 3314 1699 3404 libertas,
1713 3314 1743 3386 si
1760 3338 1834 3386 nou

248 3449 323 3516 tam
341 3434 536 3534 corporalis
548 3437 593 3507 sit
607 3460 715 3534 quam
733 3437 916 3534 spiritalis,
937 3461 1004 3509 nec
1020 3452 1092 3508 tam
1109 3439 1313 3510 servitutem
1330 3436 1521 3506 hominum
1539 3435 1714 3532 fugiamus
1727 3457 1835 3530 quam

247 3555 431 3628 vitiorum.
451 3560 531 3628 Non
545 3557 641 3630 enim
658 3572 762 3655 turpe
781 3571 834 3631 est
854 3572 915 3630 aut
933 3556 1148 3630 damnosum
1164 3554 1373 3628 bominibus
1389 3555 1540 3644 servire,
1560 3553 1623 3626 sed
1637 3555 1748 3644 vitiis;
1768 3577 1836 3624 uec

247 3676 352 3748 istam
364 3673 486 3748 tollere
495 3673 716 3768 servitutem,
737 3675 800 3749 sed
809 3674 905 3748 illam
922 3677 1099 3748 Dominus
1112 3676 1223 3746 venit.
1241 3678 1362 3761 Quem
1379 3672 1650 3771 nec'rlpostolus
1664 3672 1750 3744 dicit
1766 3671 1833 3744 sub

245 3794 326 3891 lege
339 3794 484 3886 lactum,
500 3811 541 3868 ut
552 3821 614 3869 eos
629 3797 691 3894 qui
704 3796 771 3869 sub
784 3795 861 3894 lege
878 3810 979 3867 erant
990 3793 1192 3867 redimeret.
1208 3793 1308 3880 Quid
1318 3808 1370 3864 est
1383 3793 1471 3882 hoc,
1486 3792 1622 3884 fratres,
1637 3792 1737 3890 quod
1748 3793 1834 3890 legis

246 3913 421 4010 suscepit,
436 3914 529 3986 etsie
543 3938 635 3987 onus
647 3913 693 3986 ab
707 3939 751 3986 eo
767 3913 948 4004 liberavit,
964 3928 1000 3986 et
1012 3927 1050 3984 ut
1063 3910 1167 3982 nobis
1178 3924 1352 4009 parceret,
1373 3909 1441 3981 sibi
1457 3933 1532 3981 nou
1549 3910 1729 4008 pepercit?
1746 3914 1832 3996 Quae

244 4029 326 4120 ista,
344 4053 484 4127 quaeso,
500 4031 556 4104 vel
567 4032 658 4120 ratio
677 4031 759 4123 luit,
780 4046 909 4105 utnon
928 4033 965 4102 in
986 4055 1024 4107 sc
1039 4029 1136 4102 illam
1154 4029 1252 4127 prius
1266 4041 1464 4126 quassaret,
1481 4042 1517 4100 et
1533 4028 1584 4098 sic
1599 4026 1831 4124 postmodum

239 4147 394 4245 proprio
406 4149 568 4249 exemplo
588 4175 656 4222 nos
669 4149 715 4222 ab
731 4174 772 4224 ea
788 4149 980 4224 liberaret?
998 4147 1175 4222 Attendite
1195 4172 1280 4244 ergo
1294 4147 1426 4218 summi
1440 4144 1631 4218 consiliarii
1651 4169 1831 4216 summum

243 4268 451 4360 consitium,
470 4287 505 4343 et
520 4293 682 4370 supernae
696 4272 875 4371 sapientiae
891 4294 1062 4369 magnum
1078 4268 1310 4368 providentiae
1327 4265 1560 4366 profundum.
1579 4270 1681 4338 Certe
1698 4266 1727 4338 si
1746 4265 1831 4363 legis

242 4411 340 4460 onus
352 4392 531 4490 suscipere
544 4391 778 4484 renuerit,‘de
791 4417 862 4490 qua
877 4393 951 4492 ipse
966 4393 1051 4465 ait¹:
1070 4420 1089 4460 ιι
1101 4396 1221 4488 Usque
1235 4389 1282 4462 ad
1293 4394 1466 4462 loannem
1480 4386 1537 4460 lex
1549 4403 1584 4461 et
1598 4387 1793 4486 prophetae,
1810 4417 1826 4454 ιι

239 4507 426 4584 videretur
437 4537 515 4584 eam
527 4527 698 4610 tanquam
710 4539 784 4586 non
797 4538 817 4586 a
829 4517 906 4586 Deo
919 4513 1039 4586 datam
1054 4511 1278 4611 improbare,
1300 4536 1366 4584 nec
1382 4525 1456 4583 tarn
1472 4533 1552 4581 eam
1569 4531 1635 4611 pro
1652 4509 1728 4604 ejus
1745 4511 1830 4581 inu-

236 4628 382 4723 tilitate,
393 4658 499 4730 quam
508 4657 574 4732 pro
584 4633 789 4706 difficultate
798 4649 1056 4733 praceptorum
1068 4659 1135 4707 ase
1147 4656 1345 4706 removere.
1357 4630 1460 4704 Unde
1467 4628 1554 4702 illud
1563 4645 1615 4714 est
1624 4631 1661 4701 iu
1671 4629 1827 4703 homelia

231 4751 391 4824 Joannis
412 4751 629 4850 episcopide
643 4751 849 4824 Proditione
869 4752 973 4826 Judoe
985 4757 1020 4824 ἰ
1043 4779 1063 4822 ιι
1082 4751 1152 4824 Ubi
1169 4753 1221 4827 vis
1246 4776 1413 4849 paremus
1436 4749 1500 4822 tibi
1523 4747 1740 4822 manducare
1763 4772 1826 4847 pa-

230 4865 353 4940 scha?
367 4898 384 4936 ιι
400 4850 478 4940 Non
489 4869 577 4943 illud
584 4871 683 4969 quod
693 4887 856 4946 nostrum
868 4887 934 4964 est,
951 4872 1242 4946 sedludaeorum.
1255 4870 1346 4943 lllud
1356 4869 1504 4968 quidem
1515 4867 1680 4966 discipuli
1692 4891 1825 4967 pracpa-

279 5139 286 5165 '
306 5137 380 5202 Luc,
392 5154 448 5205 cap.
461 5155 517 5204 nu,
532 5156 554 5193 r.
571 5141 610 5192 lt.
620 5141 670 5180 -'
684 5143 771 5208 tlara,
783 5158 839 5210 cap.
853 5159 903 5207 nr,
915 5159 939 5196 r.
951 5145 990 5194 1².

365 5243 377 5288 t
1471 5177 1474 5198 Ι
1667 5226 1708 5287 to
