4520 6104
582 620 672 693 CUM
696 619 825 691 PETRI
852 619 1083 693 tumulant
1106 620 1429 694 sotttttotttsstts.
1735 557 1805 701 ati

215 765 411 864 etipsemet
429 761 522 834 titt:
546 762 745 858 «Majorem
758 761 853 833 hanc
865 760 1093 834 dilectionem
1111 787 1219 836 nemo
1240 762 1369 854 habet,
1392 763 1608 835 utauimam
1626 787 1727 838 suam
1741 795 1806 867 po·

214 899 276 956 nat
295 884 376 982 quis
395 909 463 983 pro
482 884 605 954 amicis
627 883 711 954 suis.
739 910 756 949 u
780 885 819 952 ln
846 881 917 954 hoc
937 884 1042 956 etiam
1063 897 1314 956 testamentum
1337 883 1678 978 hocconlinnavit,
1707 891 1807 986 quod

214 1027 281 1104 pro
299 1003 462 1077 doctrina
480 1003 689 1103 evangelicae
705 1000 966 1101 praedicationis
986 1027 1097 1101 usque
1120 1003 1166 1075 ad
1186 1019 1340 1075 mortem
1358 1005 1529 1102 perstitit,
1560 1021 1595 1077 et
1617 1008 1807 1079 moriendo

214 1125 445 1212 monstravit,
477 1124 577 1222 quod
597 1121 779 1195 nascendo
796 1124 1031 1222 non'potuit:
1057 1125 1148 1194 sicut
1167 1138 1201 1196 et
1221 1124 1279 1196 ille
1305 1127 1367 1220 qui
1389 1140 1640 1199 testamentum
1660 1127 1806 1225 aliquod

213 1245 285 1314 suis
299 1242 502 1316 haeredibus
520 1245 730 1342 componit,
751 1243 841 1314 dum
859 1243 895 1315 in
916 1243 1062 1341 pristina
1085 1243 1268 1316 voluntate
1286 1260 1488 1342 perseverat
1510 1248 1685 1338 moriem,
1704 1253 1807 1320 testa·

214 1379 375 1436 mentum
400 1389 504 1436 suum
526 1363 738 1452 confirmat,
770 1362 871 1462 quod
896 1387 1123 1462 nequaquam
1145 1363 1291 1454 delenS,
1321 1364 1377 1436 vel
1399 1367 1437 1436 in
1455 1365 1575 1463 aliquo
1596 1367 1801 1466 corrigens,

210 1482 329 1581 ipsum
358 1485 508 1555 omnino
534 1499 620 1556 ωηο
650 1483 808 1554 roborat.
831 1482 934 1554 Unde
955 1482 1048 1554 bene
1068 1485 1209 1579 sanguis
1231 1486 1378 1557 Domini
1402 1486 1653 1583 potiusquam
1674 1513 1805 1588 corpus

211 1603 286 1699 ejus
317 1605 403 1676 novi
430 1605 654 1694 testamenti,
678 1618 717 1675 ut
741 1603 915 1692 diximus,
944 1602 1058 1674 luerat
1079 1602 1265 1674 dicendus.
1300 1601 1391 1673 lllud
1419 1620 1538 1675 autem
1567 1609 1667 1704 quod
1697 1611 1799 1682 ait¹.

213 1750 231 1789 a
242 1725 324 1795 Non
341 1722 464 1796 bibam
478 1723 612 1794 amodo
624 1722 669 1794 de
682 1722 752 1793 hoc
764 1723 944 1820 genimine
956 1723 1037 1794 vitis
1052 1747 1164 1819 usque
1181 1723 1217 1794 in
1233 1720 1330 1793 diem
1343 1721 1444 1793 illum
1458 1747 1571 1820 quum
1580 1725 1670 1798 illud
1681 1727 1802 1801 bibam

209 1842 397 1914 vobiscum
415 1867 553 1914 novum
569 1843 606 1914 in
625 1865 736 1939 regno
757 1843 868 1916 Patris
887 1842 977 1933 mei,
996 1870 1014 1910 n
1039 1843 1089 1914 sic
1108 1841 1282 1939 intelligo,
1301 1857 1473 1939 tanquam
1493 1844 1523 1914 si
1543 1843 1677 1917 diceret
1696 1874 1704 1917 :
1722 1852 1801 1920 Non

208 1961 398 2035 celebrabo
427 1961 575 2033 ulterius
597 1963 633 2033 in
663 1976 885 2034 sacramento
905 1963 1110 2062 passionem
1133 1962 1249 2034 carnis
1268 1987 1373 2053 meae,
1397 1962 1516 2034 donec
1536 1963 1574 2034 id
1591 1964 1718 2038 faciam
1738 1991 1802 2038 vo·

208 2079 347 2153 hiscum
370 2095 539 2178 tanquam
556 2105 694 2152 novum
712 2081 749 2151 in
769 2105 882 2178 regno
901 2082 1012 2152 Patris
1030 2083 1113 2154 mei.
1135 2084 1404 2153 Sacramentum
1420 2083 1556 2180 quippe
1574 2083 1703 2156 Christi
1716 2099 1802 2157 tunc

208 2201 309 2297 quasi
338 2223 474 2273 novum
505 2202 678 2290 sumitur,
713 2225 826 2298 quum
853 2203 972 2299 ipsum
1001 2215 1180 2274 sumentes
1206 2200 1314 2300 plena
1345 2200 1437 2292 fide,
1469 2202 1679 2276 accedentes
1704 2205 1802 2304 ipsos

208 2319 378 2411 innovat,
398 2335 472 2392 eta
498 2322 608 2394 reteri
626 2319 793 2410 homine,
813 2345 922 2418 quem
943 2345 1008 2418 per
1034 2323 1349 2418 transgressionem
1375 2321 1579 2413 imitantur,
1601 2323 1637 2395 in
1663 2349 1799 2398 novum

208 2453 442 2532 transmutat,
463 2440 552 2513 dum
571 2443 690 2540 ipsum
708 2466 773 2540 per
789 2440 1032 2513 obedientiam
1061 2467 1173 2540 usque
1197 2443 1244 2513 ad
1270 2457 1423 2514 mortem
1450 2444 1551 2540 sequi
1569 2459 1652 2516 sunt
1669 2449 1794 2543 parati.

208 2560 339 2647 Quales
356 2586 584 2660 nequaquam
604 2579 691 2635 tunc
708 2562 856 2636 aderant
870 2562 1034 2662 discipuli
1045 2564 1082 2635 in
1096 2562 1167 2635 fide
1184 2563 1302 2636 adhuc
1314 2565 1485 2654 maxime,
1503 2580 1539 2637 et
1550 2590 1594 2637 eo
1608 2569 1799 2665 temporis³

207 2679 357 2750 articulo
376 2681 603 2779 potissimum
625 2683 777 2773 infirmi,
801 2707 868 2754 nec
887 2682 1006 2756 adhuc
1027 2683 1064 2754 in
1084 2708 1195 2780 regno
1213 2684 1279 2755 uei
1298 2683 1437 2774 traditi,
1456 2685 1550 2755 utin
1570 2686 1620 2756 eis
1636 2686 1800 2760 videlicet

207 2814 371 2896 regnaret
390 2805 508 2893 Deus,
531 2803 589 2874 cui
609 2803 773 2875 nondum
793 2802 969 2876 soliditate
992 2803 1075 2875 fidei
1101 2801 1349 2894 adhaerebant,
1375 2803 1450 2899 ejus
1472 2803 1635 2876 dominio
1655 2807 1798 2903 penitus

206 2917 352 2992 subditi.
372 2923 482 3008 Quasi
503 2947 588 3020 ergo
607 2937 707 2995 vetus
726 2937 763 2996 et
782 2947 856 2995 non
875 2947 1012 2996 novum
1031 2939 1117 2995 tunc
1136 2937 1353 3020 acceperuut
1370 2924 1489 3020 ipsum
1510 2941 1794 3016 sacramentum,

205 3053 243 3111 et
260 3054 432 3138 tanquam
452 3042 572 3114 adhuc
590 3058 688 3115 extra
705 3068 856 3141 regnum
877 3045 943 3116 Dei
963 3057 1149 3116 manentes
1173 3072 1181 3114 ε
1211 3043 1295 3141 quia
1322 3043 1487 3115 nondum
1502 3043 1542 3114 in
1558 3048 1636 3116 Deo
1659 3046 1709 3116 sic
1733 3070 1796 3118 eos

204 3163 407 3256 constantia
427 3160 512 3234 fidei
533 3163 824 3255 confirmaverat,
847 3178 887 3235 ut
903 3164 975 3236 hoc
993 3162 1226 3262 percipiendo
1250 3163 1335 3234 novi
1353 3163 1429 3258 jam
1450 3162 1549 3254 lacti,
1574 3179 1796 3235 mererentur

203 3280 242 3352 in
259 3283 418 3355 novitate
433 3282 492 3354 illa
511 3284 561 3356 ita
579 3285 670 3356 siem
687 3299 771 3382 post
790 3285 1089 3356 resurrectionem
1106 3282 1323 3355 consumari.
1346 3283 1446 3355 Bibet
1471 3296 1557 3354 tunc
1576 3283 1736 3356 Christus
1752 3284 1798 3356 de

203 3400 276 3472 hoc
292 3402 471 3499 genimine
489 3404 570 3478 vitis
590 3405 762 3496 cumeis,
787 3404 826 3477 id
852 3419 929 3496 est,
949 3405 996 3476 de
1015 3405 1186 3502 sanguine
1204 3428 1294 3494 suo,
1316 3404 1378 3501 qui
1400 3419 1454 3475 est
1472 3405 1553 3475 ritis
1572 3383 1698 3476 eoruin
1720 3419 1797 3476 tan-

202 3545 315 3620 quam
331 3523 541 3622 palmitum,
559 3549 673 3623 quum
690 3525 757 3597 illis
777 3525 884 3624 digne
902 3541 1125 3598 sacramenta
1147 3550 1218 3598 suae
1238 3524 1413 3623 passionis
1426 3525 1794 3618 communicantibus,

200 3644 254 3716 sic
271 3643 358 3716 inde
380 3645 475 3718 sitim
494 3671 597 3719 suam
612 3646 650 3718 in
671 3647 755 3745 ipsis
776 3646 921 3720 reficiet.
943 3647 1015 3735 Qui
1032 3648 1129 3719 enim
1146 3648 1297 3719 salutem
1311 3646 1502 3718 hominum
1513 3645 1585 3719 sitit
1600 3646 1655 3718 vel
1669 3649 1792 3736 esurit,

200 3778 291 3836 tunc
308 3765 354 3838 de
372 3766 448 3866 ipsa
465 3766 645 3860 reficitur,
665 3793 779 3867 quum
796 3791 877 3841 eam
898 3766 1039 3865 impleri
1051 3767 1199 3839 laetatur.
1222 3770 1390 3839 Fortassis
1405 3781 1440 3838 et
1457 3793 1500 3840 ex
1513 3767 1585 3839 hoc
1596 3791 1795 3840 sacramen·

195 3899 278 3956 tum
297 3884 487 3960 dominicae
505 3889 679 3987 passionis
693 3889 795 3986 quasi
811 3904 912 3961 vetus
925 3901 1007 3958 ante
1025 3881 1323 3959 resurrectionem
1346 3888 1482 3976 extitit,
1504 3901 1542 3959 et
1557 3887 1791 3987 postmodum

198 4027 341 4076 novum
360 4003 447 4078 luit:
472 4008 556 4106 quia
577 4033 691 4106 quum
711 4007 829 4080 adhuc
848 4006 1013 4106 passibile
1032 4031 1163 4105 corpus
1184 4020 1219 4076 et
1235 4005 1468 4105 corruptibile
1486 4007 1543 4078 rel
1563 4007 1713 4080 mortale
1732 4034 1793 4106 ge-

194 4140 333 4218 staret,
360 4129 472 4200 veteri
497 4128 638 4202 homini
664 4154 729 4228 per
744 4129 817 4200 hoc
842 4127 967 4200 similis
989 4127 1075 4216 tuit,
1107 4141 1299 4225 antequam
1317 4128 1537 4225 resurgendo
1559 4127 1605 4199 de
1631 4126 1700 4198 hac
1723 4129 1793 4200 vita

192 4245 349 4342 poenali·
365 4247 410 4319 ad
433 4249 627 4320 novitatem
653 4247 778 4320 futurae
799 4247 1014 4346 perveniret.
1037 4251 1132 4318 Dum
1152 4271 1237 4343 ergo
1254 4245 1413 4318 mortalis
1435 4246 1521 4336 luit,
1544 4259 1637 4318 etse
1658 4244 1789 4337 mem,

191 4365 319 4464 qualis
335 4381 422 4440 ωηο
442 4384 534 4462 erat,
559 4369 597 4440 in
618 4383 840 4441 sacramento
859 4366 986 4440 dedit:
1010 4365 1283 4466 quodammodo
1302 4381 1402 4438 vetus
1420 4381 1455 4438 et
1473 4391 1547 4438 non
1570 4355 1707 4437 novum
1728 4364 1793 4440 luit

189 4484 293 4558 illud
307 4485 519 4561 sacrificium
539 4490 807 4588 comparatione
823 4486 990 4560 videlicet
1012 4487 1116 4578 novi,
1142 4485 1243 4585 quod
1262 4511 1361 4559 nunc
1378 4486 1415 4557 in
1432 4485 1654 4558 humanitate
1679 4486 1788 4556 sumi-

185 4629 284 4678 mus
300 4607 494 4681 immortali
508 4609 583 4706 jam
602 4625 638 4682 et
654 4607 928 4708 incorruptibili.
951 4613 1064 4681 Lucas
1083 4632 1169 4680 vero
1188 4609 1257 4682 ait*
1276 4635 1284 4678 z
1309 4608 1409 4680 «Hic
1429 4606 1519 4680 calix
1534 4630 1672 4678 novum
1685 4620 1790 4678 testa-

183 4740 366 4799 mentum
388 4730 494 4800 estin
513 4731 684 4829 sanguine
703 4755 805 4821 meo,
826 4757 843 4798 u
864 4728 902 4802 id
921 4743 974 4801 est
994 4743 1140 4830 pactum
1160 4729 1215 4800 vel
1234 4727 1424 4827 promissio
1441 4726 1544 4800 vobis
1558 4730 1669 4798 aDeo
1684 4725 1787 4818 facta,

181 4847 246 4918 ‹le
270 4861 387 4920 vestra
406 4849 539 4922 scilicet
568 4849 816 4950 redemptione
833 4851 871 4922 in
891 4873 971 4923 mea
988 4851 1165 4949 passione.
1190 4848 1260 4921 Ubi
1283 4850 1380 4922 enim
1400 4873 1468 4922 nos
1488 4846 1663 4920 hahemus
1688 4861 1790 4920 testa·

218 5156 230 5184 ⁶
246 5155 338 5220 ὅσω,
348 5173 406 5226 cap.
418 5175 461 5221 xv,
472 5173 498 5210 r.
514 5161 555 5211 rt.
565 5185 597 5197 -
609 5158 620 5187 ¹
631 5159 728 5223 lulla,
744 5175 800 5228 erp.
816 5175 889 5222 ωε,
902 5176 926 5212 r.
941 5161 983 5212 29.
993 5183 1027 5202 -
1037 5159 1048 5189 ⁸
1058 5159 1120 5213 cod.
1133 5161 1167 5212 llt
1178 5175 1195 5211 a
1207 5163 1319 5226 terporis
1333 5155 1398 5210 lldd.
1412 5156 1485 5210 Δηὼ.
1495 5181 1528 5194 ·-
1538 5156 1549 5185 ⁴
1561 5155 1632 5222 Luc..
1650 5170 1706 5224 cap.
1721 5169 1789 5220 xm,
1813 5107 1821 5124 =

171 5262 204 5297 v.
226 5246 285 5295 2⁰.
