4486 6100
323 736 418 792 Monet
431 753 531 794 omnes
545 737 581 793 ad
596 741 730 813 gaudium

323 817 380 896 Qui
394 826 472 882 venit
484 826 557 883 salus
568 832 707 889 omnium.

320 963 437 1034 Gaude,
452 967 511 1036 vir,
526 969 631 1042 gaude,
646 971 764 1046 femina,

319 1054 474 1111 Communi
486 1055 539 1112 lati
552 1058 650 1132 gloria.

320 1144 439 1214 Virum,
454 1163 538 1220 quem
551 1147 626 1204 Deus
637 1149 744 1220 induit,

281 1223 285 1234 ’
321 1234 424 1306 Ignara
437 1235 489 1290 viri
501 1238 622 1310 peperit.

318 1373 487 1446 Congande,
500 1376 593 1452 virgo,
608 1381 728 1454 virgini!

307 1457 408 1519 ‘Mater
419 1475 463 1520 est
475 1466 533 1522 huc
543 1468 681 1526 Altissimi
692 1496 699 1539 ;

318 1554 413 1629 Nupta
425 1569 518 1631 nupta
531 1562 719 1636 congaudeat,

318 1644 386 1715 Qua
404 1664 468 1703 mox
480 1661 646 1726 conceptum
663 1653 803 1728 predicat.

316 1784 470 1841 Conclusus
481 1786 574 1847 adhue
587 1803 683 1863 utero,

316 1873 381 1945 Quo
393 1887 493 1950 potens
506 1881 598 1936 iulans
614 1883 717 1957 gaudio

316 1964 415 2021 Vitam
433 1967 532 2024 mundi
545 1989 631 2045 quam
645 1986 767 2031 senserat

316 2053 423 2110 Mundo
434 2057 529 2112 statim
547 2058 695 2118 adnuntiat
707 2065 714 2117 l

315 2201 389 2258 llinc
403 2221 496 2274 senex,
510 2206 578 2264 inde
597 2210 679 2266 vidua

312 2293 405 2350 laude
416 2295 565 2354 Christum
578 2301 742 2375 prophetica

314 2382 486 2442 Confitentes
497 2387 668 2447 dominicam

314 2471 510 2532 ostenderunt
522 2482 706 2551 presentiam.

316 2613 372 2667 Deo
384 2615 471 2687 patri,
484 2628 539 2672 etc.

587 2799 660 2857 XLl.

329 2953 496 3029 Christiani,
510 2959 652 3033 plaudite,

329 3043 493 3104 Resurrexit
504 3049 651 3109 Dominus.

329 3133 414 3191 Victo
428 3139 527 3194 mortis
541 3141 668 3215 principe

363 3225 492 3284 Christus
506 3231 641 3303 imperat,

330 3315 440 3372 Victori
454 3315 612 3392 occurrite,

364 3407 422 3477 Qui
434 3425 484 3464 nos
496 3409 606 3467 liberat.

326 3548 463 3620 Superato
476 3549 597 3623 Zabulo,

326 3635 490 3695 Resurrcxit
503 3641 657 3712 Dominus;

327 3728 451 3802 Spoliato
464 3729 610 3800 barathro,

362 3818 433 3874 Suos
445 3811 536 3890 cinit,

326 3907 451 3981 Stipatus
464 3910 590 3984 angelico

359 3998 442 4054 Coetu
455 3999 550 4056 rediit.

326 4144 413 4201 Fraus
425 4147 455 4201 in
469 4147 554 4204 hamo
568 4150 683 4220 fallitur,

325 4233 489 4294 Resurrexit
501 4239 653 4312 Dominus,

326 4324 394 4394 Quas
406 4325 474 4382 dum
487 4347 571 4385 carne
583 4333 703 4388 vescitur

359 4416 581 4492 circumposita,

327 4505 441 4565 Virtute
454 4509 629 4584 transfigitur

359 4597 446 4654 Carni
459 4599 554 4655 insita.

326 4743 476 4816 Captivatis
490 4747 602 4817 inseris,

326 4829 491 4890 Resumuxit
506 4835 658 4907 Dominus,

324 4920 483 4998 Ditatisquc
497 4929 619 4999 superis,

360 5013 470 5069 Coelum
480 5014 600 5087 jubilat,

323 5099 461 5174 Hymnis,
477 5103 605 5178 psalmis,
621 5109 736 5164 canticis

363 5191 452 5248 Terra
466 5206 587 5252 resonat.

884 673 885 680 ,
936 610 1147 686 CARMlNh.

1155 752 1215 808 Deo
1227 755 1301 826 patri
1316 753 1417 829 gloria,
1435 775 1437 783 ⁴

1154 842 1319 902 licant-rexit
1332 845 1485 916 Dominus,

1155 931 1236 990 Salus
1247 945 1276 991 et
1287 936 1416 1006 victoria,

1189 1023 1304 1080 Christo
1316 1024 1430 1082 Domini
1442 1049 1451 1096 ;

1154 1113 1209 1169 Par
1223 1115 1315 1170 honor
1328 1133 1379 1189 per
1391 1115 1489 1172 sucula

1192 1203 1236 1260 Sit
1247 1205 1375 1278 Spiritui.

1402 1411 1491 1468 XLII.

1152 1527 1194 1583 Da
1208 1529 1301 1586 Maria
1312 1543 1491 1606 tympanum,

1153 1617 1317 1678 Resurrexit
1330 1622 1483 1693 Dominus,

1152 1707 1282 1766 Hebraeas
1295 1711 1332 1767 ad
1342 1714 1482 1770 canticum

1188 1801 1312 1858 Cantans
1324 1815 1470 1878 provocet,

1153 1889 1322 1948 Holocausta
1334 1895 1491 1951 carminum

1186 1979 1274 2038 Jacob
1286 1982 1423 2040 immolet.

1149 2101 1318 2160 subvertens
1330 2105 1492 2180 AEgyptios‚

1146 2191 1311 2250 Resurrexit
1326 2195 1481 2268 Dominus,

1151 2280 1242 2338 Rubri
1255 2285 1339 2339 maris
1351 2282 1443 2340 alveos

1149 2369 1224 2426 Deus
1238 2372 1348 2446 replens
1358 2373 1503 2443 hostibus,

1146 2459 1227 2531 Quos
1240 2462 1357 2519 involvit
1368 2463 1484 2522 obrutos

1183 2549 1275 2608 Undis
1286 2552 1409 2628 pelagus.

1146 2677 1228 2735 Dicat
1241 2681 1448 2754 tympanistria:

1145 2767 1310 2826 Resurrexit
1322 2769 1477 2840 Dominus,

1144 2856 1196 2914 Illa
1207 2858 1323 2934 quidem
1335 2861 1435 2928 altera,

1179 2947 1222 3004 Re
1233 2967 1291 3005 non
1303 2953 1418 3008 nonnae

1144 3037 1351 3114 Resurgentem
1364 3043 1464 3100 merita

1178 3127 1273 3185 Prima
1284 3148 1408 3188 cornero

1140 3249 1243 3308 Cantet
1256 3269 1369 3309 carmen
1383 3253 1506 3325 dulcius,

1142 3338 1307 3397 Resurrexit
1319 3343 1471 3426 Dominus,

1141 3429 1269 3506 Reliquis
1281 3432 1410 3489 fidelibus

1178 3521 1266 3578 Mixa
1277 3522 1403 3592 seminis,

1142 3611 1215 3668 Cum
1228 3613 1288 3686 ipsa
1300 3615 1478 3672 narrantibus

1177 3701 1239 3758 Hoc
1250 3701 1403 3777 discipulis.

1031 3882 1036 3895 ,
1121 3827 1181 3882 Deo
1193 3830 1267 3902 patri
1280 3847 1345 3885 cum
1361 3832 1432 3900 filio,

1122 3916 1195 3972 Cum
1207 3917 1315 3992 Spiritu
1330 3921 1477 3994 paraclito,
1491 3935 1545 3980 etc.

1381 4061 1486 4119 xum.

1139 4185 1237 4242 Golias
1250 4198 1406 4260 prostratus
1419 4203 1476 4260 est,

1141 4275 1213 4332 Ense
1223 4275 1440 4352 jugulassem,

1139 4365 1304 4423 Resurrsxit
1319 4368 1470 4438 Dominus,

1175 4456 1271 4514 Hostis
1282 4460 1415 4532 proprio;

1139 4546 1213 4603 Cum
1225 4547 1282 4603 suis
1294 4547 1456 4606 submersus
1471 4563 1512 4606 est

1175 4635 1227 4692 Ille
1237 4636 1357 4694 Pharao.

1139 4757 1241 4814 Dicant
1254 4757 1324 4816 Sion
1338 4760 1416 4816 filiae:

1140 4845 1305 4905 Resurrexit
1317 4847 1464 4909 Dominus.

1141 4936 1221 4994 Vero
1233 4936 1321 4993 David
1336 4939 1422 4997 obvia

1179 5026 1289 5083 Choros
1305 5028 1459 5101 proferant,

1144 5115 1255 5174 Victori
1267 5118 1388 5188 victorie

1178 5203 1286 5263 Laudes
1300 5209 1458 5266 concinant.
