4486 6100
1042 639 1171 712 rssrul
1197 637 1431 713 ABAELARDI

1117 1084 1372 1176 Arruns
1805 1173 1808 1182 ,

700 1309 1019 1429 utusourt
1056 1305 1392 1427 CARMINIS
1430 1306 1785 1422 Ruuuusro

850 1567 871 1614 B
894 1562 1014 1616 0011!OE
1036 1561 1268 1614 sistrorum
1291 1560 1409 1614 SANG'H
1432 1561 1622 1613 sunonem.

448 2103 585 2160 Astraiahi
601 2103 654 2171 fili,
667 2104 729 2158 rite
742 2102 861 2158 dulcedo
874 2113 1007 2176 paterne,
1263 2096 1327 2154 Non
1340 2107 1404 2167 tna,
1418 2097 1467 2154 sed
1478 2097 1592 2153 Domini
1604 2107 1744 2172 queratur
1756 2093 1844 2170 gloria
1857 2114 1906 2170 per
1917 2107 1962 2162 te,

483 2177 624 2252 Doctrinae
634 2192 728 2249 studio
741 2209 828 2268 panon
840 2191 969 2266 relinquo
979 2201 1044 2248 tuas.
1298 2187 1362 2243 Non
1375 2187 1444 2256 tibi,
1459 2186 1508 2245 sed
1519 2187 1627 2243 cunctis
1639 2185 1754 2256 vixeris,
1769 2187 1857 2242 immo
1869 2185 1939 2242 Deo.

447 2281 538 2355 Major
548 2281 675 2340 disceffli
688 2280 740 2337 tibi
754 2281 791 2337 sit
802 2298 886 2354 quam
901 2298 969 2336 cnra
982 2271 1102 2338 docendi
1117 2303 1122 2333 ι
1262 2276 1306 2332 Sit
1316 2277 1383 2346 tibi,
1397 2293 1502 2352 queso,
1517 2273 1649 2351 frequens
1662 2279 1806 2351 scripture
1818 2275 1901 2332 lectio
1911 2294 1995 2333 sacre
2011 2301 2017 2330 z

483 2373 558 2428 Hine
569 2372 630 2429 aliis
642 2371 748 2428 etenim
759 2370 885 2446 proficis,
899 2368 965 2426 inde
977 2369 1040 2426 tibi.
1260 2423 1267 2436 ,
1298 2367 1403 2423 Cetera
1416 2368 1439 2422 si
1452 2385 1508 2444 qna
1520 2365 1610 2440 legas,
1625 2367 1719 2421 omnia
1731 2375 1847 2440 propter
1858 2383 1929 2422 eam.

448 2464 544 2533 Quum
557 2461 610 2518 tibi
625 2461 748 2518 desuerit
759 2459 830 2536 quid
842 2459 945 2528 discas,
959 2459 1066 2516 discere
1080 2477 1169 2526 cessa,
1264 2456 1306 2513 Sit
1319 2456 1370 2513 tibi
1384 2459 1539 2531 precipuus
1550 2454 1639 2512 divini
1652 2453 1744 2510 cultus
1755 2455 1887 2525 honoris,

483 2551 542 2608 Nec
553 2551 606 2608 tibi
619 2551 784 2608 cessandum
799 2549 903 2606 dixeris
915 2567 974 2606 esse
986 2551 1074 2624 prius.
1276 2572 1279 2580 ·
1299 2549 1397 2623 Teque
1409 2550 1495 2604 timor
1508 2565 1618 2621 semper
1629 2545 1731 2602 subdet
1742 2563 1875 2620 amorque
1887 2545 1956 2600 Deo.

448 2641 512 2698 Non
525 2662 541 2698 a
553 2660 625 2718 quo,
637 2641 687 2699 sed
698 2640 768 2718 quid
779 2640 900 2710 dicatur,
917 2641 954 2696 sit
967 2640 1019 2697 tibi
1034 2659 1106 2698 cure
1123 2664 1128 2692 :
1265 2640 1355 2696 Nemo
1369 2639 1460 2694 Deum
1475 2647 1583 2693 metuet
1594 2636 1636 2693 vel
1650 2637 1754 2693 amabit
1766 2637 1839 2692 sient
1851 2645 1982 2709 oportet,

483 2733 601 2789 Auctori
614 2750 716 2788 nomen
729 2731 797 2787 dant
808 2731 881 2788 bene
893 2730 968 2786 dicta
978 2749 1041 2788 ¹suo.
1299 2730 1329 2786 si
1344 2746 1400 2784 non
1413 2737 1546 2802 agnoscat
1558 2727 1630 2782 sicut
1642 2736 1755 2801 oportet
1765 2745 1846 2796 eum,
1949 2725 2034 2800 [ipse,

449 2821 507 2878 Nec
515 2821 572 2882 tibi
584 2822 679 2879 dilecti
688 2821 768 2896 jures
780 2822 810 2877 in
823 2821 908 2878 verba
920 2821 1062 2897 magistri,
1265 2821 1357 2892 Quam
1368 2820 1462 2892 justus
1474 2819 1511 2873 sit
1521 2818 1568 2874 hic
1579 2828 1664 2891 atque
1674 2827 1789 2891 potens,
1802 2834 1890 2891 quum
1903 2817 1941 2871 sit
1949 2815 2038 2872 bonus

483 2912 542 2969 Nec
554 2923 583 2969 te
593 2910 718 2968 detineat
729 2910 829 2968 doctor
841 2929 936 2969 amore
949 2929 1011 2971 suo.
1299 2911 1445 2981 Quantum
1458 2907 1508 2964 no's
1519 2906 1633 2976 toleret,
1645 2925 1730 2982 quam
1742 2925 1825 2981 grave
1836 2907 1985 2981 percutiat.

448 3004 572 3078 Fructu,
585 3022 642 3061 non
654 3004 728 3060 foliis
741 3021 890 3078 pomorum
904 3005 1024 3080 quisque
1037 3003 1157 3073 cibatur,
1264 3001 1380 3074 Semper
1391 2999 1491 3054 divine
1499 3009 1548 3054 tua
1561 2998 1597 3054 sit
1610 2997 1734 3070 subjecte
1745 2997 1887 3065 veientes,

483 3097 519 3151 Et
530 3113 626 3152 aensns
637 3093 728 3151 verbis
738 3092 935 3150 anteferendus
948 3094 1011 3149 erit.
1299 3090 1335 3146 Et
1347 3100 1444 3146 contra
1456 3089 1478 3144 si
1493 3089 1547 3157 vis,
1560 3087 1669 3162 appetis
1681 3105 1739 3145 esse
1752 3087 1843 3156 Deus;

448 3182 564 3242 Ornatis
579 3186 686 3242 animos
698 3193 792 3258 captet
803 3183 946 3258 persuasio
957 3182 1067 3254 verbis,
1265 3179 1323 3237 Nec
1335 3180 1388 3236 tibi
1400 3178 1469 3253 quid
1484 3179 1570 3253 possit
1583 3197 1703 3254 queres,
1718 3177 1767 3233 sed
1779 3175 1849 3252 quid
1861 3176 1953 3250 placet
1966 3176 2019 3251 ipsi
2031 3201 2037 3230 :

484 3273 623 3330 Doctrine
636 3275 725 3347 magis
737 3283 779 3329 est
793 3271 888 3329 debita
901 3271 1039 3346 pinnities.
1133 3291 1137 3298 ·
1300 3269 1489 3326 Mercenarius
1500 3268 1570 3334 hoc,
1583 3267 1655 3323 illud
1665 3269 1772 3323 amicus
1783 3267 1851 3343 agit.

448 3361 536 3438 Copia
547 3363 698 3420 verberum
710 3373 751 3420 est
764 3361 813 3418 nbi
828 3381 885 3418 non
897 3372 940 3417 est
951 3363 1030 3435 copia
1044 3365 1168 3428 sensus,'
1264 3359 1372 3416 Sufficit
1383 3370 1416 3415 ut
1428 3369 1539 3414 tantum
1551 3375 1657 3433 queres
1670 3358 1757 3432 ipsine
1769 3359 1904 3414 honorem
1917 3383 1923 3411 :

484 3453 601 3510 Constat
613 3465 642 3509 et
654 3464 794 3510 errantem
807 3451 996 3527 multiplicare
1008 3451 1074 3507 vias.
1116 3461 1120 3467 ’
1300 3449 1438 3507 Utilitatis
1449 3450 1504 3505 erit
1516 3450 1555 3504 sic
1568 3467 1677 3504 memor
1690 3449 1749 3522 ipse
1761 3459 1823 3505 ture.

449 3545 538 3616 Cujus
550 3543 707 3600 doctrinam
721 3543 773 3600 sibi
787 3542 936 3600 dissentire
951 3541 1072 3609 videbis,
1266 3541 1345 3598 Sicut
1357 3540 1497 3596 thesauris
1509 3550 1621 3614 ppaestat
1635 3539 1770 3613 sapientia
1784 3539 1910 3610 cunctis,

485 3633 532 3690 Nil
545 3633 621 3690 iliam
636 3633 704 3690 certi
718 3643 825 3690 constat
838 3633 943 3688 habere
955 3629 1018 3688 tibi,
1301 3632 1347 3688 Sic
1360 3629 1433 3687 nihil
1444 3630 1575 3706 opposito
1587 3631 1670 3686 vilius
1683 3646 1742 3686 esse
1753 3639 1856 3702 potest.

450 3723 591 3780 Instahiiis
604 3724 675 3780 lune
688 3723 789 3780 stultus
801 3732 927 3780 mutatur
939 3719 975 3778 ad
987 3721 1085 3789 instar,
1159 3791 1164 3800 ι
1266 3721 1376 3795 Ingenii
1388 3723 1497 3795 sapiens
1510 3720 1543 3776 fit
1556 3719 1650 3775 nuilus
1661 3719 1790 3776 acumine
1802 3719 1910 3793 magni3

485 3813 565 3869 Sicut
576 3813 634 3883 sol,
648 3815 757 3888 sapiens
769 3823 915 3888 permanet
926 3813 986 3887 ipse
999 3811 1063 3868 sibi.
1301 3813 1384 3870 Hunc
1398 3812 1491 3886 potius
1503 3829 1596 3868 mores
1606 3821 1636 3867 et
1648 3810 1722 3867 bona
1735 3811 1791 3866 rita
1803 3820 1908 3866 creent.

451 3903 534 3960 Nunc
546 3904 616 3973 huc,
632 3923 709 3960 nunc
721 3905 803 3974 iiiuc,
819 3903 898 3961 stulti
909 3923 988 3960 mens
999 3921 1069 3959 caeca
1081 3911 1205 3976 vagatur,
1267 3903 1374 3973 Factis,
1390 3920 1447 3958 non
1459 3901 1567 3971 verbis,
1580 3901 1716 3976 sapientia
1729 3919 1757 3956 se
1772 3900 1936 3974 profitetur;

485 3995 604 4052 Provida
618 4015 695 4052 mens
709 3996 836 4052 stabilem
850 3995 913 4069 figit
925 3995 1032 4069 ubique
1045 3991 1172 4067 gradum.
1303 3995 1375 4052 Solis
1388 4011 1517 4050 concessa
1529 4003 1571 4049 est
1584 3995 1673 4068 gratia
1685 4004 1763 4049 tanta
1775 3993 1866 4048 bonis.

453 4085 567 4159 Cogitet
579 4097 643 4142 ante
656 4085 706 4141 diu
719 4085 790 4161 qnid
802 4103 900 4141 sanum
913 4083 1006 4139 dicere
1020 4083 1120 4156 possit,
1269 4086 1358 4142 Filius
1369 4096 1411 4142 est
1423 4085 1532 4159 sapiens
1545 4082 1705 4140 benedictio
1719 4082 1806 4139 muita
1819 4093 1987 4157 parentum,

487 4175 529 4231 Ne
539 4175 627 4248 judex
638 4176 687 4231 fiat
697 4176 819 4250 turpiter
831 4176 890 4249 ipse
902 4175 956 4231 sni.
1302 4177 1432 4250 Ipsorum
1447 4173 1549 4231 stultns
1563 4173 1685 4230 dedecus
1699 4184 1782 4249 atque
1796 4172 1884 4230 dolor.

440 4265 542 4322 'Dictis
554 4265 717 4336 doctorum,
731 4267 810 4323 factis
823 4265 938 4324 intende
950 4265 1104 4333 bonorum,
1269 4263 1355 4337 Quod
1367 4264 1469 4321 tolerat
1484 4265 1582 4337 major,
1596 4282 1653 4321 non
1667 4265 1703 4319 sit
1717 4282 1799 4337 grave
1809 4263 1881 4320 ferre
1894 4263 2049 4330 minorem,

487 4357 604 4414 Fervent
614 4357 668 4412 hac
681 4373 791 4432 semper
805 4367 902 4432 pectus
915 4355 1039 4412 avaritia.
1306 4357 1364 4412 Nec
1376 4373 1405 4411 se
1417 4355 1525 4430 prolato
1537 4357 1663 4431 preferat
1676 4354 1749 4410 nllus
1761 4354 1858 4412 homo.

453 4447 534 4502 Disce
546 4443 596 4501 diu
609 4446 745 4523 firmaque
758 4446 811 4503 tibi
825 4445 960 4520 tardaque
973 4444 1091 4514 docere,
1269 4447 1401 4505 Oblatam
1416 4447 1485 4504 Cato
1502 4446 1577 4502 fudit
1591 4464 1707 4522 aquam,
1722 4446 1914 4520 populumque
1930 4444 2051 4520 reiecit,

487 4537 581 4611 Atque
595 4535 630 4591 ad
644 4535 825 4594 scribendum
840 4555 875 4592 ne
888 4535 945 4592 cito
956 4535 1093 4609 prosilias.
1302 4537 1377 4592 Dum
1390 4535 1467 4592 refici
1480 4537 1623 4611 propriam
1637 4555 1693 4592 non
1707 4534 1775 4592 tulit
1787 4536 1845 4611 ipse
1858 4535 1946 4591 sitim.

452 4625 524 4682 Nolo
536 4626 677 4702 repentini
689 4637 737 4682 tua
750 4627 786 4683 sit
799 4625 926 4683 doctrina
940 4625 1084 4699 magistri,
1125 4682 1129 4690 ,
1268 4630 1405 4704 Incipiens
1417 4646 1466 4684 rex
1478 4637 1520 4684 est
1530 4628 1624 4684 asinus
1638 4626 1796 4684 diademate
1808 4625 1916 4701 pollens
1923 4669 1930 4697 ,

486 4716 544 4788 Qui
559 4725 675 4790 cogetur
687 4715 780 4773 ndhnc
793 4715 899 4791 fingere
912 4733 974 4791 que
985 4715 1093 4773 doceat.
1304 4721 1375 4776 Tam
1387 4719 1441 4775 sibi
1455 4736 1540 4793 quam
1555 4717 1664 4774 cunctis
1676 4718 1849 4793 perniciosus
1861 4717 1910 4772 hie
1919 4725 1977 4772 est.

452 4804 542 4861 Nemo
549 4805 602 4862 tihi
610 4804 792 4882 tribuitqnod
799 4806 925 4863 nondum
933 4815 975 4864 est
980 4823 1083 4863 nomeu
1092 4803 1224 4882 adeptus:
1268 4809 1341 4867 Nolo
1352 4809 1498 4879 militiam,
1512 4807 1562 4865 sed
1573 4825 1684 4865 sensum
1696 4809 1727 4864 in
1737 4808 1866 4884 principe
1876 4805 1978 4864 landes
1989 4831 1996 4860 :

486 4895 553 4951 Post
565 4897 683 4967 multos,
698 4899 721 4954 si
734 4899 789 4969 vis,
801 4897 953 4974 experiaris
964 4916 1039 4954 enm.
1302 4899 1476 4968 Consilium,
1492 4917 1548 4956 non
1562 4900 1617 4968 ris,
1630 4897 1775 4972 preminet
1785 4897 1822 4952 ad
1835 4897 1977 4970 regimen.

453 4985 627 5042 Detrimentn
640 4998 693 5043 tue
701 5005 795 5046 caveas
807 4990 997 5063 superomnia
1009 4989 1099 5059 same,
1268 4992 1364 5062 Quum
1373 4990 1515 5046 bonusest
1527 4989 1672 5064 princeps,
1684 4988 1772 5044 divini
1783 4988 1909 5043 muneris
1919 4997 1966 5042 est
1977 4985 2056 5054 hoe3

489 5075 530 5132 Ut
542 5075 637 5132 multis
650 5078 738 5151 possis
752 5088 781 5134 et
792 5078 844 5134 tibi
859 5071 1004 5153 proficere.
1303 5079 1400 5150 Quum
1413 5077 1516 5146 malus,
1531 5076 1561 5131 id
1575 5076 1681 5150 perpeti
1694 5091 1876 5150 promeruere
1887 5073 1973 5128 maia.

454 5166 522 5237 Ques
535 5177 732 5240 precesserunt
744 5167 821 5224 credi
833 5185 881 5224 sna
896 5169 1014 5226 crimina
1027 5181 1143 5246 cogunt,
1266 5168 1311 5229 sit
1325 5167 1376 5226 tibi
1391 5187 1457 5224 cura
1470 5169 1548 5242 prior
1561 5165 1696 5235 faciendi,
1712 5163 1815 5220 deinde
1827 5163 1946 5221 docendi

488 5257 524 5312 Et
535 5258 613 5332 prior
627 5259 657 5314 in
670 5267 769 5314 testem
781 5259 836 5316 vitu
850 5261 991 5334 sequentis
999 5261 1065 5316 erit.
1304 5261 1373 5332 Que
1387 5259 1460 5316 bone
1474 5270 1556 5328 sunt,
1571 5277 1621 5314 nec
1632 5258 1669 5313 sis
1681 5255 1809 5312 dissonus
1822 5255 1880 5328 ipse
1891 5247 1958 5310 tibi.
