4522 6104
940 563 1175 695 srrsnmx.
1527 671 1531 682 .
1776 625 1847 696 ms

272 763 416 833 Vineam
437 761 528 858 apud
554 764 722 831 Scaeuam.
746 764 883 831 Terram
898 763 987 831 inter
1003 763 1184 836 Pisiacum¹
1198 776 1232 832 et
1245 763 1387 832 Aizium.
1408 747 1643 832 Molendinum
1653 762 1695 831 de
1711 765 1849 832 Breten·

272 883 386 952 niacc.'
404 879 655 969 Molendinum,
671 893 795 950 terram
809 895 843 950 et
856 896 990 976 pratum
1008 880 1096 976 apud
1114 879 1368 952 Marcilliacum.
1388 883 1549 950 Octavam
1562 893 1691 975 partem
1703 869 1851 951 nemoris

272 1001 315 1072 de
332 1001 478 1089 Pisiaco‚
498 998 596 1071 aliam
613 1015 744 1094 partem
759 1001 794 1068 in
804 1001 925 1070 ecdem
938 1025 1087 1070 nemore.
1105 1003 1154 1070 Ex
1170 1001 1262 1070 dono
1274 999 1438 1070 Gualterii
1450 1001 1627 1095 Rungiler,
1640 1015 1785 1096 quatuor
1796 1025 1849 1102 ar-

271 1143 405 1216 pennos
426 1120 531 1214 prati,
544 1133 581 1190 et
597 1118 819 1214 quadraginta
838 1117 963 1189 solidos
986 1142 1114 1189 census.
1135 1123 1185 1188 Ex
1209 1119 1301 1188 dono
1322 1115 1481 1188 Hetoisss
1496 1119 1540 1188 de
1555 1117 1688 1208 villari,
1708 1135 1847 1206 terram,
1967 1119 1970 1125 “

273 1241 406 1310 niumm
422 1254 457 1308 et
474 1238 625 1308 domum.
647 1237 818 1334 Quicquid
835 1236 1035 1333 Rodulphus
1052 1239 1155 1310 Gaius
1167 1238 1313 1309 habebat
1328 1238 1365 1307 in
1381 1239 1484 1309 bosco
1497 1239 1685 1329 Fraxiueti,
1704 1263 1744 1309 ex
1758 1239 1849 1308 donc

274 1359 404 1454 praelati
416 1359 549 1430 comitis
563 1356 762 1429 Thecbaldi.
783 1357 955 1428 Sexdecim
972 1359 1132 1428 sextarios
1147 1381 1290 1428 annonre
1306 1359 1341 1427 in
1353 1357 1550 1429 molendino
1563 1360 1605 1429 de
1623 1361 1761 1454 Stagno.
1775 1358 1851 1426 Mo·

273 1477 447 1548 leudinum
469 1477 513 1548 de
531 1477 716 1572 Changeio.
735 1477 939 1566 Quindecim
957 1479 1116 1548 sextarios
1129 1501 1273 1548 annonas
1294 1479 1328 1547 in
1346 1477 1543 1548 molendino
1558 1479 1601 1548 de
1617 1477 1751 1548 Planca.
1771 1479 1851 1547 Mo·

274 1596 449 1666 leudinum
466 1595 509 1665 de
524 1595 757 1691 Justigniacot
782 1596 1000 1666 Medietatem
1019 1595 1207 1666 molendini
1221 1597 1264 1666 de
1280 1599 1466 1668 Crerecuer
1480 1611 1515 1666 et
1527 1597 1671 1667 vineam.
1688 1595 1852 1666 Medieta-

275 1731 342 1786 tem
364 1716 456 1786 furni
474 1716 745 1786 Vioecomitissae.
768 1714 984 1786 Medietatem
1005 1717 1093 1810 prati
1114 1716 1230 1786 subter
1246 1715 1417 1788 ecclesiam
1434 1717 1547 1786 Sancti
1564 1716 1708 1787 Nicolai.
1727 1715 1852 1783 Vineas

273 1833 387 1905 Paulae
399 1850 436 1904 et
449 1832 670 1923 Emmellinae,
687 1849 917 1905 tenementum
934 1836 1025 1904 Petri
1041 1835 1084 1905 de
1096 1835 1204 1925 Valle,
1221 1851 1255 1907 et
1270 1851 1337 1906 tres
1355 1837 1512 1906 denarios
1524 1860 1641 1906 census
1658 1836 1701 1905 de
1717 1838 1849 1904 Penne.
1948 1909 1954 1919 ,

273 1957 303 2024 V
307 1955 398 2024 ineas
416 1953 586 2024 Galcherii
604 1955 819 2026 Cementarii.
844 1957 1044 2049 Arpennum
1058 1957 1181 2044 vinem,
1206 1971 1241 2026 et
1258 1958 1512 2052 quamcrdecim
1527 1957 1683 2028 denarios
1700 1977 1817 2026 census
1834 1978 1852 2022 a

274 2071 513 2142 Fredemundo
526 2074 721 2168 Peregrino.
739 2075 883 2144 Vineam
897 2074 1050 2168 Hugonis
1068 2077 1208 2145 Butarii.
1230 2076 1372 2145 Vineam
1393 2074 1565 2146 Rahaldis.
1588 2075 1723 2170 Septem
1735 2075 1853 2168 jugera

275 2204 372 2260 terras
389 2193 523 2261 aPetrc
534 2191 577 2260 de
595 2193 726 2262 Penne.
748 2192 904 2280 Quatuor
913 2191 1033 2286 jugera
1045 2192 1088 2262 ab
1104 2191 1254 2288 Alburge
1267 2193 1310 2262 de
1326 2196 1457 2263 Ponne.
1476 2197 1555 2264 Duo
1566 2193 1684 2288 jugera
1696 2207 1730 2262 et
1740 2213 1852 2260 aream

275 2307 470 2402 aprmdicto
483 2308 699 2379 Gualcherio.
722 2311 856 2405 Septem
866 2311 986 2406 jugera
1001 2312 1044 2380 ab
1060 2311 1134 2380 Ada
1144 2312 1188 2381 de
1204 2310 1395 2382 Altomuro.
1414 2315 1613 2407 Arpennum
1631 2313 1732 2407 prati,
1751 2325 1785 2380 et
1803 2309 1855 2378 di·

277 2427 435 2515 midium‚
454 2445 489 2498 et
504 2428 717 2500 medietatem
733 2429 854 2500 domus
876 2430 919 2500 ab
944 2429 1133 2500 Emmelina
1153 2431 1352 2502 Rebursata.
1378 2433 1576 2530 Arpennum
1599 2430 1688 2524 prati
1705 2445 1740 2499 et
1756 2429 1855 2498 dimi·
1880 2455 1883 2460 ·

276 2545 371 2616 dium
387 2546 556 2616 chaade
569 2548 752 2616 Prouvino.
781 2549 920 2617 Pratum
945 2549 1135 2618 Teodcrici.
1157 2551 1306 2618 Domum
1323 2550 1478 2618 Murenae
1497 2563 1531 2618 et
1550 2546 1707 2641 plateam.
1728 2549 1856 2616 nomos

277 2661 459 2752 Richeldis,
476 2662 600 2752 Paule,
620 2665 773 2760 Hugonis
790 2667 931 2752 Bataui,
948 2665 1099 2754 Loberii,
1118 2665 1228 2754 Adan,
1240 2666 1379 2735 loannis
1391 2667 1540 2759 Tyranni
1555 2680 1589 2734 et
1600 2664 1774 2735 dimidiam
1792 2665 1854 2733 do-

277 2805 370 2852 mum
386 2781 568 2854 Sunbsrdi.
585 2784 734 2852 Domum
752 2779 882 2852 Bonelli
899 2785 1060 2874 Uvam,
1076 2799 1111 2854 et
1123 2783 1337 2854 medietatem
1355 2780 1491 2852 alterius
1503 2783 1636 2852 domus.
1655 2785 1737 2852 Tres
1747 2803 1856 2852 came-

278 2925 332 2971 ras
345 2916 381 2971 et
395 2903 527 2974 vineam
540 2903 700 2995 ejusdem.
725 2902 881 2973 Medium
904 2923 1017 2974 arenae
1036 2901 1071 2974 et
1085 2904 1205 3000 viginti
1224 2901 1362 2999 gallinas
1378 2925 1397 2972 a
1414 2905 1603 2998 Margareta
1618 2902 1857 2972 vicecomitissa

278 3019 321 3088 de
332 3021 502 3092 Marrolis.
524 3020 760 3092 Molendinum
776 3021 818 3091 de
829 3023 974 3093 Roscha.
993 3024 1159 3114 Quartam
1168 3038 1298 3118 partem
1309 3021 1430 3092 domus
1446 3023 1488 3092 ab
1502 3021 1651 3092 Andrea.
1669 3021 1857 3114 Sexjugera

278 3152 375 3208 terrae
390 3139 426 3208 iu
444 3141 572 3234 Campo
591 3139 713 3231 levato,
727 3156 762 3210 et
777 3139 893 3211 decem
908 3155 942 3211 et
958 3142 1161 3236 octojugem
1175 3141 1322 3235 desuper
1337 3155 1486 3209 montem
1498 3142 1677 3234 Hanepon.
1693 3139 1857 3226 Quartam

279 3271 408 3350 partem
422 3272 519 3326 terrae
533 3258 575 3326 dc
592 3258 798 3328 Villa-Creu.
818 3259 1007 3330 Dimidium
1020 3259 1144 3354 plantae
1159 3259 1202 3328 de
1218 3257 1404 3346 ¹Fuliuiaco.
1424 3258 1478 3328 Ab
1494 3257 1659 3346 Errardo,
1676 3258 1807 3325 vineam
1824 3269 1859 3324 et

279 3372 458 3443 duodecim
474 3374 636 3446 denarios
646 3402 776 3447 census.
795 3381 1037 3448 Tenementnm
1052 3379 1166 3448 uxoris
1174 3378 1301 3472 Pagani
1317 3375 1454 3465 sellarii,
1470 3390 1504 3445 et
1515 3392 1583 3446 tres
1600 3374 1724 3468 solidos
1741 3401 1858 3446 census

279 3491 369 3585 apud
386 3493 529 3580 Limnes,
545 3507 580 3561 et
597 3492 736 3563 domum
748 3493 897 3586 ejusdem
912 3495 1038 3589 Pagani
1052 3495 1141 3589 apud
1154 3495 1352 3564 Pruvinum.
1371 3497 1509 3562 Terram
1525 3492 1694 3588 Radulphi
1706 3494 1860 3564 canonici

280 3608 369 3704 apud
393 3610 610 3680 Lizinniam⁸.
634 3611 852 3682 Medietatem
868 3612 1039 3683 demusin
1054 3613 1141 3682 atrio
1157 3613 1271 3682 Sancti
1287 3610 1430 3683 Nicolai.
1451 3613 1587 3706 Septem
1603 3610 1727 3682 solidos
1744 3636 1860 3682 census

281 3727 371 3821 apud
398 3725 594 3796 Calestram.
623 3729 755 3821 Viginti
780 3726 904 3797 solidos
926 3730 1016 3822 apud
1037 3729 1238 3798 Pruvinum.
1265 3729 1396 3824 Viginti
1418 3727 1543 3799 solidos
1566 3729 1656 3824 apud
1678 3731 1858 3802 Lisinnias.

282 3845 415 3938 Septem
434 3859 467 3913 et
484 3843 661 3913 dimidium
675 3869 693 3912 a
707 3845 822 3914 Tescia
838 3845 1024 3939 Majorissa.
1042 3847 1168 3915 Decem
1184 3860 1218 3914 et
1233 3860 1361 3939 septem
1383 3845 1425 3913 de
1442 3863 1557 3916 monte
1575 3851 1754 3942 Henepon.
1770 3850 1862 3937 Qua·

282 3977 362 4032 tuor
378 3961 503 4032 solidos
513 3977 547 4031 et
564 3960 648 4033 duos
665 3963 821 4034 denarios
837 3963 879 4033 de
893 3963 1014 4034 Buath.
1029 3965 1125 4034 Duos
1137 3961 1261 4034 solidos
1271 3988 1291 4032 a
1302 3961 1490 4033 Godefrido
1506 3965 1709 4035 Monetario.
1730 3967 1861 4060 Viginti
1905 4051 1910 4060 ι

282 4080 407 4151 solidos
429 4083 465 4151 in
488 4083 586 4151 terris
602 4081 748 4153 Couleti.
767 4087 907 4154 Terram
922 4084 1133 4154 Greviarum.
1163 4085 1213 4152 Ex
1235 4083 1327 4152 dono
1348 4097 1508 4177 preterea
1529 4084 1672 4153 llatonis
1688 4085 1861 4154 Trecensis

283 4201 431 4294 episcopi
447 4198 660 4269 medietatem
677 4202 786 4272 omnis
805 4199 943 4272 decimae
963 4199 1005 4270 de
1027 4217 1143 4270 sancto
1159 4199 1302 4288 Albino,
1318 4216 1353 4270 et
1368 4200 1581 4270 medietatem
1595 4198 1808 4270 candelarum
1826 4201 1861 4270 in

283 4319 517 4413 purificatione
537 4336 658 4391 sanctae
675 4323 804 4392 Mariae.
820 4323 940 4392 Totam
959 4321 1121 4393 decimam
1134 4321 1315 4391 deAneuz.
1335 4320 1506 4415 Quicquid
1524 4323 1643 4390 Petrus
1654 4336 1787 4392 sanctus
1800 4322 1860 4388 ha·
1913 4357 1915 4366 =

284 4439 387 4508 bebat
402 4441 437 4507 in
454 4437 624 4510 oblatione
642 4439 797 4510 Ecclesiae
815 4441 858 4510 de
877 4441 1076 4538 Tranqueil,
1095 4457 1129 4511 et
1147 4456 1277 4535 partem
1298 4440 1435 4510 decimae
1450 4438 1598 4534 ejusdem
1617 4438 1694 4510 loci.
1715 4438 1862 4508 Tertiam
1995 4465 1999 4472 ·

285 4571 414 4652 partem
427 4557 572 4651 praefatae
584 4558 777 4650 oblationis,
789 4576 824 4632 ct
837 4586 972 4632 censum
984 4561 1076 4650 atrii,
1089 4576 1124 4630 et
1134 4561 1294 4653 majorem
1306 4573 1437 4654 partem
1450 4559 1588 4628 decimae
1597 4559 1639 4627 de
1649 4558 1858 4652 Parigniaco.

286 4675 462 4770 Quidquid
484 4676 614 4747 habetis
634 4678 670 4746 in
691 4678 828 4748 decimis
847 4679 889 4748 de
905 4677 1077 4768 Balbusia,
1101 4695 1135 4749 et
1155 4677 1245 4773 apud
1262 4691 1413 4748 sanctum
1437 4678 1581 4748 Pa'rrum
1602 4677 1637 4745 in
1661 4675 1797 4746 decimis
1820 4676 1863 4745 de

285 4795 471 4884 Quinceio‚
492 4812 527 4865 et
545 4797 634 4890 apud
653 4795 815 4868 Ulmellos
831 4798 914 4868 duas
929 4815 1041 4894 partes
1060 4798 1198 4869 decimae
1216 4798 1258 4867 de
1274 4795 1467 4892 Gurgiuolt.
1491 4794 1667 4890 Quidquid
1683 4794 1813 4864 habetis
1826 4797 1862 4863 in

288 4913 416 4984 decima
429 4914 471 4984 de
488 4915 680 5012 Villagruis.
701 4919 849 4988 Tertiam
866 4934 995 5014 partem
1011 4919 1149 4989 deeimae
1163 4917 1207 4988 de
1222 4917 1413 5014 Nogennio.
1436 4917 1609 4987 Decimam
1622 4939 1724 5014 quam
1734 4914 1863 4985 habetis

301 5251 303 5254 Ι
324 5182 331 5209 “
350 5182 406 5251 ray
419 5195 444 5235 et
458 5184 523 5252 lisy.
536 5211 562 5222 -
576 5183 586 5212 ⁸
598 5185 704 5253 latigny.
716 5213 744 5222 -
756 5186 766 5212 ⁸
777 5187 879 5238 Lisinec.
