4510 6108
407 627 479 703 516
1002 617 1130 694 PETlll
1156 613 1389 692 temnant

406 767 595 840 hominem
607 781 742 865 raptus,
759 779 799 837 ut
813 766 964 863 ipsemet
979 763 1120 860 ignoret
1135 776 1257 833 utrum
1273 761 1310 831 in
1327 758 1386 831 illa
1401 755 1616 830 sublimitate
1630 755 1856 829 revelationis
1867 758 1984 832 anima

405 888 481 984 ejus
497 887 534 957 in
551 910 703 983 corpore
721 883 843 974 fuerit,
862 908 909 956 an
930 897 1039 955 extra.
1065 885 1186 969 Quum
1209 879 1307 951 enim
1326 878 1502 950 Dominus
1518 877 1632 974 Moysi
1647 877 1818 973 quaerenti
1834 901 1918 948 eum
1936 879 1984 948 vi·

405 1005 490 1078 dere
506 1003 692 1103 respondit
707 1007 737 1075 ¹:
768 1033 785 1071 r<
807 993 887 1074 Non
908 1002 1045 1075 videbit
1061 1026 1119 1073 me
1140 999 1253 1071 homo
1271 1013 1307 1072 ct
1323 998 1436 1087 vivet,
1458 1025 1476 1064 a
1497 996 1659 1095 profecto
1675 1020 1784 1095 supra
1800 995 1983 1068 hominem

403 1123 509 1197 fuisse
521 1141 608 1198 tunc
624 1124 778 1213 videtur,
790 1123 852 1220 qui
863 1138 961 1195 tanta
971 1122 1110 1194 visione
1125 1122 1163 1192 in
1180 1119 1381 1192 coelestibus
1397 1113 1593 1207 fruebatur,
1608 1115 1670 1188 ubi
1685 1130 1786 1189 tanta
1797 1141 1834 1188 se
1845 1116 1982 1188 audisse

403 1261 680 1335 commemorat,
700 1269 779 1342 quae
794 1243 934 1315 homini
949 1243 1050 1341 loqui
1066 1267 1140 1313 non
1157 1240 1273 1314 liceat.

451 1369 596 1452 Quanto
613 1379 733 1437 autem
749 1363 800 1435 ibi
815 1363 1006 1461 perfectius
1022 1362 1215 1433 instructus
1233 1360 1316 1449 fuit,
1334 1372 1436 1431 tanto
1459 1356 1563 1429 nobis
1583 1355 1835 1456 perfectiorem
1856 1354 1983 1426 doctri·

402 1511 487 1559 nam
514 1487 668 1584 reliquit.
688 1489 776 1572 Quae
792 1484 939 1582 quidem
960 1481 1125 1554 doctrina
1144 1494 1320 1578 quantum
1340 1481 1473 1551 caeteris
1490 1478 1707 1577 preferatur,
1727 1501 1802 1548 non
1824 1475 1940 1548 solum
1961 1502 1980 1549 a
2101 1563 2104 1566 Ι

401 1606 618 1696 christianis,
637 1629 764 1677 verum
780 1619 817 1675 et
833 1628 854 1676 a
870 1601 1096 1702 philosophis
1110 1625 1185 1672 non
1202 1602 1399 1696 ignoratur.
1418 1605 1497 1697 Ipse
1513 1599 1647 1698 quippe
1662 1597 1890 1696 coapostolus
1909 1599 1981 1692 ejus

401 1742 508 1823 atque
525 1722 771 1823 apostolorum
788 1723 956 1821 princeps
972 1719 1070 1792 Pauli
1086 1719 1283 1816 Epistolus,
1301 1718 1337 1789 in
1354 1717 1484 1814 quibus
1499 1732 1620 1788 tamen
1637 1741 1675 1788 se
1693 1715 1909 1814 reprehendi
1920 1739 1980 1786 no-

400 1858 513 1933 verat,
531 1842 728 1942 plurimum
743 1839 1004 1913 commendans
1015 1843 1047 1910 ²:
1070 1867 1088 1906 o
1108 1843 1152 1908 Et
1168 1823 1260 1908 sicut
1277 1837 1493 1926 carissimus,
1515 1863 1534 1903 t>
1553 1835 1681 1934 inquit,
1701 1864 1720 1904 o
1740 1835 1848 1906 frater
1863 1850 1983 1906 noster

401 1963 529 2036 Paulus
546 1960 745 2034 secundum
762 1960 884 2033 datam
900 1959 968 2031 sibi
983 1958 1195 2056 sapientiam
1211 1956 1351 2054 scripsit
1375 1955 1490 2027 vobis.
1514 1984 1532 2022 »
1555 1956 1653 2026 Sicut
1669 1956 1707 2026 in
1730 1954 1899 2027 omnibus
1914 1957 1982 2053 epi·

400 2083 498 2155 stolis
514 2083 666 2180 loquens
684 2081 729 2152 de
744 2081 802 2152 his
817 2082 855 2152 in
872 2079 1002 2178 quibus
1022 2093 1107 2150 sunt
1127 2077 1291 2175 quaedam
1311 2075 1467 2148 diflicilia
1488 2074 1683 2166 intellectu,
1702 2101 1781 2174 quae
1796 2076 1933 2149 indocti
1948 2093 1980 2149 et

400 2201 582 2276 instabiles
598 2201 808 2299 depravant,
821 2200 956 2270 sicutot
967 2212 1110 2270 caeteras
1119 2197 1332 2295 Scripturas,
1348 2195 1394 2268 ad
1405 2221 1508 2268 suam
1523 2197 1686 2294 ipsorum
1699 2194 1977 2269 damnationem.

399 2323 492 2393 Hinc
507 2337 543 2393 et
558 2322 798 2418 Hieronymus
813 2317 1042 2390 Pammachio
1059 2317 1182 2390 scribit
1196 2320 1227 2388 ⁸:
1250 2345 1267 2385 α
1285 2317 1435 2389 Paulum
1456 2316 1658 2416 apostolum
1675 2319 1980 2416 quotienscunque

399 2441 498 2539 lego,
517 2442 644 2514 videor
660 2466 736 2513 non
757 2439 847 2512 mihi
863 2439 973 2513 verba
990 2438 1131 2529 audire,
1151 2439 1214 2510 sed
1231 2440 1402 2511 tonitrua.
1421 2443 1584 2526 Quantus
1601 2453 1721 2511 autem
1737 2453 1773 2511 et
1793 2439 1891 2538 apud
1906 2439 1981 2538 phi·

346 2635 352 2642 ,
399 2561 572 2660 losophos
587 2561 732 2635 habitus
747 2561 793 2633 sit
808 2561 871 2659 qui
886 2559 962 2656 ejus
977 2559 1034 2632 vel
1051 2558 1344 2657 praedicationem
1359 2558 1565 2649 audierant,
1584 2557 1641 2631 vel
1651 2560 1783 2658 scripta
1798 2560 1978 2650 viderant,
2035 2557 2037 2562 ’

400 2682 547 2779 insignis
563 2681 621 2752 ille
637 2697 712 2753 tam
728 2680 933 2780 eloquentia
957 2705 1068 2778 quam
1084 2678 1249 2751 moribus
1262 2682 1397 2751 Seneca
1417 2680 1454 2750 in
1476 2678 1633 2778 epistolis
1649 2703 1738 2778 quas
1763 2680 1810 2751 ad
1830 2704 1915 2751 eum
1934 2679 1983 2750 di·

399 2800 480 2896 rigit
496 2799 552 2871 his
561 2799 679 2872 verbis
694 2801 932 2898 protestatur⁴
946 2825 955 2869 :
973 2796 1139 2869 «Libello
1156 2812 1219 2869 tuo
1236 2797 1343 2886 lecto,
1357 2796 1404 2868 de
1412 2795 1575 2908 plurimis
1591 2795 1638 2868 ad
1653 2796 1838 2894 quosdam·
1844 2796 1977 2886 litteris,

399 2944 488 3017 quas
509 2918 556 2991 ad
572 2918 729 3017 aliquam
745 2920 926 2992 civitatem
942 2943 1004 2991 seu
1020 2918 1197 3017 populum
1213 2931 1322 3015 eaput
1337 2917 1530 3015 provinciae
1545 2916 1702 2989 direxisti
1717 2919 1808 2990 mira
1824 2917 1983 2990 exhorta·

399 3041 498 3112 tione
513 3041 625 3112 vitam
641 3040 831 3120 mortalem
848 3054 1139 3130 contemnentes,
1163 3061 1420 3137 usquequaque
1442 3037 1563 3109 refecti
1584 3063 1720 3112 sumus.
1740 3043 1840 3126 Quos
1860 3063 1981 3112 sensus

399 3185 474 3232 non
488 3176 577 3260 puto
594 3187 637 3233 ex
653 3178 689 3234 te
705 3161 838 3252 dictos,
852 3161 917 3234 sed
930 3176 1041 3261 perte
1059 3188 1067 3233 t
1084 3174 1180 3232 certe
1194 3147 1437 3258 aliquando'et
1453 3184 1495 3230 ex
1512 3173 1564 3249 te,
1580 3173 1617 3230 et
1632 3173 1761 3257 perte.
1778 3164 1891 3233 Tanta
1905 3175 1981 3232 ete-

400 3282 476 3352 nim
503 3283 666 3379 majestas
692 3307 816 3355 earum
841 3307 963 3354 rerum
987 3297 1061 3372 est,
1090 3295 1260 3379 tantaque
1286 3282 1522 3378 generositate
1552 3279 1704 3371 clarent,
1731 3297 1771 3352 ut
1792 3284 1851 3356 vix
1880 3281 1981 3355 suffe·

400 3415 518 3473 oturas
538 3416 662 3498 putem
682 3400 874 3474 hominum
895 3416 1034 3491 aetates»,
1054 3399 1183 3497 quibus
1199 3401 1336 3471 institui
1350 3399 1545 3499 perficique
1560 3401 1711 3499 possint.
1734 3429 1752 3468 >r
1772 3402 1932 3472 Meminit
1947 3415 1981 3471 et

400 3520 638 3616 Hieronymus
669 3520 776 3617 hujus
807 3520 922 3593 laudis
950 3524 1092 3592 Seneoae
1117 3544 1201 3617 erga
1224 3518 1373 3593 Paulum
1405 3523 1441 3593 in
1468 3520 1560 3593 libro
1585 3520 1627 3592 de
1650 3519 1843 3598 itionibus
1869 3525 1977 3609 Viris,

401 3662 480 3736 cap.
500 3665 563 3728 xu,
582 3640 631 3711 ita
647 3639 828 3712 scribens⁸
847 3669 855 3712 ε
877 3669 894 3709 «
915 3641 1043 3712 Lucius
1059 3645 1211 3713 Annaeus
1227 3643 1361 3714 Seneca
1377 3640 1619 3714 Cordubensis
1634 3643 1751 3714 fotini
1766 3644 1869 3716 stoici
1885 3643 1981 3716 disci·

401 3757 507 3856 pulus
527 3773 563 3830 et
578 3773 726 3857 patruus
747 3762 881 3833 Lucani
901 3775 1033 3860 poetae,
1052 3761 1369 3834 continentissimae
1384 3762 1464 3834 vitae
1479 3762 1561 3852 fuit,
1581 3787 1689 3860 quem
1715 3789 1790 3837 non
1811 3789 1981 3864 ponerem

400 3879 438 3948 in
459 3877 622 3974 catalogo
638 3895 862 3970 sanctorum,
881 3881 949 3952 nisi
966 3906 1024 3953 me
1044 3879 1202 3980 epistolae
1224 3881 1292 3953 illae
1315 3897 1554 3980 provocarent
1574 3907 1653 3982 quae
1676 3883 1842 3981 leguntur
1868 3911 1890 3958 a
1910 3886 1983 3984 plu-

400 3996 499 4067 rimis
514 3996 612 4070 Pauli
628 3997 674 4070 ad
691 4002 880 4090 Senecam,
898 3999 956 4071 vel
972 4001 1115 4072 Senecae
1131 3999 1177 4072 ad
1192 4001 1353 4074 Paulum.
1372 4007 1412 4073 ln
1429 4002 1581 4101 quibus,
1599 4028 1713 4100 quum
1728 4020 1819 4076 esset
1836 4007 1983 4078 Neronis

401 4118 579 4214 magister,
599 4133 634 4190 et
654 4118 746 4191 illius
766 4120 939 4218 temporis
959 4120 1243 4218 potentissimus,
1270 4136 1396 4220 optare
1422 4148 1460 4193 se
1485 4121 1571 4195 dicit
1596 4147 1672 4195 esse
1697 4123 1772 4220 ejus
1792 4123 1862 4196 loci
1888 4125 1982 4224 apud

401 4261 501 4327 suos,
521 4239 621 4334 cujus
637 4239 681 4310 sit
698 4239 827 4311 Paulus
844 4239 941 4338 apud
957 4239 1191 4312 Christianos.
1208 4269 1226 4308 »
1243 4245 1398 4340 Tempus
1415 4267 1485 4332 me,
1510 4243 1648 4333 fratres,
1666 4243 1851 4334 deficeret,
1871 4248 1901 4317 si
1920 4271 1983 4344 per

402 4355 540 4452 singula
548 4355 693 4429 laudem
702 4358 801 4430 Pauli
817 4382 1038 4457 prosequens
1048 4358 1179 4430 virium
1188 4381 1350 4431 mearum
1362 4360 1565 4434 facultatem
1575 4361 1745 4434 excedere
1755 4387 1978 4460 praesumam.

402 4476 473 4547 Sed
501 4478 586 4573 quia
616 4478 789 4576 scriptum
811 4481 915 4551 est⁸2
943 4508 961 4549 r<
980 4480 1016 4550 Si
1037 4479 1126 4576 quid
1146 4478 1330 4552 residuum
1351 4481 1469 4574 fuerit,
1487 4484 1562 4580 igni
1585 4482 1839 4575 comburatur,
1868 4514 1885 4553 o
1907 4490 1981 4556 Deo

402 4610 527 4667 caetera
547 4597 807 4696 relinquamus,
830 4614 866 4670 et
882 4598 929 4672 ad
946 4601 1135 4673 missarum
1160 4599 1334 4674 solemnia
1350 4627 1457 4705 super
1477 4602 1532 4676 his
1548 4603 1705 4677 hostiam
1721 4603 1836 4676 laudis
1853 4607 1980 4678 immo·

402 4713 506 4788 laturi
523 4741 590 4789 nos
605 4742 856 4818 praeparemus.

438 4925 445 4952 ¹
459 4928 555 4990 Esou,
567 4928 919 4997 cap.xxxur,r.20.-'Petr.
930 4933 1008 4996 Epist.
1019 4931 1058 4993 ff,
1069 4945 1125 4999 cap.
1135 4911 1179 4996 ur,
1212 4934 1242 4985 ad
1256 4934 1362 5002 aliquam
1373 4936 1494 4988 civitatem
1504 4974 1512 4999 ,
1523 4954 1566 4989 seu
1580 4949 1653 5005 caput
1665 4937 1797 5007 provincio
1808 4937 1956 4989 u'rextut....
1967 4955 1982 4980 ν

404 5026 427 5058 V·
443 5011 482 5059 ¹⁶·
493 5035 525 5047 ·
537 5011 548 5038 ⁸
558 5011 636 5077 ΕΡῑίῑ-
649 5030 716 5076 ¹¹¹,
729 5015 791 5078 ΟΡΡ·
806 5025 823 5065 t.
838 5013 879 5076 lv·
892 5025 956 5082 part.
967 5016 1003 5074 ll,
1018 5016 1066 5068 col.
1079 5018 1172 5066 236.-
1211 5019 1311 5072 Seneca
1323 5031 1347 5070 et
1358 5021 1423 5071 Pauli
1433 5021 1505 5086 epist.
1516 5023 1579 5072 r.-'
1592 5021 1914 5090 opp.t.tV‚pm.11‚cot.
1926 5021 1978 5068 1⁰⁶·

404 5090 414 5119 ⁴
428 5093 476 5144 lsta
487 5093 554 5145 locas
565 5095 602 5146 sic
612 5097 776 5149 restituendus
789 5109 843 5149 est:
856 5117 869 5145 ι
880 5098 974 5153 Libello
993 5111 1035 5151 tuo
1053 5101 1133 5163 lecto,
1147 5101 1173 5152 id
1212 5131 1243 5144 -
1256 5105 1370 5165 Ἐνυὼ,
1382 5119 1438 5172 cap.
1448 5121 1482 5158 ιιι
1491 5143 1499 5168 ,
1509 5123 1532 5158 r.
1547 5107 1586 5157 to.

403 5169 439 5228 eit
455 5194 529 5245 quum
543 5180 684 5246 legissemus
695 5181 727 5233 de
738 5183 849 5249 plurimis
860 5185 953 5252 aliquas
967 5185 1097 5251 epistolas,
1112 5202 1172 5252 quar
