4536 6102
471 605 541 674 sss
618 581 628 596 ‘
1069 603 1193 678 curru
1220 601 1452 681 instruor

468 746 669 843 adjutorem
684 751 705 836 ¹,
724 733 832 844 quem
848 746 908 818 hic
924 746 1169 822 fidelissimum
1185 749 1358 822 habuistis
1382 767 1672 849 procuratorem
1694 755 1754 820 ut'
1765 750 1828 848 qui
1844 751 1881 820 in
1898 744 2045 820 minimo

467 865 609 938 fidelem
630 893 668 938 so
691 867 840 966 praebuit
861 869 1084 964 ministrum,
1112 873 1149 943 in
1172 872 1307 967 majore
1332 870 1538 942 ultroneum
1558 896 1595 942 se
1619 883 1793 968 praeparet
1817 868 2041 940 advocatum.

467 986 575 1070 Quod
591 1001 692 1058 tanto
710 987 844 1059 facilius
860 990 932 1059 suis
949 988 1045 1086 apud
1062 990 1259 1061 Dominum
1283 991 1417 1062 meritis
1443 989 1637 1078 obtinebit,
1656 1003 1792 1086 quanto
1808 988 1885 1084 ejus
1900 988 2044 1082 gratiam

468 1104 641 1199 majorem
666 1105 831 1203 adeptuS,
860 1131 1003 1178 summo
1028 1107 1207 1180 sacerdoti
1232 1109 1370 1206 primus
1393 1108 1569 1181 diaconus
1593 1108 1723 1180 meruit
1752 1106 1910 1202 adjungi.
1942 1106 2045 1201 Cujus

357 1291 362 1302 .
467 1251 612 1323 quoque
637 1229 755 1324 passio
777 1243 913 1299 tantam
930 1229 1104 1326 privilegii
1121 1244 1226 1301 nacta
1242 1245 1295 1301 est
1317 1231 1583 1319 auctoritatem,
1607 1244 1646 1300 ut
1668 1229 1744 1301 sola
1766 1228 1843 1325 ipsa
1866 1227 2045 1298 canonicis
2082 1297 2087 1311 ,

467 1349 599 1420 inserta
612 1349 812 1447 scripturis,
836 1350 1005 1421 eumdem
1028 1349 1194 1422 habuerit
1210 1350 1441 1448 scriptorem,
1464 1375 1573 1449 quem
1593 1365 1630 1424 et
1647 1349 1842 1422 dominica.
1866 1355 2046 1446 Tanquam

467 1469 681 1566 apocryphae
690 1470 873 1567 passiones
888 1468 1134 1568 apostolorum
1145 1469 1391 1568 repudiantur,
1405 1485 1440 1542 et
1450 1473 1562 1553 exitus
1577 1472 1767 1544 dominicae
1778 1473 1900 1544 matris
1912 1485 2045 1542 certum

468 1613 509 1659 ex
535 1591 708 1686 scriptore
729 1589 873 1660 titulum
900 1615 974 1661 non
1000 1588 1121 1662 habet.
1148 1590 1229 1661 Sola
1254 1606 1307 1662 est
1323 1590 1602 1688 protomartyris·
1618 1592 1736 1688 passio
1758 1589 1952 1686 evangelici
1967 1590 2046 1660 scri-

467 1711 598 1806 ptoris³
614 1710 705 1806 stylo
722 1711 908 1805 insignita,
927 1723 1054 1784 ettam
1071 1709 1258 1806 diligenter
1275 1710 1465 1809 descripta,
1481 1726 1522 1782 ut
1537 1726 1612 1784 tam
1627 1711 1665 1781 in
1681 1735 1746 1786 sua
1760 1734 1869 1808 quam
1880 1711 1917 1782 in
1935 1725 2044 1781 vestra

468 1830 573 1902 laude
601 1830 773 1904 abundet.
795 1832 922 1903 Statim
939 1831 1072 1929 quippe
1088 1846 1170 1929 post
1185 1831 1399 1903 electionem
1424 1833 1499 1927 ejus
1524 1846 1561 1903 et
1582 1847 1791 1903 ceterorum
1815 1831 1863 1904 ad
1888 1831 2044 1928 obsequii

469 1951 575 2021 vestri
591 1950 840 2036 diaconatum,
859 1948 1090 2045 subjunctum
1106 1950 1255 2045 legimus
1268 1977 1276 2020 z
1291 1949 1520 2048 «Stephanus
1533 1965 1653 2022 autem
1670 1951 1796 2048 plenus
1812 1951 1925 2046 gratia
1935 1965 1970 2022 et
1981 1951 2046 2020 lor·

469 2071 621 2142 titudine
638 2070 789 2143 faciebat
805 2071 969 2169 prodigia
984 2086 1019 2142 et
1034 2072 1134 2167 signa
1153 2095 1282 2167 magna
1301 2072 1338 2141 in
1356 2071 1506 2169 populo.
1521 2101 1538 2139 u
1553 2072 1650 2160 Quid
1665 2071 1750 2161 hoc,
1766 2071 1931 2159 obsecro,
1949 2071 2045 2142 vobis

470 2193 649 2288 dignitatis
666 2194 833 2289 acquirit,
858 2191 959 2290 quod
980 2217 1055 2263 non
1072 2207 1155 2263 ante
1175 2207 1379 2290 susceptum
1401 2193 1611 2266 diaconatus
1631 2192 1789 2265 officium
1806 2193 1862 2264 his
1879 2193 2044 2290 prodigiis

470 2327 504 2381 et
520 2312 628 2406 signis
640 2311 860 2409 Stephanum
876 2308 1097 2407 magnificari
1105 2315 1216 2382 Lucas
1229 2327 1503 2400 commemorat,
1516 2313 1580 2383 sed
1595 2313 1715 2384 statim
1726 2327 1808 2410 post
1823 2310 1949 2408 bujus⁸
1959 2337 2046 2384 curae

470 2430 734 2526 susceptionem
754 2430 844 2500 :nisi
862 2444 902 2500 ut
917 2431 1044 2504 innuat
1057 2428 1130 2501 hoc
1143 2429 1275 2501 avobis
1291 2431 1460 2502 meritum
1475 2432 1701 2528 processisse,
1713 2445 1754 2502 ut
1765 2455 1840 2528 quo
1852 2455 1890 2502 se
1903 2429 2063 2528 amplius·

472 2547 538 2618 sub
554 2547 743 2620 infirmiori
760 2573 844 2619 sexu
862 2548 1069 2621 famulando
1083 2548 1300 2639 humiliaret,
1320 2549 1473 2649 amplius
1488 2549 1574 2620 hinc
1586 2573 1669 2620 eum
1683 2549 1858 2622 Dominus
1871 2549 2044 2633 exaltaret,

472 2684 507 2738 et
523 2669 560 2739 in
576 2667 650 2758 his,
669 2693 748 2766 quae
764 2684 979 2766 sequuntur,
997 2669 1131 2741 eaeteris
1149 2667 1378 2740 excellentior
1393 2669 1523 2740 sanctis
1540 2669 1748 2766 appareret?
1762 2671 1816 2739 De
1831 2693 1905 2765 quo
1922 2684 1958 2739 et
1972 2666 2047 2739 sub·

473 2790 581 2879 ditur,
596 2789 696 2886 quod
712 2815 825 2886 quum
841 2806 989 2888 propter
1005 2791 1252 2889 prodigiorum
1267 2805 1303 2862 et
1320 2790 1506 2887 signorum
1521 2789 1806 2886 magnitudinem
1821 2790 1914 2862 serre
1931 2790 2048 2862 adver·

364 2939 368 2950 ·
472 2911 553 2986 sarii
571 2933 653 2983 eum
675 2935 749 2980 non
767 2924 934 3006 possent,
952 2909 998 2980 de
1014 2909 1161 2982 diversis
1180 2911 1215 2980 in
1235 2933 1319 2982 eum
1334 2911 1523 3006 synagogis
1539 2925 1575 2981 et
1589 2909 1676 2982 locis
1692 2909 1964 2998 convenientes,
1981 2923 2047 2980 tam

472 3029 590 3102 verbis
606 3054 716 3127 quarn
733 3029 833 3102 lactis
850 3029 1049 3100 mirabilem
1066 3030 1309 3101 invenerunt⁸.
1329 3033 1451 3116 Quum
1468 3030 1565 3100 enim
1580 3029 1805 3127 praemisisset
1815 3027 2045 3124 evangelista:

476 3179 493 3216 u
511 3149 713 3248 Stephanus
729 3165 849 3222 autem
865 3150 991 3249 plenus
1008 3151 1119 3247 gratia
1135 3165 1170 3222 et
1186 3148 1395 3221 fortitudine
1412 3149 1564 3222 faciebat
1579 3149 1743 3249 prodigia
1759 3163 1794 3220 et
1809 3149 1911 3244 signa
1926 3171 2046 3244 magna

474 3273 511 3344 in
527 3271 681 3370 populo,
698 3299 715 3338 u
735 3270 875 3366 adjecit,
895 3286 1002 3368 atque
1018 3273 1085 3342 ait⁸
1105 3299 1112 3342 :
1135 3300 1153 3338 κ
1168 3273 1403 3342 surrexerunt
1418 3281 1538 3344 autem
1556 3270 1704 3368 quidam
1721 3270 1766 3341 de
1783 3294 1964 3367 synagoga
1977 3293 2050 3367 que

475 3390 672 3487 appellatur
693 3389 973 3476 Libertinorum,
1003 3406 1038 3462 et
1063 3391 1338 3486 Cyrenensium,
1363 3405 1399 3461 et
1419 3389 1759 3479 Alexandrinorum,
1777 3405 1975 3478 eteorum,
1992 3389 2050 3486 qul

476 3523 577 3578 erant
593 3534 613 3579 a
630 3508 752 3579 Cilicia
778 3523 813 3579 et
836 3510 932 3598 Asia,
960 3509 1182 3607 disputantes
1203 3533 1287 3581 cum
1309 3508 1491 3608 Stephano
1517 3525 1579 3581 :et
1599 3533 1674 3581 non
1701 3523 1871 3608 poterant
1895 3511 2051 3580 resistere

476 3626 655 3723 sapientiae
671 3641 707 3697 et
720 3625 878 3734 Spiritui,
893 3628 954 3723 qui
970 3624 1196 3724 loquebatur.
1213 3655 1231 3694 ιι
1252 3627 1354 3699 Unde
1371 3628 1466 3699 illico
1482 3627 1687 3736 tam-verbis
1701 3628 1812 3726 ipsius
1829 3649 1941 3723 quam
1956 3627 2052 3696 mira·

476 3743 564 3816 culis
580 3746 730 3843 amplius
746 3745 932 3836 confutati,
947 3762 983 3818 et
997 3746 1243 3819 vehementius
1260 3749 1296 3818 in
1318 3772 1402 3819 eum
1417 3747 1589 3820 commoti
1610 3747 1707 3818 labis
1719 3760 1846 3816 contra
1862 3769 1947 3816 eum
1965 3745 2054 3816 testi·

477 3865 545 3936 bus
560 3865 785 3956 introductis,
804 3871 1094 3940 commoveruntl
1110 3867 1266 3964 plebem,
1288 3882 1324 3938 et
1340 3867 1512 3956 seniores,
1530 3881 1566 3938 et
1582 3865 1729 3954 scribas,
1748 3879 1788 3936 ut
1804 3877 2054 3938 concurrentes

478 4003 643 4085 raperent
663 4012 763 4078 eum,
786 4001 822 4059 et
843 3988 1026 4060 traherent
1047 3989 1084 4060 in
1106 3989 1317 4077 concilium,
1336 4002 1376 4059 ut
1395 3988 1446 4060 dc·
1454 3987 1676 4087 blasphemia
1693 3985 1819 4058 saltem
1835 3987 1872 4056 in
1890 3988 2004 4055 Deum
2019 3996 2053 4054 et

478 4111 673 4206 Moysema
690 4108 783 4180 falsis
799 4108 947 4180 testibus
972 4109 1005 4180 ei
1025 4108 1166 4205 objecta
1187 4133 1269 4180 reus
1290 4107 1567 4204 adjudicaretur.
1590 4105 1699 4194 Quod
1719 4105 1868 4204 quidem
1888 4127 1964 4176 non
1982 4118 2055 4174 tam

478 4254 542 4325 per
557 4253 683 4300 eorum
700 4228 883 4318 malitiam,
900 4253 1010 4326 quarn
1023 4253 1088 4327 per
1104 4227 1409 4326 dispensationem
1427 4227 1600 4316 divinam,
1618 4241 1659 4297 ut
1674 4225 1712 4296 in
1729 4223 1899 4296 omnibus
1910 4221 2055 4294 militem

477 4373 582 4420 suum
598 4353 693 4420 Deus
709 4347 933 4444 glorificaret,
947 4363 1110 4448 patenter
1124 4348 1275 4421 historia
1290 4347 1409 4420 docet.
1426 4345 1529 4419 Unde
1545 4361 1581 4418 et
1596 4371 1708 4444 quum
1722 4346 1895 4442 scriptum
1904 4345 1961 4434 sit,
1974 4342 2058 4439 quia

481 4494 497 4532 u
519 4482 772 4538 concurrentes
788 4483 984 4565 rapuerunt
999 4492 1100 4559 eum,
1123 4484 1159 4540 et
1179 4467 1405 4540 adduxerunt
1420 4468 1458 4540 in
1477 4466 1670 4538 concilium
1684 4459 1700 4553 ,'
1713 4493 1732 4534 ιι
1750 4489 1826 4536 non
1842 4479 1918 4536 tam
1933 4463 1967 4534 vi
1992 4459 2059 4532 ad-

479 4585 626 4658 ductum
639 4589 650 4626 ⁸
665 4611 774 4684 quam
790 4589 937 4685 propria
951 4588 1155 4660 voluntate⁹
1170 4613 1255 4660 eum
1274 4587 1516 4684 intelligimus.
1535 4586 1691 4685 Cupiens
1708 4585 1807 4658 enirn
1827 4581 1996 4668 dissolvi,
2023 4595 2058 4648 et

479 4729 557 4777 esse
570 4730 653 4784 eum
668 4697 822 4796 Christo,
840 4708 904 4804 qui
920 4707 965 4780 ad
983 4711 1125 4780 Patrem
1134 4709 1227 4783 atu:
1250 4735 1268 4776 u
1284 4707 1394 4796 Volo,
1408 4721 1522 4804 pater,
1542 4719 1582 4776 ut
1597 4703 1755 4775 ubisum
1769 4725 1852 4796 ego,
1870 4697 1945 4770 illic
1961 4697 2010 4768 sit
2025 4711 2062 4766 et

515 4951 522 4976 ¹
540 4953 626 5003 Omnes
638 4957 734 5004 arrimce.
749 4979 768 4991 -
781 4955 886 5018 speretis
899 4957 1034 5020 adjutorem
1045 4955 1133 5006 desunt
1143 4954 1167 5004 in
1181 4953 1243 5004 God.
1285 4955 1345 5004 nt).
1358 4979 1386 4989 -
1399 4951 1409 4979 '
1421 4952 1505 5016 loun,
1520 4967 1577 5018 cap.
1589 4967 1639 5014 ιιι,
1650 4965 1675 5000 ιι.
1689 4951 1721 4998 26
1741 4947 1791 4999 ttS.
1805 4947 1872 4997 Eius.
1882 4943 1976 4996 -lllico
1990 4958 2064 4994 σοι·

482 5035 593 5088 llius—¹
606 5037 655 5088 18.
665 5039 751 5090 Eius·
763 5040 794 5090 Ut
804 5041 907 5106 deestin
916 5041 974 5092 edit.
987 5039 1104 5090 hmb.—¹
1114 5039 1164 5090 ttS.
1175 5038 1245 5089 llius.
1284 5048 1407 5089 ιιιουιιιιιιι
1428 5037 1468 5088 ed.
1494 5034 1563 5086 hrrrb.
1581 5032 1694 5085 -'.l{S.
1714 5031 1919 5084 Eine-Auctore
1937 5025 2015 5078 Amb.
2033 5051 2067 5063 -

482 5147 499 5162 ·
511 5122 607 5184 scripti.
617 5123 689 5172 hmb.
699 5151 730 5160 -
741 5121 808 5174 llis.
819 5123 991 5189 Sina-Hujus
1007 5124 1076 5174 deest
1088 5126 1114 5174 in
1123 5123 1164 5174 ed.
1175 5121 1247 5173 amb.
1289 5120 1426 5172 'latentur
1443 5123 1478 5172 erl
1487 5123 1584 5172 ductum
1594 5117 1619 5170 irr
1629 5115 1668 5169 ed.
1681 5115 1752 5168 hmb.
1765 5143 1792 5152 -
1807 5113 1827 5144 '⁶
1837 5114 1923 5174 loun,
1938 5125 1997 5178 etp.
2014 5127 2065 5170 ιιι,

488 5233 513 5247 *-
523 5205 534 5233 “
544 5205 595 5260 tis,
607 5205 675 5258 llius.
688 5233 706 5248 -
719 5209 853 5261 invement
865 5208 911 5260 Ed.
921 5208 992 5260 rlrrrb.
1003 5235 1031 5247 -
1041 5207 1051 5236 ⁸
1063 5210 1130 5270 Aca,
1141 5223 1197 5274 cap.
1209 5223 1248 5269 u,
1291 5223 1315 5258 v.
1332 5207 1375 5257 ²⁰.
