4486 6100
473 631 546 714 272
990 623 1216 698 llELOlSSAE
1239 625 1535 700 ettontnttatt

1013 845 1196 892 ettonem
1218 797 1386 894 molSOE
1411 846 1495 892 ull.

520 970 616 1060 Quid
634 985 688 1042 est
707 969 795 1042 illud
812 972 849 1042 in
866 970 1030 1042 Mattbaeo
1041 970 1088 1044 de
1109 971 1182 1044 fide
1200 974 1419 1049 centurionis
1437 973 1593 1070 rogantis
1608 996 1675 1070 pro
1689 975 1831 1044 serro¹2
1854 999 1874 1038 α
1894 969 2042 1042 Audiem

471 1107 590 1162 autem
611 1093 730 1180 Iesus,
747 1091 895 1162 miratus
909 1105 986 1180 est,
1006 1105 1042 1162 et
1059 1090 1289 1188 sequentibus
1307 1117 1346 1166 se
1367 1092 1477 1163 dixit:
1495 1121 1513 1158 ι(
1529 1097 1639 1164 Amen
1655 1090 1738 1162 dioo
1755 1090 1876 1178 vobis,
1898 1115 1973 1162 non
1992 1093 2041 1160 in-

448 1311 450 1316 ·
473 1241 490 1298 t«
506 1213 586 1282 veni
600 1225 735 1282 tantm
747 1210 855 1284 fidem
871 1212 907 1282 in
925 1210 1054 1284 lsrael?
1072 1239 1090 1276 »
1105 1215 1185 1282 Non
1196 1213 1293 1284 enim
1306 1210 1441 1310 eliquid
1452 1212 1572 1284 mirari
1584 1209 1765 1300 dicuntur,
1779 1211 1848 1282 nisi
1860 1211 1924 1307 qui
1935 1211 2044 1307 inspe-

475 1345 587 1402 ratum
604 1330 738 1428 aliquid
760 1330 920 1404 accidere
945 1331 1087 1420 vident,
1106 1331 1205 1428 quod
1223 1332 1423 1404 nullatenus
1438 1348 1649 1404 eventurum
1668 1346 1772 1404 antee
1789 1329 1967 1418 sciebant,
1994 1330 2043 1400 vel

473 1447 675 1520 credebant.

1075 1580 1210 1651 Solum
1233 1551 1428 1651 Abaetzrdt}

519 1727 664 1799 Miratus
680 1751 756 1799 esse
773 1727 917 1818 dicitur,
940 1730 1024 1827 quia
1044 1729 1195 1802 similem
1214 1731 1358 1801 miranti
1376 1754 1415 1802 se
1433 1729 1533 1817 secit3
1549 1704 1621 1800 vel’
1637 1729 1720 1825 quia
1734 1727 1853 1798 mirari
1870 1725 1959 1798 alios
1972 1725 2046 1797 fecit

471 1846 518 1918 de
536 1845 607 1920 fide
620 1849 862 1948 centurionis,
874 1873 982 1947 quem
998 1851 1036 1920 in
1051 1863 1189 1921 tantum
1206 1847 1342 1921 extulit.

1010 2046 1192 2094 ettonnm
1216 2045 1384 2092 HELOESSAE
1408 2044 1507 2090 xxm.

519 2172 616 2260 Quid
632 2185 686 2243 est
698 2170 786 2244 illud
798 2173 835 2242 in
847 2176 954 2244 Laron·
969 2201 976 2240 ε
999 2203 1017 2242 u
1033 2175 1281 2270 omnipotenti
1293 2172 1430 2261 tribue,
1446 2186 1483 2244 et
1496 2173 1560 2268 qui
1577 2170 1703 2260 attint,
1722 2193 1802 2267 quae
1813 2185 1873 2242 tua
1890 2186 1991 2260 sunt,
2006 2195 2050 2242 ne

474 2292 639 2391 repellis?
661 2322 680 2358 u

1085 2421 1220 2494 Soluotr
1243 2420 1435 2494 Aboelardi.

522 2579 643 2661 Quum
662 2575 728 2663 ait,
748 2602 766 2639 u
785 2571 919 2663 tribue,
939 2601 956 2640 u
976 2599 1050 2646 non
1066 2574 1267 2670 subjunxit,
1287 2572 1376 2645 illud
1394 2571 1493 2670 quod
1512 2573 1622 2670 petit:
1643 2571 1707 2644 sed
1723 2573 1758 2643 in
1776 2571 1847 2642 boo
1858 2573 1977 2643 innuit
1992 2595 2051 2642 ne·

474 2699 607 2768 minem
625 2709 804 2793 petentem
824 2720 890 2767 nos
905 2719 1058 2768 vacuum
1074 2722 1095 2768 a
1110 2697 1210 2768 dono
1224 2697 1421 2785 dimittere,
1440 2711 1479 2767 ut
1491 2695 1615 2766 saltem
1630 2697 1666 2765 in
1682 2709 1802 2765 nostra
1820 2695 2053 2792 responsione

474 2839 541 2886 nos
563 2815 816 2886 convenienter
833 2815 1057 2904 excusando,
1077 2841 1152 2887 non
1177 2815 1277 2888 illum
1302 2814 1534 2904 exacerbare,
1551 2815 1614 2886 sed
1632 2816 1775 2886 caritate
1798 2815 1835 2883 in
1857 2837 1901 2884 eo
1918 2813 2055 2885 studea·

475 2958 555 3004 mus
572 2931 745 3005 aedificare
760 2962 768 3003 :
785 2949 823 3005 ut
838 2933 969 3006 blanda
988 2936 1042 3007 vel
1064 2937 1281 3008 conveniens
1299 2937 1502 3034 responsio,
1524 2934 1669 3032 aliquod
1694 2935 1738 3004 sit
1762 2933 1880 3030 gratiae
1899 2933 2052 3004 donum.

478 3083 495 3119 a
506 3057 580 3123 Tua
590 3077 635 3124 ne
648 3068 797 3151 repetas,
806 3081 824 3121 a
833 3054 904 3126 boc
915 3071 980 3144 est,
992 3057 1075 3154 quia
1085 3071 1147 3127 tua
1157 3071 1251 3146 sunt,
1266 3071 1304 3127 ut
1313 3056 1349 3126 in
1361 3071 1396 3127 te
1406 3055 1568 3126 videlicet
1577 3055 1811 3154 potiusquam
1821 3055 1857 3125 in
1866 3057 2056 3154 Deorepe·

476 3175 609 3246 titionis
618 3172 726 3244 finem
734 3176 938 3248 constituas.
949 3180 1029 3247 Non
1040 3178 1135 3248 enim
1146 3175 1330 3274 religiosus
1343 3175 1531 3264 excedit,si
1539 3199 1610 3272 qua
1620 3173 1685 3245 sibi
1696 3173 1900 3271 oblataquae
1907 3191 2058 3274 propter

475 3297 591 3366 Deum
605 3293 828 3391 possidebat,
845 3311 989 3396 propter
1000 3297 1117 3394 ipsum
1131 3311 1267 3396 repetat
1275 3299 1298 3385 ⁸,
1317 3311 1353 3366 et
1371 3294 1428 3366 illa
1447 3296 1483 3366 in
1497 3293 1614 3364 bonos
1625 3320 1710 3365 usus
1721 3291 1917 3391 expendat,
1935 3308 1973 3364 et
1985 3295 2060 3364 vio·

475 3413 815 3487 lentorumlibereta
829 3417 964 3514 rapina.
981 3422 1069 3488 Nam
1082 3431 1116 3488 et
1126 3441 1240 3514 quum
1252 3416 1289 3486 in
1303 3417 1467 3514 proximo
1478 3415 1688 3514 supponit⁸:
1708 3443 1726 3481 u
1741 3417 1783 3485 Et
1797 3413 1979 3510 sidiligitis
1996 3439 2061 3486 eos

475 3533 537 3630 qui
555 3558 619 3604 vos
631 3531 796 3632 diligunt,
816 3539 891 3607 etsi
904 3536 995 3609 bene
1009 3536 1160 3608 feceritis
1173 3537 1223 3607 eis
1240 3535 1302 3632 qui
1315 3535 1406 3608 bene
1420 3533 1553 3606 faciunt
1570 3533 1671 3605 vobis
1685 3563 1694 3603 ε
1709 3559 1788 3632 quae
1802 3532 1904 3604 vobis
1916 3550 1971 3606 est
1983 3559 2062 3632 gra·

475 3653 543 3725 tia?
561 3683 580 3720 >r
596 3659 715 3742 Quum
729 3655 834 3727 dicit:
853 3687 871 3723 u
886 3657 957 3744 Qui
965 3681 1029 3728 vos
1041 3655 1209 3753 diligunt,
1227 3684 1245 3722 n
1256 3653 1369 3728 simile
1381 3669 1434 3726 est
1445 3655 1499 3726 ei:
1518 3685 1536 3721 α
1553 3659 1603 3725 Ne
1615 3669 1752 3752 repetas
1765 3678 1844 3751 quae
1853 3669 1913 3726 tua
1925 3670 2029 3744 sunt,
2044 3686 2061 3720 u

474 3773 546 3845 hoo
558 3790 630 3865 est,
653 3777 736 3873 quia
753 3801 817 3848 vos
829 3776 980 3874 diligunt
997 3779 1105 3866 sicut,
1124 3777 1209 3873 quia
1226 3791 1288 3847 tua
1310 3791 1404 3847 sunt.
1429 3774 1592 3872 Alioquin
1609 3776 1773 3872 iniquum
1787 3790 1878 3848 esset
1894 3800 1972 3846 non
1993 3801 2063 3848 nos

475 3894 619 3992 diligere
638 3920 699 3968 eos
717 3921 739 3968 a
755 3896 885 3994 quibus
910 3896 1108 3996 diligimur,
1128 3921 1241 3993 quum
1260 3920 1387 3968 omnes
1399 3895 1546 3992 diligere
1563 3896 1809 3994 praecipiamur
1827 3923 1836 3966 ε
1856 3921 1922 3967 nec
1940 3898 2067 3995 ipsum

475 4017 600 4104 etiam,
620 4016 682 4113 qui
704 4040 770 4088 nos
790 4016 922 4115 diligit,
940 4021 1075 4105 Deum,
1100 4019 1190 4089 sicut
1201 4019 1351 4116 ipsemet
1363 4017 1450 4087 ait':
1471 4045 1489 4082 u
1509 4019 1583 4112 Ego
1602 4014 1807 4112 diligentem
1822 4041 1880 4090 me
1891 4016 2028 4115 diligo,
2049 4049 2067 4084 u

476 4161 583 4232 quem
600 4137 719 4235 potius
734 4152 882 4236 propter
894 4137 1030 4236 ipsum,
1045 4136 1130 4234 quia
1147 4161 1286 4208 summe
1303 4135 1503 4225 bonusest,
1518 4137 1741 4235 quamquod
1758 4136 1862 4208 nobis
1875 4137 1974 4208 utilis
1997 4153 2068 4226 est,

475 4279 615 4326 summo
638 4279 760 4326 amore
781 4255 953 4328 debemus
976 4256 1134 4353 diligere.
1156 4259 1237 4327 ttaec
1258 4270 1311 4326 est
1329 4254 1492 4326 ordinata
1515 4255 1659 4346 caritaS,
1684 4272 1723 4327 ut
1743 4281 2069 4355 unumquemque,

474 4390 582 4473 prout
595 4373 722 4446 melior
737 4399 778 4445 ac
794 4375 936 4472 dignior
947 4391 1016 4464 est,
1031 4375 1080 4448 ob
1092 4375 1164 4448 hoo
1180 4375 1331 4474 amplius
1348 4374 1553 4470 diligamus3
1573 4374 1645 4447 hoc
1663 4391 1736 4466 est,
1760 4392 1799 4447 ut
1816 4377 1848 4450 ei
1870 4375 2005 4450 melius
2024 4379 2075 4450 sit

475 4495 740 4584 desideremus,
760 4497 850 4567 sicut
863 4512 897 4568 et
912 4497 1048 4592 justum
1066 4512 1129 4568 est.
1244 4541 1247 4548 »

1016 4709 1198 4758 ettonnntts
1222 4709 1389 4758 nnmtaetn
1415 4711 1511 4756 xxtv.

522 4843 716 4932 Quomodo
732 4845 818 4918 dicit
829 4848 1023 4920 Dominus*
1040 4874 1048 4916 :
1068 4877 1086 4916 κ
1103 4851 1182 4917 Non
1196 4845 1295 4943 quod
1317 4846 1423 4918 intrat
1440 4847 1477 4916 in
1496 4869 1538 4918 os
1551 4846 1759 4944 ooinquinat
1772 4845 1984 4935 bominem,
2005 4820 2090 4919 sed'

508 5073 516 5098 ⁶
535 5071 631 5134 matt..
647 5087 703 5141 cap.
715 5090 772 5136 rm,
784 5091 809 5127 r.
828 5079 865 5126 to.
876 5075 929 5116 -’
941 5077 1003 5128 God.
1019 5075 1083 5128 tice.
1092 5103 1109 5117 -
1121 5077 1163 5126 Vct
1179 5077 1249 5127 deest
1282 5079 1323 5126 32.
1332 5077 1386 5116 -⁸
1399 5077 1484 5136 Pron,
1496 5091 1601 5141 capati,
1612 5089 1636 5124 r.
1648 5075 1686 5126 tt.
1698 5101 1724 5113 ο
1738 5073 1915 5140 'lIattlt.,eap.
1926 5091 1971 5136 xv,
1989 5093 2017 5127 r.
2034 5085 2080 5129 tt.

490 5155 537 5214 dd.
551 5183 584 5194 -
602 5156 697 5218 'an.‚
713 5173 768 5225 etp.
780 5176 817 5216 rr.
830 5176 854 5210 r.
868 5163 908 5211 30.
924 5187 955 5198 -
974 5163 1023 5212 ‘Si
1035 5165 1081 5212 riht
1092 5177 1146 5224 qttoe
1166 5163 1250 5211 ohtoto

478 5251 575 5304 propter
588 5241 663 5291 Deam
672 5244 809 5306 poutdebat
817 5242 879 5294 God.
889 5243 951 5294 liet.
966 5274 981 5282 ν
1004 5245 1015 5272 ⁸
1024 5246 1095 5304 Luc„
1104 5259 1158 5309 cap.
1176 5262 1213 5305 u,
1227 5261 1251 5296 r.
