4536 6102
480 556 553 630 606
1076 555 1203 628 PETRI
1229 551 1463 630 ABAELARlll

479 721 583 768 aures
601 707 741 768 tantum
753 697 928 766 Dominus
944 697 1142 791 requirens,
1162 696 1265 768 dicit¹
1285 724 1294 767 ε
1316 725 1334 764 a
1353 698 1423 785 Qui
1438 697 1549 770 habet
1564 696 1668 770 aures
1685 699 1871 791 audiendi,
1891 700 2021 774 audiat.
2037 733 2055 771 n

480 821 601 903 Quum
618 830 738 887 autem
754 813 842 886 fides
854 816 1017 887 omnium
1034 815 1217 919 bonorum
1234 818 1279 889 sit
1294 817 1588 909 hindamentum,
1603 819 1680 890 sine
1690 841 1762 916 qua
1775 820 1998 918 impossibile
2007 839 2056 895 est

478 935 618 1031 placere
643 939 735 1024 Deo,
754 951 790 1006 et
806 933 924 1007 cordis
945 937 1023 1033 ipsa
1038 938 1084 1008 sit
1106 937 1226 1034 potius
1243 953 1361 1035 quam·
1377 939 1467 1028 oris;
1489 939 1599 1011 corde
1612 940 1740 1030 enim,
1763 956 1800 1011 ut
1825 939 1962 1014 dictum
1989 957 2053 1031 est,

479 1054 649 1143 creditur,
669 1057 781 1154 magis
798 1055 830 1126 ei
848 1055 967 1128 cordis
982 1070 1093 1155 quam
1109 1060 1271 1156 corporis
1288 1083 1391 1132 aures
1412 1076 1496 1132 sunt
1516 1059 1754 1159 applicandae,
1772 1073 1813 1132 ut
1828 1061 1929 1158 quod
1944 1062 2055 1134 verbis

479 1175 681 1264 asserimus,
705 1175 936 1272 intelligentia
952 1177 1147 1274 capiamus.
1170 1181 1250 1250 Non
1274 1181 1371 1250 enim
1396 1179 1502 1276 longe
1527 1197 1580 1252 est
1608 1203 1628 1252 a
1648 1179 1856 1270 mendacio,
1879 1180 1942 1278 qui
1961 1181 2056 1279 quod

477 1295 591 1364 nescit
608 1292 810 1390 profitetur,
836 1309 871 1366 θῖ
884 1297 1037 1392 'perjurii
1054 1321 1136 1367 reus
1153 1311 1225 1385 est,
1249 1299 1311 1395 qui
1323 1299 1420 1394 jurat
1436 1300 1536 1396 quod
1551 1301 1704 1396 ignorat.
1728 1297 1838 1386 Quod
1853 1301 1998 1398 quidem
2014 1327 2055 1372 ne

477 1437 747 1510 praesumamus,
765 1413 824 1486 illa
846 1439 912 1486 nos
929 1415 1088 1513 Apostoli
1106 1416 1337 1515 reprehensio
1359 1431 1580 1517 compescat,
1601 1444 1672 1518 qua
1687 1419 1903 1517 quibusdam
1926 1421 2055 1520 impro-

477 1557 620 1631 perans,
645 1535 710 1604 ait¹
731 1561 738 1602 :
762 1561 779 1600 n
793 1536 995 1607 Nescientes
1012 1536 1208 1633 dequibus
1233 1537 1443 1635 loquuntur,
1463 1563 1580 1634 neque
1604 1538 1650 1609 de
1673 1537 1803 1635 quibus
1828 1539 2016 1611 affirmant.
2037 1571 2053 1607 r

478 1654 570 1724 Nulli
587 1669 639 1726 est
655 1669 775 1726 autem
791 1655 1024 1752 periculosius
1047 1657 1276 1730 mendacium
1294 1658 1350 1729 vel
1370 1681 1483 1748 error,
1509 1680 1620 1756 quam
1643 1659 1681 1730 in
1707 1657 1763 1729 his
1784 1683 1864 1755 quae
1885 1659 1931 1732 ad
1953 1659 2056 1730 fidem

477 1777 659 1870 pertinent
679 1802 687 1843 :
707 1789 743 1845 et
757 1797 885 1870 quassa
911 1790 964 1846 cst
984 1774 1179 1847 verborum
1203 1777 1371 1874 prolati0,
1391 1801 1501 1876 quam
1527 1776 1758 1873 intelligentia
1781 1802 1856 1848 non
1873 1779 2055 1875 sequitur:

477 1917 555 1988 quae
572 1892 618 1964 ad
634 1891 706 1962 hoc
723 1906 864 1963 tantum
881 1895 1042 1966 instituta
1066 1910 1166 1983 sunt,
1186 1911 1226 1966 ut
1246 1894 1516 1990 intelligentiam
1543 1895 1731 1968 conserant
1755 1897 1889 1968 audita.
1919 1900 2056 1983 Quanto

477 2025 599 2081 autern
615 2009 822 2082 divinorum
849 2012 1042 2084 verborum
1063 2011 1241 2084 salubrior
1260 2028 1314 2084 est
1339 2011 1584 2109 intelligentia,
1603 2029 1705 2085 tanto
1723 2013 1798 2086 haec
1821 2040 1842 2087 a
1864 2015 1971 2086 nobis
1987 2039 2058 2088 am=

475 2131 570 2231 plius
588 2145 643 2202 est
662 2131 891 2228 requirenda.
913 2132 967 2202 nd
988 2149 1098 2228 qnam
1119 2157 1185 2204 nos
1206 2156 1314 2231 supra
1337 2147 1557 2206 memoratus
1573 2133 1787 2206 adhortatur
1810 2135 2005 2233 apostolus,
2023 2153 2058 2208 ut

477 2275 590 2346 quum
606 2250 736 2321 divinae
751 2250 872 2322 landis
892 2251 1162 2323 benedictiones
1185 2252 1243 2322 vei
1269 2254 1450 2325 orationes
1466 2253 1633 2350 quaelibet
1650 2255 1686 2324 in
1713 2254 1860 2328 ecclesia
1881 2255 1989 2344 liunt,
2006 2257 2057 2327 vel

477 2368 613 2466 aliquid
639 2369 769 2440 dicitur
795 2368 841 2440 ad
863 2367 1175 2442 confirmationem
1200 2371 1300 2468 cujus
1327 2373 1381 2444 vel
1405 2373 1520 2470 precis
1539 2372 1857 2472 complectionem,
1875 2404 1893 2444 α
1912 2381 2021 2446 Amen
2041 2405 2056 2441 n

478 2512 540 2557 seu
560 2517 578 2554 n
597 2488 690 2576 Fiat,
709 2515 727 2553 n
747 2503 800 2558 est
819 2487 1131 2586 respondendum,
1151 2513 1172 2561 a
1188 2493 1331 2562 nemine
1347 2491 1386 2563 id
1402 2491 1612 2590 responderi
1628 2493 1830 2590 permittat,
1850 2494 1913 2590 qui
1928 2517 1971 2566 ea
1986 2517 2058 2590 qua

457 2611 754 2703 ‘praecesserunt,
774 2632 848 2678 non
875 2607 1059 2703 intelligat.
1079 2609 1137 2679 Sic
1157 2611 1292 2708 quippe
1317 2610 1511 2682 Corinthiis
1536 2609 1696 2684 scribens
1722 2611 1768 2683 de
1795 2611 1907 2684 idiota
1933 2611 2059 2684 litteras

477 2725 678 2820 ignorante,
690 2741 725 2796 et
736 2727 838 2826 quasi
850 2726 896 2797 ad
910 2726 1207 2824 respondendum
1220 2729 1257 2798 in
1274 2729 1424 2801 ecclesia
1438 2731 1607 2827 cuiquam
1620 2729 1801 2802 adstante⁸
1815 2759 1823 2800 :
1842 2731 2059 2817 «Quomodo

478 2845 573 2918 dicet
590 2851 704 2918 Amen
728 2872 835 2944 super
850 2861 950 2920 tuam
967 2848 1271 2939 benedictionem,
1287 2852 1349 2947 qui
1366 2849 1454 2949 quid
1470 2850 1569 2924 dicas
1585 2851 1717 2923 nescit?
1730 2879 1748 2918 >t
1766 2851 1876 2938 Quod
1892 2866 1929 2923 et
1941 2851 2059 2924 beatus

477 2970 717 3064 Hieronymus
730 2971 938 3040 memoriter
952 2985 1092 3060 tenens,
1108 2995 1222 3068 quum
1233 2971 1436 3044 Marcellam
1450 2972 1496 3044 de
1510 2973 1659 3046 diversis
1672 2970 1880 3045 nominibus
1891 2972 2059 3046 hebraicis

477 3087 651 3160 erudiret*
672 3115 679 3158 ε
697 3116 715 3156 a
732 3091 772 3158 ln
789 3086 947 3176 hebraeo,
969 3115 988 3155 n
1005 3089 1140 3186 inquit,
1157 3117 1175 3156 n
1187 3090 1315 3186 legitur
1327 3115 1452 3180 amen,
1470 3091 1570 3190 quod
1587 3092 1721 3164 scilicet
1737 3115 1780 3163 ea
1791 3093 1960 3164 verasint
1971 3092 2058 3164 dicta

478 3229 557 3304 quae
576 3231 684 3305 supra
702 3205 975 3279 conllrmantur.
991 3234 1009 3274 n
1026 3206 1130 3280 Unde
1147 3223 1182 3280 et
1194 3208 1322 3281 Paulus
1336 3211 1460 3282 asserit
1470 3235 1544 3282 non
1557 3235 1664 3308 posse
1679 3209 1835 3308 aliquem
1847 3210 2059 3308 respondere

480 3350 637 3416 «amen,
652 3355 670 3394 n
688 3326 811 3418 idest,
832 3326 1048 3399 confirmare
1063 3352 1106 3399 ea
1122 3353 1201 3426 quae
1223 3329 1444 3428 supradicta
1466 3345 1568 3419 sunt,
1587 3331 1655 3402 nisi
1671 3330 1882 3402 intellexerit
1899 3331 2060 3428 pmdica·

477 3448 628 3518 tionem.
649 3449 719 3533 Qui
731 3462 767 3519 et
783 3446 830 3518 ad
847 3447 1010 3517 omnium
1026 3447 1314 3544 intelligentiam,
1329 3451 1457 3546 quaein
1471 3449 1619 3523 ecclesia
1635 3449 1818 3538 dicuntur,
1836 3449 2061 3523 vehementer

478 3590 545 3636 nos
563 3566 759 3636 excitans⁸=
778 3593 796 3632 «
815 3564 1056 3661 Impleamini,
1070 3591 1088 3632 n
1106 3565 1240 3663 lnquit,
1263 3596 1281 3636 n
1292 3569 1426 3666 Spiritu
1442 3584 1582 3659 saneto,
1601 3570 1789 3667 loquentes
1804 3568 2061 3668 vobismetipsis

454 3665 458 3674 ¹
478 3685 515 3754 in
531 3681 692 3782 psalmis,
706 3699 741 3754 et
750 3682 907 3780 hymnis,
918 3698 955 3755 et
964 3685 1110 3757 canticis
1126 3686 1357 3789 spiritalibus.
1374 3715 1392 3756 n
1406 3693 1484 3760 Non
1495 3691 1592 3761 enim
1604 3689 1673 3761 sibi
1684 3687 1741 3760 vel
1754 3710 1877 3760 secum
1894 3688 2058 3787 loquitur,

478 3804 540 3897 qui
560 3801 662 3900 quod
683 3801 770 3873 dicit
787 3803 935 3874 minime
956 3802 1117 3901 intelligit
1142 3826 1284 3902 :quum
1312 3823 1447 3898 totum,
1475 3823 1515 3881 ut
1539 3808 1677 3880 dictum
1694 3823 1763 3897 est,
1782 3809 1960 3880 sermonis
1987 3807 2059 3881 offi-

479 3923 575 3993 cium
592 3922 638 3993 ad
654 3920 922 4018 intelligentiam
939 3924 984 3994 sit
1001 3925 1336 3998 accommodatum:
1350 3953 1416 4000 nec
1428 3922 1547 4001 sermo
1566 3929 1643 4000 sine
1658 3927 1892 4024 intelligentia
1908 3927 2062 4026 prolatus

478 4055 553 4112 tam
569 4065 688 4114 sermo
701 4064 810 4139 quam
823 4066 933 4116 sonus
946 4043 992 4114 sit
1001 4043 1203 4116 habendus.
1219 4050 1266 4118 Ut
1276 4046 1396 4142 igitur,
1404 4047 1506 4144 juxta
1519 4046 1744 4146 Apostolum,
1758 4045 1897 4118 malitia
1911 4045 2060 4144 parvuli,

479 4178 592 4230 sensu·
604 4175 724 4232 autem
741 4160 905 4258 perfecti,
920 4159 1065 4235 firmum
1079 4177 1265 4236 teneamus
1281 4163 1366 4237 fidei
1382 4151 1674 4256 fundamentum,
1687 4164 1792 4263 ¹qnod
1811 4166 2063 4262 proposuimus

479 4281 714 4379 expositionis
730 4281 823 4372 luce,
843 4295 953 4380 prout
968 4285 1147 4356 Dominus
1164 4285 1349 4376 annuerit,
1368 4311 1674 4361 consummemus.
1736 4340 1741 4351 -
1999 4367 2004 4375 ,

529 4399 678 4470 «Credo
697 4401 734 4471 in
752 4403 914 4474 Deum.»
932 4401 1002 4473 Sed
1018 4417 1059 4473 ut
1079 4402 1313 4477 confessionis
1329 4429 1402 4478 suae
1416 4408 1604 4479 veritatem
1618 4405 1806 4493 observet,
1825 4427 1950 4494 neos,
1969 4401 2063 4500 quod

480 4518 664 4608 mentitur,
684 4517 825 4592 occidat
838 4521 1010 4611 animam,
1027 4522 1211 4594 attendere
1227 4525 1386 4622 primum
1397 4525 1506 4598 debet
1515 4541 1551 4599 et
1564 4525 1659 4624 quid'
1668 4526 1714 4597 sit
1728 4523 1875 4595 credere
1885 4523 1924 4595 in
1936 4525 2062 4596 Deum.

480 4632 584 4705 Aliud
610 4635 744 4736 quippe
764 4650 817 4710 est
841 4637 986 4715 credere
1007 4643 1142 4732 Deum,
1166 4641 1263 4714 aliud
1286 4643 1433 4717 credere
1458 4649 1550 4735 Deo,
1574 4642 1673 4717 aliud
1699 4641 1845 4715 credere
1870 4643 1908 4714 in
1935 4643 2062 4752 Deum.

482 4752 636 4826 Credere
663 4759 797 4854 qnippe
818 4761 935 4832 Deum
962 4773 1016 4832 est
1035 4761 1210 4834 aestimare
1230 4762 1330 4860 quod
1355 4763 1431 4862 ipse
1456 4763 1514 4838 sit.
1542 4763 1696 4836 Credere
1720 4765 1813 4852 Deo,
1841 4757 1959 4834 verbis
1976 4760 2063 4856 ejus,

483 5047 755 5198 ιὲἶέῖῖψθεραι,
769 5068 792 5106 r.
809 5055 909 5106 rt.-¹
924 5058 984 5109 Ttn.
998 5059 1092 5126 ἢθη).
1106 5075 1127 5122 ι,
1141 5075 1165 5111 r.
1180 5062 1206 5109 t.
1220 5059 1391 5112 -⁸Con'atlt.
1409 5062 1504 5126 Lem.
1517 5076 1605 5124 mur.
1622 5063 1659 5112 16.
1675 5087 1705 5097 -
1718 5060 1729 5090 ⁴
1744 5059 1804 5127 Orp.
1818 5068 1837 5110 t.
1850 5059 1951 5116 then.
1967 5058 2067 5108 ¹1⁰6.-

527 5147 545 5207 p
590 5169 609 5196 .,
621 5149 677 5204 cap.
692 5151 751 5199 ην.
765 5141 803 5190 tt.
