4606 6106
466 615 539 688 aaa
860 585 864 598 ’
899 612 1026 686 rnrnr
1052 613 1287 686 mannan}
1313 615 1369 686 ur
1393 593 1619 689 natorum

466 754 503 827 in
528 754 704 854 capitulo,
733 770 858 852 quater
883 755 919 826 in
938 778 1035 826 auno
1058 752 1106 826 ad
1128 754 1270 843 minus;
1298 767 1334 828 et
1361 769 1399 828 ut
1415 770 1524 830 status
1542 773 1616 830 tam
1632 755 1918 832 obedientiarum
1943 785 2052 860 quam

466 875 689 971 prioratuum
701 899 721 946 a
732 873 977 946 claustralibus
990 890 1247 972 cognoscatur,
1264 889 1454 975 compotus
1470 877 1649 975 redigatur
1659 877 1696 950 in
1711 879 1849 978 scriptis
1866 906 1874 950 ε
1891 881 1938 952 ita
1952 881 2051 980 quod

409 981 412 988 ¹
465 1008 662 1067 conventus
678 1018 788 1093 penes
806 1019 844 1066 se
860 995 1010 1069 retineat
1031 1019 1144 1066 unum
1163 995 1357 1095 scriptum,
1376 1009 1412 1068 et
1430 994 1604 1070 abbatissa
1620 995 1730 1072 aliud.

514 1121 569 1186 De
583 1113 921 1187 sanctimonialibus.
938 1155 987 1172 -
1002 1119 1152 1214 Propter
1174 1114 1359 1206 scandala,
1387 1141 1465 1214 quae
1491 1141 1533 1189 ex
1553 1116 1762 1190 monialium
1779 1119 2049 1194 couversatione

464 1235 699 1335 proveniunt,
720 1236 906 1307 statuimus
924 1233 970 1308 de
989 1233 1205 1309 monialibus
1222 1236 1346 1333 nigris,
1366 1259 1413 1308 ne
1436 1234 1584 1334 aliquod
1601 1235 1803 1336 depositum
1822 1239 1858 1310 in
1882 1238 2050 1312 domibus

464 1358 536 1426 suis
554 1355 726 1454 recipiant
742 1355 788 1427 ab
815 1355 992 1454 aliquibus
1018 1357 1201 1453 personis,
1234 1357 1386 1428 maxime
1412 1380 1512 1430 arcas
1537 1355 1749 1430 clericorum
1767 1357 1824 1431 vel
1849 1358 2046 1452 laicorum,

457 1499 566 1548 ,causa
585 1474 771 1566 custodiae,
791 1476 888 1576 apud
900 1501 939 1548 se
955 1475 1103 1548 minime
1121 1475 1255 1573 deponi
1273 1476 1491 1573 permittant.
1508 1478 1612 1551 Pueri
1624 1493 1662 1552 et
1673 1476 1818 1578 puellae,
1840 1503 1919 1577 quae
1933 1480 2049 1553 solent

462 1594 510 1670 ibi
530 1596 655 1667 nutriri
672 1611 707 1668 et
725 1596 879 1686 institui,
898 1596 1039 1695 penitus
1057 1594 1290 1695 expellantur.
1315 1599 1450 1671 Omnes
1467 1598 1707 1670 communiter
1725 1599 1918 1673 comedant
1939 1601 1975 1672 in
1994 1625 2048 1674 re-
2133 1593 2136 1599 ’

462 1715 628 1805 lectorio,
657 1728 692 1786 et
723 1715 759 1786 in
786 1714 999 1788 dormitorio
1020 1713 1182 1787 solitariae
1207 1715 1400 1788 dormiant.
1426 1719 1582 1788 Caruerre
1608 1741 1736 1790 ornnes
1753 1719 1962 1792 monialium
1986 1719 2048 1793 de·

461 1848 665 1923 struantur,
688 1833 755 1905 nisi
774 1833 891 1931 aliqua
911 1859 975 1934 per
994 1834 1253 1932 inspectionem
1271 1834 1430 1932 episcopi
1453 1837 1648 1908 necessaria
1668 1837 1861 1910 retineatur
1885 1837 1931 1910 ad
1949 1839 2047 1910 inlir·

463 1954 609 2026 mariam
629 1952 848 2042 faciendam,
869 1951 925 2025 vel
942 1952 1008 2024 alia
1024 1951 1071 2024 de
1084 1975 1212 2042 causa,
1234 1977 1313 2048 quae
1326 1953 1496 2051 episcopo
1504 1954 1599 2049 justa
1614 1969 1650 2028 et
1663 1956 1860 2030 neoeaearia
1871 1957 2043 2030 videatur.

457 2081 547 2175 'ltern
567 2076 739 2148 moniales
757 2075 958 2148 nullatenus
973 2075 1067 2147 exire
1086 2075 1357 2172 permittantur,
1382 2075 1439 2148 vel
1461 2088 1559 2148 extra
1577 2091 1803 2174 pernoctare,
1820 2079 1889 2151 nisi
1901 2080 1991 2154 forte
2004 2106 2046 2154 ex

460 2219 587 2292 magna
606 2219 735 2284 causa,
759 2207 795 2266 et
812 2217 893 2267 raro
915 2219 923 2264 :
944 2208 981 2267 et
1000 2191 1184 2268 abbatissae
1201 2193 1427 2291 injungatur,
1451 2219 1498 2266 ne
1515 2193 1616 2267 aliter
1633 2197 1815 2294 permittat
1828 2198 1949 2296 egredi
1968 2224 2045 2273 rno-

460 2314 582 2388 niales.
608 2319 650 2386 Et
670 2312 908 2411 sialiquaudo
927 2312 1102 2386 abbatissa
1120 2338 1162 2386 ex
1177 2311 1273 2410 justa
1288 2337 1394 2386 causa
1411 2313 1516 2388 alicui
1533 2315 1731 2414 permittat,
1749 2318 1868 2391 eidem
1887 2320 2046 2418 injungat

459 2437 559 2534 quod
577 2437 653 2508 sine
671 2460 772 2508 mora
792 2449 1004 2524 revertatur,
1026 2449 1060 2506 et
1079 2433 1140 2507 det
1154 2435 1187 2508 ei
1200 2435 1334 2506 sociam
1348 2459 1421 2506 non
1436 2433 1483 2506 ad
1496 2435 1718 2509 voluntatem
1729 2461 1844 2530 suam,
1861 2440 1924 2512 sed
1937 2465 2046 2538 quam

458 2556 588 2630 viderit
604 2556 784 2656 expedire.
805 2557 903 2628 Ostia
923 2569 1088 2655 suspecta
1104 2569 1140 2643 et
1156 2554 1336 2654 superllua
1354 2553 1596 2628 obstruantur.
1622 2557 1723 2630 Circa
1746 2557 1818 2630 boc
1831 2573 1953 2632 autem
1970 2563 2044 2660 epi·

457 2679 556 2777 scopi
583 2676 800 2774 diligentiam
828 2674 1022 2748 adhibeant
1039 2689 1074 2748 et
1092 2699 1216 2746 curam
1233 2699 1299 2774 per
1316 2699 1353 2746 se
1369 2689 1404 2748 et
1424 2703 1442 2773 1:
1449 2701 1488 2748 er
1506 2675 1687 2750 ministros
1705 2701 1810 2766 suus,
1839 2691 1875 2750 et
1900 2679 1990 2752 vitas
2009 2693 2045 2752 et

455 2797 742 2870 conversationes
763 2798 921 2896 ipsarum
946 2795 1061 2869 taliter
1080 2796 1314 2892 restringant,
1344 2794 1444 2893 quod
1463 2819 1528 2894 per
1556 2818 1683 2870 eurum
1701 2795 1919 2895 diligentiam
1940 2824 2045 2873 scan-

455 2917 556 3010 dala,
577 2942 656 3018 quae
675 2916 719 2990 de
738 2942 860 2990 earum
881 2917 949 2988 vita
969 2917 1005 2988 in
1024 2916 1189 3015 praesenti
1207 2917 1445 3014 proveniunt,
1465 2917 1663 3016 sopiantur.

503 3046 558 3114 De
582 3037 760 3112 sororibus
778 3063 850 3108 nort
877 3034 1088 3110 emittendas.
1102 3039 1309 3109 -Sorores
1330 3049 1459 3110 nostrae
1482 3061 1557 3109 nnn
1588 3035 1835 3135 egrediantur,
1863 3039 1931 3112 nisi
1955 3039 2045 3112 forre

441 3161 639 3238 ¹mittantur
654 3157 700 3230 de
719 3155 874 3232 claustro
893 3155 940 3230 ad
958 3156 1152 3229 claustrum
1169 3168 1359 3230 moraturae
1376 3154 1423 3229 ad
1441 3155 1561 3230 minus
1576 3181 1642 3257 per
1658 3181 1807 3231 anuum.
1835 3163 1990 3251 Verum,
2015 3162 2043 3233 si

453 3287 600 3361 evidens
618 3289 808 3360 necessitas
827 3286 1017 3383 ingruerit,
1047 3300 1323 3384 propterquam
1341 3299 1506 3384 oporteat
1522 3283 1679 3384 aliquam
1695 3287 1837 3386 egredi,
1860 3287 1921 3360 liat
1941 3288 1988 3362 de
2005 3289 2043 3362 li·

455 3411 571 3484 centia
587 3407 895 3509 praemonstrensis
911 3405 1066 3497 abbatis,
1088 3406 1177 3477 dnm
1193 3419 1314 3478 umen
1334 3405 1411 3480 sine
1429 3406 1526 3505 gravi
1539 3405 1699 3506 periculo
1719 3407 1795 3505 ejus
1813 3410 1925 3507 possit
1938 3433 2043 3508 expe-

453 3533 540 3603 ctari
582 3553 756 3602 assensus.
799 3529 836 3600 Si
874 3527 954 3625 quis
983 3525 1092 3598 abbas
1123 3525 1279 3624 aliquam
1309 3524 1410 3602 aliter
1438 3526 1616 3618 emiserit,
1646 3529 1815 3628 puniatur
1845 3528 2041 3603 secuudum

453 3649 688 3747 quantitatem
705 3669 890 3735 excessus,
912 3643 1058 3717 arbitrio
1076 3643 1221 3744 capituli
1238 3644 1434 3742 generalis,
1450 3660 1486 3718 et
1498 3646 1651 3719 maxime
1663 3647 1690 3718 si
1707 3647 1917 3720 scandalum
1931 3675 2043 3724 emer·

449 3769 532 3854 serit
552 3767 599 3840 de
617 3790 741 3842 sorore
759 3766 897 3838 emissa.
919 3769 1093 3863 Tempore
1118 3788 1205 3836 vern
1232 3789 1460 3862 guerrarum,
1484 3763 1589 3838 liceat
1606 3765 1750 3840 cuilibet
1768 3765 1887 3840 abbati
1902 3793 2041 3843 sorores

451 3889 517 3962 sibi
536 3887 695 3970 subditas
715 3885 762 3961 ad
781 3885 859 3957 loca
881 3898 954 3957 tuta
973 3884 1174 3956 transferre.
1196 3884 1351 3973 Quodsi
1373 3884 1474 3958 aliter
1492 3884 1615 3974 merit,
1639 3885 1769 3976 abban,
1794 3885 1955 3986 subque
1973 3889 2041 3962 hoc

452 4010 659 4107 contigerit,
680 4030 899 4109 perannum
917 4005 1130 4078 continuum
1148 4004 1184 4076 iu
1205 4005 1290 4076 ieria
1310 4019 1407 4078 sexta
1420 4004 1561 4100 jejunet
1575 4006 1612 4078 in
1632 4029 1725 4106 pane
1742 4021 1780 4079 et
1800 4030 1904 4105 aqua.

500 4135 554 4200 De
569 4126 747 4204 sororibus
765 4151 838 4202 non
855 4122 1076 4222 recipiendas.
1088 4125 1327 4212 —Quoniarn
1340 4124 1474 4196 instant
1485 4138 1647 4224 tempora
1658 4126 1872 4225 periculosa,
1887 4141 1924 4200 et
1936 4127 2044 4200 eccle·

450 4252 507 4322 siae
537 4273 645 4349 supra
661 4245 813 4326 modum
835 4260 1048 4343 gravantur,
1071 4243 1256 4318 communi
1273 4243 1423 4316 consilio
1444 4244 1588 4344 capituli
1608 4245 1819 4336 statuimus,
1843 4261 1882 4318 ut
1907 4244 2040 4320 muodo

450 4370 586 4452 nullam
602 4391 763 4445 sororem
782 4366 1004 4465 recipiamus.
1028 4364 1064 4436 Si
1088 4365 1169 4461 quis
1186 4377 1306 4440 autern
1331 4362 1438 4460 hujus
1464 4365 1585 4440 statuti
1604 4381 1842 4464 transgressor
1864 4368 2037 4456 extiterit,

450 4490 627 4564 abbatissa
645 4513 708 4560 sua
726 4488 803 4558 sine
820 4485 1065 4558 misericordia
1083 4485 1265 4584 punietur.

500 4618 590 4684 Item
622 4611 666 4684 de
698 4606 875 4684 sororibus
908 4631 980 4678 non
1015 4604 1409 4704 recipiendia-Nulla
1429 4631 1533 4682 soror
1562 4605 1609 4682 de
1640 4623 1768 4682 cetero
1794 4609 1983 4708 recipiatur
2005 4610 2042 4680 in

452 4732 595 4823 ordine,
618 4731 685 4803 nisi
707 4728 881 4806 locisillis
900 4727 1063 4826 quisunt
1087 4727 1133 4800 ab
1160 4729 1308 4826 antiquo
1329 4727 1544 4828 recipiendis
1571 4727 1755 4802 sororibus
1776 4743 1952 4830 perpetuo
1979 4727 2043 4802 de-

452 4868 588 4951 putata.
2036 4839 2044 4860 ’

500 4978 555 5046 De
573 4973 769 5044 testiuwm'o
783 4993 948 5042 sororum
968 4964 1262 5066 mutandarum.
1273 4967 1369 5040 -Si
1382 4966 1548 5040 mulieres
1566 4967 1714 5065 aliquae,
1733 4993 1778 5042 ex
1789 4970 1935 5068 antiqua
1952 4991 2043 5040 cun·

452 5095 611 5170 cessione
630 5093 740 5182 iacta,
761 5091 812 5164 eis
836 5105 920 5164 ante
941 5089 1201 5162 institutionem
1218 5086 1352 5161 editam
1367 5087 1414 5160 de
1431 5087 1616 5162 sororibus
1636 5113 1710 5160 non
1730 5087 1965 5188 recipiendis,
1991 5112 2045 5160 re·

451 5216 521 5322 cipi
555 5213 731 5286 volueriut
762 5212 800 5285 in
828 5235 988 5300 sorores,
1020 5207 1234 5282 nullumodo
1261 5207 1500 5307 recipiantur,
1532 5209 1599 5282 nisi
1628 5207 1860 5307 probaverint
1892 5207 1948 5284 vel
1979 5231 2046 5306 per
