4496 6102
704 572 748 642 lN
772 569 907 642 RAMlS
931 569 1171 642 PllblllAllUM
1195 568 1356 642 SERMO.
1748 566 1819 636 tlt

245 711 362 781 verius
380 731 488 805 quam
505 707 665 778 b'umano
683 708 820 803 judicio
842 711 963 779 simus.
994 709 1045 779 td
1063 708 1156 791 banc
1174 712 1295 806 utique
1314 706 1551 803 Babylonem,
1573 704 1609 774 id
1627 718 1678 774 est
1696 705 1820 775 conlu-

243 829 380 922 sionem
398 824 611 897 laudabilem
630 851 741 923 quum
760 828 1043 925 pervenerimuS,
1065 841 1104 897 ut
1118 827 1163 898 de
1176 843 1324 925 peccato
1343 826 1472 897 scilicet
1488 823 1755 910 erubescamus,
1776 823 1821 892 ab

243 947 322 1044 ipso
340 947 457 1016 statim
479 943 719 1034 liberabimur,
743 946 856 1044 parati
874 946 947 1040 jam
966 945 1011 1014 ad
1029 945 1305 1034 consessionem,
1327 960 1362 1015 et
1380 943 1593 1039 condignam
1618 941 1821 1012 satisfactio·

244 1089 338 1136 nem.
361 1064 464 1136 Unde
492 1079 527 1135 et
543 1061 765 1135 Psalmista¹:
792 1064 1003 1135 «Delictum
1026 1088 1146 1134 meum
1170 1067 1351 1160 cognitum
1376 1062 1437 1133 tibi
1456 1062 1538 1151 leci,
1560 1076 1594 1133 et
1616 1061 1820 1155 injustitiam

245 1209 359 1256 meam
378 1208 453 1254 non
472 1182 656 1254 abscondi.
686 1184 792 1255 Dixi:
810 1181 1017 1254 Confitebor
1037 1183 1225 1254 adversum
1249 1209 1305 1254 me
1325 1183 1527 1277 injustitiam
1549 1204 1684 1268 meam,
1712 1195 1779 1250 etc.
1800 1208 1817 1246 u

244 1302 417 1373 Delictum
429 1326 533 1372 suum
551 1303 731 1398 cognitum
749 1306 826 1373 Deo
839 1302 936 1392 facit,
960 1303 1022 1398 qui
1039 1303 1171 1373 vicario
1190 1303 1265 1397 ejus
1282 1303 1402 1372 locum
1420 1302 1529 1398 ipsius
1543 1301 1578 1369 in
1599 1297 1753 1370 Ecclesia
1772 1313 1821 1369 te·

209 1419 215 1430 ’
244 1423 341 1495 nenti
358 1422 520 1494 confiteri
540 1437 724 1520 peccatum
744 1441 967 1520 nequaquam
987 1422 1174 1494 erubescit.
1192 1424 1289 1494 Sicut
1307 1424 1401 1493 enirn
1422 1424 1494 1519 ipse
1513 1422 1549 1491 in
1565 1420 1733 1492 membris
1748 1421 1820 1490 suis

243 1541 526 1637 persecutionem
544 1542 717 1613 sustinere
740 1541 794 1612 vel
819 1541 1031 1613 beneficium
1051 1543 1227 1639 suscipere
1245 1566 1283 1613 se
1301 1555 1461 1629 testatur,
1478 1539 1643 1611 dicens’:
1667 1539 1817 1628 «Saule,

243 1657 359 1750 Saule,
378 1658 465 1755 quid
481 1684 538 1729 me
551 1660 795 1755 persequeris?
811 1688 829 1726 u
845 1664 917 1730 et⁸:
941 1688 957 1727 u
974 1659 1081 1746 Quod
1098 1661 1159 1730 uni
1175 1684 1217 1731 cx
1237 1661 1391 1731 minimis
1403 1661 1490 1730 meis
1507 1659 1635 1746 fecisti,
1661 1658 1747 1728 milri
1766 1659 1821 1729 fe·
1919 1717 1921 1722 ,

243 1775 320 1846 cisti
334 1803 344 1865 ς
361 1777 486 1847 »itaet
502 1777 539 1846 in
555 1777 774 1846 vicariissuis
792 1775 1034 1848 sacerdotibus
1045 1772 1226 1872 cognitum
1240 1777 1307 1848 sibi
1320 1779 1395 1848 fieri
1404 1791 1589 1874 peccatum
1601 1776 1696 1846 dicit.
1714 1775 1821 1862 Quod

245 1896 359 1966 statim
374 1893 668 1991 Psalmographus
679 1915 860 1993 exponens
873 1895 1029 1967 adnectit
1044 1923 1051 1964 :
1070 1925 1086 1962 u
1103 1899 1144 1966 Et
1162 1896 1367 1988 injustitiam
1381 1921 1496 1967 meam
1508 1919 1581 1966 uon
1596 1893 1787 1979 abscondi,
1801 1922 1818 1958 u

245 2013 316 2084 boe
333 2027 401 2101 est,
421 2037 495 2083 uon
518 2013 777 2108 solumopera,
799 2015 1030 2085 verumetiam
1053 2014 1186 2086 meritis
1211 2016 1404 2109 nequitiam
1420 2015 1456 2083 in
1476 2014 1697 2084 confessione
1715 2036 1821 2082 accu-

248 2155 339 2204 sans.

296 2283 314 2319 u
326 2254 407 2325 Dixi
422 2283 429 2322 :
447 2253 655 2324 Confitebor
673 2253 862 2324 adversum
880 2277 938 2324 me
954 2254 1159 2348 injustitiam
1183 2277 1298 2325 meam
1312 2256 1482 2324 Domino.
1499 2283 1515 2318 u
1532 2258 1608 2324 Hoc
1629 2267 1700 2338 est,
1717 2250 1822 2321 stabi·

245 2371 306 2442 livi
323 2373 420 2470 apud
435 2398 510 2462 me,
531 2396 574 2443 ac
591 2371 781 2443 deliberavi
797 2373 1002 2467 injustitiam
1016 2395 1132 2442 meam
1147 2371 1309 2444 conliteri
1322 2372 1508 2444 sacerdoti.
1522 2370 1741 2460 Confitebor,
1763 2371 1822 2439 in-

238 2491 338 2586 quit,
360 2490 548 2562 adversum
567 2515 644 2580 me,
671 2490 809 2560 nullum
827 2491 936 2562 alium
964 2491 998 2560 in
1023 2515 1080 2562 me
1099 2491 1183 2580 inde
1202 2515 1383 2562 accusans.
1410 2493 1499 2561 Sunt
1517 2492 1613 2561 enim
1638 2488 1819 2579 nonnulli,

241 2608 305 2703 qui
318 2609 355 2677 in
370 2631 433 2678 sua
444 2608 686 2698 confessione,
701 2622 741 2678 ut
752 2631 851 2678 suam
867 2609 1028 2678 minuant
1044 2607 1206 2705 culpam,
1223 2608 1310 2679 alios
1330 2610 1439 2704 magis
1458 2609 1601 2679 trabunt
1614 2609 1648 2678 in
1664 2608 1818 2704 culpam,

240 2724 421 2815 dicenteS,
439 2727 483 2798 ad
501 2751 541 2799 ea
563 2751 642 2824 quae
656 2727 911 2798 commiserunt
934 2725 980 2798 ab
1003 2726 1078 2798 aliis
1096 2751 1134 2798 se
1151 2727 1316 2798 inductos
1340 2742 1374 2798 et
1395 2729 1496 2824 quasi
1511 2727 1731 2825 compulsos,
1749 2729 1822 2798 sive
1886 2773 1890 2780 -

239 2842 408 2932 diabolo,
429 2869 490 2916 seu
505 2843 722 2915 bominibus.
745 2844 866 2933 Qualis
878 2844 1024 2941 quidem
1040 2845 1098 2916 illa
1116 2845 1290 2916 confessio
1306 2846 1389 2936 fuit,
1404 2871 1514 2941 quum
1531 2846 1588 2915 ille
1601 2847 1636 2915 in
1651 2869 1819 2933 uxorem,

239 2961 303 3032 illa
322 2963 358 3032 in
374 2978 573 3059 serpentem
592 2961 734 3060 culpam
757 2977 984 3059 retorquens,
1004 2987 1042 3034 se
1059 2964 1170 3058 magis
1187 2987 1354 3034 excusare
1373 2987 1490 3060 quam
1497 2986 1662 3034 accusare
1678 2963 1821 3033 videba-

238 3095 313 3149 tur.
336 3079 439 3151 Unde
458 3095 493 3151 et
509 3081 626 3152 statim
648 3078 775 3151 debitae
792 3105 906 3177 poenae
928 3081 1137 3151 senteutiam
1159 3083 1321 3180 excipere
1340 3096 1559 3153 meruerunt.
1579 3085 1696 3151 Justus
1715 3105 1819 3169 vero,

236 3202 306 3296 qui
320 3201 410 3270 sicut
423 3202 592 3296 scriptum
607 3203 684 3290 θεῖ’,
704 3201 740 3270 in
755 3199 952 3298 primordio
971 3217 1155 3272 accusator
1177 3216 1232 3272 est
1249 3203 1322 3288 sui,
1342 3226 1414 3298 quo
1434 3226 1471 3272 se
1490 3202 1641 3299 amplius
1658 3217 1820 3290 accusat,
1863 3183 1864 3186 Ἴ

236 3315 288 3388 eb
306 3343 346 3388 se
368 3321 476 3415 magis
495 3319 590 3417 apud
607 3343 814 3416 supremum
832 3342 874 3389 ac
893 3319 1259 3390 misericordissimum
1277 3320 1436 3391 Judicem
1454 3336 1614 3409 excusat3
1630 3336 1665 3391 et
1683 3322 1824 3391 veniam

233 3441 409 3536 impetrat
423 3463 460 3509 se
473 3439 690 3528 accusand0,
707 3441 768 3536 qui
791 3463 934 3537 poeuam
956 3441 1156 3511 incurreret·
1169 3464 1206 3510 se
1223 3438 1438 3510 excusando.
1460 3443 1506 3509 Ut
1524 3440 1618 3510 enim
1637 3438 1769 3510 Tullius
1789 3442 1824 3510 in

237 3557 431 3628 Rhetorica
445 3557 567 3646 docet,
589 3558 764 3629 confessio
779 3559 935 3655 peccatl,
957 3583 1034 3652 quae
1049 3581 1067 3628 a
1084 3557 1263 3652 judicibus
1281 3583 1424 3656 poenam
1438 3557 1633 3629 institutam
1651 3559 1822 3655 suscepit,

232 3675 343 3774 apud
355 3677 574 3774 superiorem
589 3689 731 3746 senatus
743 3689 955 3772 potestatem
972 3675 1229 3769 indulgentiam
1244 3692 1360 3771 potest
1374 3677 1525 3771 assequi.
1538 3674 1678 3746 Judices
1694 3677 1826 3774 quippe

230 3817 255 3864 a
270 3793 457 3891 'superiori
481 3807 652 3890 potestate
670 3792 835 3882 instituti,
857 3807 892 3862 et
918 3790 1053 3886 legibus
1071 3791 1198 3883 jurati,
1219 3816 1332 3888 poenae
1360 3795 1571 3864 senteutiam
1597 3818 1670 3863 uon
1694 3794 1828 3866 habent

230 3912 420 4002 relaxare,
442 3911 504 3983 sed
522 3910 661 3982 inferre.
682 3911 851 4008 Superior
863 3925 980 3980 autem
997 3923 1172 4005 potestas,
1193 3909 1294 4004 cujus
1313 3925 1362 3979 est
1384 3925 1454 3981 tam
1472 3911 1585 4007 legem
1602 3913 1827 4008 promulgare

227 4055 354 4128 quam
369 4030 507 4127 judices
520 4031 719 4119 instituere,
738 4030 774 4099 in
794 4028 938 4099 arbitrio
951 4051 1018 4098 suo
1030 4025 1138 4097 habet
1150 4028 1302 4124 rigorem
1318 4026 1402 4124 legis
1416 4042 1633 4124 temperare,
1654 4045 1689 4100 et
1702 4054 1825 4126 poeuas

224 4153 421 4222 institutas
434 4149 705 4221 misericorditer
723 4146 890 4222 relaxare.
907 4151 985 4217 Non
1001 4145 1097 4216 enim
1112 4171 1219 4244 super
1230 4163 1267 4217 se
1278 4144 1387 4217 habet
1400 4160 1610 4244 potestatem
1628 4172 1736 4244 quarn
1750 4173 1823 4218 me-

227 4284 338 4358 tuat,
354 4287 393 4341 ut
409 4293 481 4340 uon
494 4268 603 4340 libere
621 4265 899 4338 misericordiam
913 4265 971 4335 cui
987 4263 1182 4336 decreverit
1195 4265 1389 4365 impendat.
1403 4269 1545 4351 Quanto
1561 4266 1671 4361 magis
1685 4291 1823 4337 summa

223 4391 301 4463 illa
318 4389 470 4461 coelestis
482 4403 654 4487 potestas,
671 4411 749 4484 quae
759 4385 804 4458 de
815 4383 1055 4456 misericordia
1068 4383 1124 4454 illa
1138 4384 1267 4455 coelesti
1280 4409 1347 4455 noe
1356 4383 1547 4456 consulens
1559 4384 1623 4454 ait⁸
1637 4411 1645 4453 ι
1664 4413 1682 4452 u
1692 4389 1823 4458 Euntes

221 4508 370 4580 discite
389 4508 477 4604 quid
498 4521 567 4578 est:
588 4504 866 4578 Misericordiam
884 4501 987 4591 volo,
1015 4516 1051 4573 et
1070 4525 1143 4573 non
1162 4500 1396 4591 sacrificium,
1418 4517 1454 4574 et
1467 4502 1636 4598 justitiam
1660 4503 1727 4574 Dei
1744 4504 1823 4600 plus

218 4647 357 4724 quam
369 4625 590 4697 holocausta.
608 4653 625 4692 »
644 4623 816 4702 iustitiam
829 4622 895 4692 Dei
912 4620 1013 4717 quasi
1025 4621 1206 4718 propriam
1216 4620 1293 4718 ejus
1307 4619 1409 4711 dicit,
1425 4644 1532 4716 quam
1547 4615 1620 4718 ipse
1628 4619 1713 4710 sibi,
1724 4621 1824 4718 quod

204 4746 402 4820 'maxime
421 4770 526 4818 suum
540 4760 609 4835 est,
634 4760 670 4817 et
685 4767 768 4816 euru
791 4741 987 4838 specialiter
1004 4740 1122 4830 decet,
1144 4739 1284 4812 reddit:
1313 4755 1390 4812 tum
1407 4741 1482 4838 ipse
1503 4739 1668 4812 videlicet
1692 4743 1824 4816 miseri·

257 5059 267 5085 ¹
295 5056 399 5107 Psalm.
416 5071 491 5111 mr,
500 5070 524 5105 v.
534 5057 559 5105 t.
571 5053 623 5092 ω’
636 5055 690 5104 Act.
703 5054 797 5115 epora,
809 5065 863 5117 cap.
877 5065 950 5112 rm.
962 5051 1021 5100 4.·-
1060 5048 1120 5100 mihi
1137 5048 1236 5101 lecistis.
1253 5067 1265 5094 ι
1283 5047 1394 5114 (blaub.
1408 5063 1463 5114 cap.
1485 5063 1550 5109 nr,
1571 5063 1594 5097 r.
1616 5047 1705 5111 l⁰.)·
1718 5048 1728 5075 ⁴
1739 5050 1823 5107 Pron,

221 5144 234 5172 ⁸
254 5165 270 5188 ι
284 5139 416 5205 Qmudiu
427 5139 518 5190 lecistis
534 5140 576 5189 uni
594 5152 625 5190 ex
643 5137 680 5188 bia
700 5135 812 5188 iratribus
824 5134 885 5186 meis
898 5132 1018 5195 minimis,
1060 5148 1113 5199 cap.
1127 5149 1200 5196 xuu,
1213 5150 1235 5185 r.
1254 5135 1292 5182 Π.
1307 5160 1335 5170 -—
1348 5131 1357 5158 ¹
1370 5132 1584 5198 uarrh.,cap.1x‚
1596 5149 1619 5182 r.
1635 5133 1674 5181 tt.

389 5240 398 5284 ι
1645 5219 1684 5280 53
