4522 6102
455 586 502 654 at
889 582 1015 652 PETRI
1040 581 1274 654 namnum
1300 583 1355 652 ΕΤ
1379 583 1603 656 Hstotssm

458 752 541 798 nem
562 727 785 823 patientur.»
806 723 1017 794 sicutenim
1039 722 1193 796 candido
1211 747 1443 822 prosperum,
1468 725 1516 798 ita
1533 747 1608 796 nnn
1632 723 1829 818 incongrue
1852 722 1953 818 nigro
1970 722 2031 794 de·

458 849 615 942 signatur
631 846 829 915 adversum.
851 847 952 913 ,tntns
970 855 1090 914 autern
1100 844 1204 939 quasi
1220 843 1256 914 in
1270 842 1413 915 ossibus
1430 843 1578 931 candet,
1596 842 1682 939 quia
1700 842 1738 912 in
1758 840 1944 914 virtutibus
1957 841 2031 936 ejus

458 965 575 1035 anima
589 961 714 1061 pollet,
729 963 819 1054 siem
831 964 1003 1060 scripmm
1017 966 1089 1034 est¹
1107 992 1115 1031 ;
1134 991 1150 1030 n
1167 964 1293 1034 Omnis
1305 963 1417 1060 gloria
1430 964 1505 1059 ejus
1519 963 1598 1035 filiae
1611 963 1703 1059 regis
1716 961 1881 1032 abintus.
1900 990 1919 1028 a
1944 963 2031 1034 Ossa

457 1084 607 1178 quippe,
625 1105 706 1177 quae
722 1083 891 1153 interiora
908 1096 1010 1171 nint,
1029 1083 1196 1154 exteriori
1213 1107 1319 1154 carne
1337 1082 1572 1172 circumdata,
1589 1097 1624 1154 et
1642 1081 1752 1180 ipsius
1770 1081 1903 1184 aaron,
1924 1105 2030 1176 quarn

456 1214 582 1293 gerunt
595 1197 650 1268 vel
668 1198 907 1287 substantem,
929 1197 1040 1270 robur
1059 1224 1101 1270 ao
1119 1199 1299 1272 fortitudo
1312 1215 1411 1289 sunt,
1435 1201 1528 1273 bene
1540 1201 1697 1276 animam
1711 1199 1932 1296 exprimunt,
1952 1223 2031 1295 qua

456 1341 597 1388 carnem
626 1318 759 1414 ipsam,
790 1318 848 1388 cui
874 1319 985 1407 inest,
1020 1317 1189 1408 vivificat,
1224 1333 1414 1410 sustentat,
1445 1335 1566 1392 movet
1593 1334 1699 1415 atque
1728 1319 1835 1413 regit,
1868 1332 1974 1414 atque
1998 1319 2031 1389 ei

457 1459 602 1506 omnem
615 1435 854 1507 valetudinem
869 1436 1054 1508 ministrat.
1067 1438 1177 1532 Cujus
1191 1437 1336 1534 quidem
1354 1453 1406 1510 est
1419 1439 1556 1510 candor
1567 1440 1642 1510 sive
1661 1437 1789 1528 decor,
1807 1439 1890 1533 ipsae
1903 1436 2030 1534 quibus

455 1552 649 1624 adornatur
665 1555 821 1625 virtutes.
845 1554 949 1650 Nigra
961 1578 1106 1650 qnoque
1122 1570 1174 1625 est
1190 1557 1228 1626 in
1252 1555 1499 1647 exterioribus,
1521 1558 1604 1652 quia
1624 1555 1714 1628 dum
1733 1557 1771 1626 in
1789 1553 1857 1626 hac
1876 1556 2029 1652 peregri-

455 1674 600 1742 natione
621 1672 739 1743 adbuc
766 1672 900 1762 exulat,
924 1673 1029 1744 vilem
1047 1685 1083 1744 et
1098 1672 1273 1768 abjectam
1295 1699 1333 1745 se
1351 1690 1448 1746 tenet
1465 1677 1503 1745 in
1527 1675 1594 1748 bac
1616 1677 1764 1764 vita3'ut
1783 1675 1820 1746 in
1839 1672 1899 1746 illa
1922 1672 2029 1746 anbli-

455 1805 588 1878 metur,
610 1815 688 1886 qnae
705 1805 757 1862 est
774 1791 983 1864 abscondita
1000 1816 1084 1864 cum
1102 1791 1242 1863 Christo
1260 1793 1297 1864 in
1316 1797 1416 1882 Deo,
1443 1796 1595 1892 patriam
1616 1794 1689 1888 jam
1708 1793 1848 1890 adepta.
1871 1793 1927 1864 Sic
1944 1815 2028 1862 vero

455 1934 533 1981 eam
552 1909 605 1980 sol
623 1935 725 1982 verus
740 1910 944 2003 decolorat,
965 1913 1051 2008 ¹quia
1064 1910 1212 1984 ooelestis
1225 1936 1327 1984 amor
1341 1914 1462 2010 sponsi
1476 1938 1555 1986 eam
1573 1915 1623 1984 sic
1642 1913 1822 2000 humiliat,
1846 1911 1902 1984 vel
1921 1909 2030 1982 tribu·

454 2029 664 2100 lationibus¹
676 2031 821 2118 erriciat,
836 2055 882 2101 ne
896 2055 973 2102 eam
988 2030 1119 2103 scilicet
1130 2033 1343 2129 prosperitas
1356 2031 1511 2104 extollat.
1527 2032 1718 2104 Decolorat
1734 2056 1814 2104 eam
1827 2032 1890 2120 sio,
1907 2031 2026 2119 idest,

455 2149 660 2220 dissimilem
674 2174 753 2220 earn
769 2175 790 2220 a
808 2153 940 2224 caeteris
951 2151 1048 2240 lacit,
1067 2175 1145 2247 quae
1157 2153 1305 2224 terrenis
1327 2153 1486 2241 inhiant,
1505 2168 1542 2224 et
1559 2153 1668 2224 seouli
1685 2167 1849 2248 quaerunt
1862 2151 2027 2247 gloriam,

456 2283 494 2338 ut
513 2270 561 2339 sic
578 2270 653 2364 ipsa
666 2293 748 2339 vere
760 2268 873 2340 lilium
887 2269 1102 2340 convallium
1115 2294 1180 2368 per
1193 2271 1430 2342 humilitatem
1446 2270 1616 2344 efficiatur
1636 2298 1643 2339 :
1665 2294 1740 2340 non
1758 2269 1872 2342 lilium
1885 2269 2030 2366 quidem

454 2387 648 2473 montium,
669 2389 759 2456 siout
771 2386 836 2456 illae
849 2385 1014 2458 videlieet
1026 2387 1129 2459 latuae
1148 2389 1321 2485 virgines,
1345 2415 1423 2487 quae
1442 2389 1487 2461 de
1505 2387 1680 2459 munditia
1699 2389 1832 2475 earnis,
1853 2387 1909 2458 vel
1927 2387 2030 2457 absti-

455 2509 572 2578 nentia
586 2509 757 2576 exteriore
768 2504 865 2604 apud
878 2529 915 2576 se
929 2507 1220 2599 intumescentes,
1235 2525 1320 2579 aestu
1331 2497 1568 2580 tentationum
1579 2513 1590 2546 ¹
1601 2523 1783 2579 aruerunt.
1799 2511 1893 2578 Rene
1911 2521 2028 2578 autem

454 2625 542 2694 lilius
564 2623 797 2712 Hierusalem,
825 2623 861 2693 id
889 2637 960 2710 est,
988 2625 1264 2721 imperfectiores
1282 2625 1467 2722 alloquens
1486 2623 1628 2714 fideles,
1657 2627 1720 2722 qui
1743 2623 1894 2696 liliatum
1912 2625 2030 2722 potius

456 2765 562 2837 quam
582 2740 735 2811 liliorum
753 2742 899 2811 nomine
922 2739 1018 2837 digni
1048 2755 1147 2831 sunt,
1171 2742 1296 2813 dicit‘:
1318 2771 1337 2810 a
1352 2743 1467 2813 Nolite
1485 2767 1543 2813 me
1563 2742 1789 2814 considerare
1811 2742 1909 2838 quod
1934 2743 2030 2812 fusca

456 2862 539 2949 sim,
560 2861 643 2955 quia
656 2859 873 2930 decoloravit
889 2881 947 2929 me
961 2883 1000 2929 so
1019 2913 1025 2929 .
1046 2887 1064 2925 u
1087 2861 1135 2929 Ac
1149 2861 1177 2929 si
1196 2859 1351 2958 apertius
1369 2859 1463 2930 dioat
1482 2887 1490 2929 ι
1511 2860 1620 2946 Quod
1638 2861 1687 2931 sic
1708 2885 1766 2930 me
1782 2859 1952 2948 humilio,
1973 2861 2029 2930 vel

456 2992 527 3048 tam
554 2979 697 3048 viriliter
718 2977 946 3048 adversitates
971 2978 1144 3066 sustineo,
1166 3001 1242 3048 non
1267 2993 1320 3050 est
1339 3003 1427 3048 meae
1446 2973 1599 3066 virtutis,
1626 2979 1689 3049 sed
1710 2979 1785 3072 ejus
1797 2977 1941 3075 gratiae,
1973 2981 2029 3049 cui

455 3096 625 3166 deservio.
651 3096 756 3166 Aliter
778 3096 894 3166 solent
913 3095 1066 3166 baeretioi
1087 3095 1143 3166 vel
1167 3096 1377 3193 hypocritae,
1401 3112 1575 3192 meantum
1598 3097 1644 3168 ad
1669 3098 1795 3168 faciem
1819 3097 2032 3188 hominurnt

455 3230 605 3310 spectat,
627 3239 689 3310 spe
707 3228 854 3286 terrenae
872 3213 990 3310 gloriae
1007 3237 1084 3284 sese
1094 3213 1324 3285 vehementer
1339 3213 1545 3303 humiliare,
1560 3215 1616 3286 vel
1629 3215 1741 3286 multa
1758 3216 1930 3288 inutiliter
1943 3217 2029 3288 tole-

454 3356 544 3403 rare.
565 3338 617 3402 De
631 3325 784 3428 quorum
796 3331 945 3428 quidem
956 3331 1163 3426 hujusmodi
1181 3332 1379 3428 abjectione
1393 3335 1448 3405 vel
1463 3334 1688 3406 tribulatione
1703 3356 1815 3431 quam
1830 3338 2003 3407 sustinent
2016 3390 2025 3424 ,

454 3455 682 3526 vehementer
696 3453 897 3526 mirandum
910 3468 979 3542 est3
992 3477 1109 3549 quum
1118 3455 1188 3524 sint
1198 3453 1365 3525 onmibus
1379 3455 1650 3526 miserabiliores
1662 3455 1954 3552 bominibus,qni
1964 3481 2029 3527 nec

454 3575 635 3671 praesentis
650 3577 728 3645 vitae
739 3574 860 3662 bonis,
877 3597 946 3643 nec
962 3572 1088 3642 futurae
1101 3572 1278 3643 fruuntur.
1296 3577 1373 3644 Hoc
1385 3575 1503 3671 itaque
1518 3598 1648 3671 sponsa
1666 3573 1852 3670 diligenter
1869 3573 2029 3646 conside-

453 3717 535 3762 rans
550 3692 636 3761 dicit
652 3719 659 3760 :
678 3689 792 3761 Nolite
805 3691 924 3761 mirari
941 3713 1005 3760 cur
1026 3689 1064 3760 id
1081 3689 1217 3760 faoimn.
1238 3689 1308 3762 Sed
1326 3689 1372 3762 de
1392 3690 1459 3762 illis
1479 3690 1681 3762 mirandum
1692 3707 1764 3780 est,
1781 3695 1844 3788 qui
1862 3693 2029 3764 inutiliter

454 3827 599 3882 terrenae
613 3810 727 3881 laudis
740 3809 916 3882 desiderio
929 3825 1132 3900 aestuantes,
1148 3811 1296 3882 terrenis
1313 3836 1351 3881 se
1369 3813 1510 3910 privant
1527 3811 1743 3902 commodis,
1760 3827 1832 3884 tam
1846 3812 1904 3883 bio
1921 3835 2029 3908 quam

454 3931 489 3998 in
508 3929 627 4000 futuro
651 3931 781 4000 miseri.
798 3929 920 4017 Qualis
937 3929 1081 4026 quidem
1099 3930 1275 4002 fatuarum
1295 3931 1470 4026 virginum
1491 3932 1708 4002 continentia
1731 3946 1783 4002 est
1800 3955 1878 4026 quae
1891 3955 1912 4001 a
1920 3932 2029 4026 janua

455 4063 537 4118 sunt
554 4049 732 4119 exclusae‘.
750 4053 843 4120 Bene
864 4045 986 4138 etiam,
1003 4050 1086 4145 quia
1104 4051 1205 4144 nigra
1224 4064 1294 4138 est,
1318 4065 1357 4120 ut
1374 4049 1545 4139 diximus,
1566 4063 1602 4120 et
1615 4049 1790 4138 formosa,
1812 4047 1977 4120 dilectam
1994 4065 2031 4122 et

454 4165 691 4238 introductam
704 4191 741 4238 se
755 4167 840 4238 dicit
856 4168 894 4240 in
911 4168 1115 4239 cubiculum
1129 4169 1239 4263 regis,
1261 4168 1298 4238 id
1316 4169 1416 4241 estin
1435 4159 1611 4240 secretum
1628 4169 1685 4240 vel
1696 4171 1852 4265 quietem
1870 4184 2030 4240 oontem-

453 4288 637 4386 plationis,
664 4304 700 4360 et
723 4288 891 4360 lectulum
917 4289 1018 4359 illum
1041 4289 1184 4384 dequo
1209 4288 1334 4359 eadem
1353 4285 1436 4358 alibi
1458 4287 1562 4359 dicit*
1582 4317 1590 4357 ι
1612 4318 1632 4355 «
1650 4291 1690 4358 ln
1708 4287 1838 4359 lectulo
1857 4311 1938 4360 meo
1964 4313 2030 4386 per

454 4426 577 4481 noctes
600 4411 742 4506 quesivi
766 4433 875 4506 quem
902 4409 1015 4505 diligit
1039 4405 1165 4479 anima
1185 4428 1313 4480 meaa
1345 4413 1423 4507 ipsa
1451 4412 1584 4507 quippe
1607 4407 1801 4505 nigredinis
1821 4407 2029 4480 deformitas

453 4531 632 4601 occultum
650 4531 895 4629 potiusquam
913 4527 1158 4615 manifestum,
1182 4543 1217 4599 et
1242 4543 1418 4599 secretum
1439 4531 1548 4626 magis
1564 4552 1675 4626 quiam
1692 4527 1875 4625 publicum
1895 4541 1992 4597 amat
2000 4531 2022 4594 ⁸.

453 4653 496 4719 Et
509 4673 587 4746 quae
605 4648 683 4720 talis
696 4665 748 4720 est
764 4673 873 4739 uxor,
890 4662 1022 4719 secreta
1036 4647 1155 4744 potius
1168 4648 1234 4718 viri
1255 4647 1382 4744 gaudia
1395 4672 1503 4745 quam
1523 4647 1706 4719 manifesta
1720 4646 1915 4733 desiderat,
1935 4661 1972 4718 et
1988 4647 2025 4717 in

452 4767 543 4838 lecto
561 4769 671 4864 magis
687 4767 763 4838 vult
780 4767 900 4838 sentiri
912 4789 1022 4862 qnam
1036 4766 1073 4835 in
1085 4789 1208 4837 mensa
1220 4765 1344 4838 videri.
1362 4771 1406 4838 Et
1422 4768 1625 4863 frequenter
1636 4766 1776 4855 accidit,
1793 4782 1833 4838 ut
1845 4768 2025 4861 nigrarum

485 4993 493 5017 ¹
514 4993 601 5042 Parim.
621 5009 732 5050 xnrvsv.
753 4996 789 5041 tt:
804 4989 859 5030 ·-'
873 4991 1001 5042 Dotemttu
1020 4991 1089 5044 MS.
1105 4992 1159 5030 -¹
1175 4993 1223 5041 lm-
1254 5007 1309 5058 cap.
1324 5007 1363 5053 ur,
1378 5007 1401 5041 r.
1422 4995 1444 5041 t.
1457 4990 1640 5042 -⁸loteritur
1659 5007 1733 5053 aeque
1754 5007 1807 5044 eum
1825 4993 1956 5042 horeum
1981 4993 2024 5040 itta

449 5082 558 5137 pulsuum
568 5082 732 5127 satanicarum
745 5075 815 5126 llll&
826 5075 880 5116 -··⁴
895 5077 1001 5134 Cende„
1011 5092 1065 5142 cap·
1082 5093 1103 5134 ι,
1115 5093 1141 5125 v.
1154 5079 1178 5127 6.
1189 5101 1222 5114 ···
1252 5081 1348 5140 pictura
1360 5097 1367 5126 .·

453 5161 462 5186 ⁸
472 5163 578 5210 Hominis
587 5161 615 5209 C.
623 5188 648 5198 -
661 5159 777 5220 mauu,
787 5175 843 5224 cap.
854 5175 912 5218 xxv,
924 5175 947 5209 r.
962 5165 970 5208 Ι
984 5171 1009 5210 ct
1016 5177 1054 5225 sq.
1063 5187 1082 5196 -
1095 5159 1103 5184 ²
1117 5161 1221 5216 tanae,
1437 5173 1498 5223 optat
1506 5171 1544 5211 sub
1553 5171 1597 5211 tuce
1607 5171 1679 5212 videet.
1690 5173 1750 5212 atto.
