4536 6102
733 578 969 652 EXPOSlTlO
994 577 1039 652 lN
1064 579 1358 654 floxlnunon.
1771 581 1836 656 ost

255 735 423 795 autemst
438 717 604 817 albugine
621 720 681 792 ovi
697 734 838 792 constat
853 718 993 817 pullum
1008 721 1045 792 in
1064 745 1108 792 eo
1119 720 1267 794 formari
1280 736 1316 792 et
1327 719 1425 792 nasci
1441 734 1501 792 :et
1517 745 1559 792 ex
1575 733 1670 793 terra
1682 720 1738 793 vel
1750 745 1844 818 aqua

254 858 385 916 cuncta
409 842 562 940 produci
577 866 619 915 ac
635 841 784 914 formari
805 841 1001 912 animantia
1021 839 1113 912 liber
1133 842 1198 913 iste
1222 856 1497 914 commemorat.
1518 842 1615 913 Sicut
1637 842 1744 938 igitur
1769 846 1843 916 avis

255 989 326 1038 ovo
343 963 556 1036 incumbens
572 977 608 1035 et
624 964 657 1035 ei
673 962 786 1034 nimio
803 960 934 1033 aflectu
950 987 988 1033 se
1005 961 1212 1060 applicans,
1230 963 1350 1062 ipsum
1370 963 1491 1035 calore
1515 988 1581 1034 suo
1610 964 1728 1052 fovet,
1752 965 1844 1036 sicut

255 1084 391 1156 dictum
408 1099 483 1173 est,
502 1082 641 1181 pullum
658 1081 789 1153 format
806 1095 914 1178 atque
927 1079 1105 1169 vivificat,
1125 1082 1175 1153 sic
1191 1081 1315 1154 divina
1330 1082 1474 1154 bonitas
1496 1107 1575 1180 quae
1593 1083 1743 1181 Spiritus
1766 1107 1844 1156 san·

253 1217 332 1274 ctus
349 1201 570 1298 intelligitur,
590 1217 626 1272 et
642 1201 787 1299 proprie
804 1201 932 1272 caritas
948 1201 1016 1272 Dei
1033 1198 1178 1290 dicitur,
1194 1225 1273 1298 quae
1289 1201 1407 1272 infusa
1428 1199 1598 1272 cordibus
1620 1199 1781 1274 fidelium
1802 1227 1844 1275 ea

255 1319 390 1392 fervere
405 1320 443 1392 in
461 1325 577 1392 Deum
595 1320 695 1411 facit,
714 1319 814 1391 etsie
830 1319 992 1416 quodam
1008 1344 1075 1392 suo
1092 1318 1169 1391 fotu
1183 1317 1337 1392 calentia
1352 1319 1491 1409 reddit,
1509 1319 1561 1390 illi
1582 1319 1701 1392 adhuc
1725 1319 1843 1392 fluidae

254 1453 289 1512 et
304 1440 462 1512 instabili
477 1440 676 1537 congeriei,
695 1440 798 1538 quasi
814 1440 915 1536 aquis
932 1463 1082 1538 praeesse
1098 1437 1242 1529 dieitur,
1263 1455 1304 1510 ut
1319 1423 1405 1512 inde
1423 1439 1657 1538 postmodum
1678 1441 1842 1512 animan·

254 1561 303 1632 tia
318 1561 512 1658 producat,
532 1562 618 1660 quia
632 1561 683 1633 sic
700 1584 780 1634 eam
796 1559 980 1658 quasi'sub
997 1586 1035 1632 se
1056 1560 1237 1650 habebat,
1256 1559 1328 1632 hoc
1344 1576 1415 1650 est,
1442 1562 1478 1634 in
1505 1586 1576 1640 sua.
1591 1576 1783 1659 potestate,
1803 1577 1843 1633 ut

253 1680 338 1753 inde
353 1680 589 1778 postmodum
604 1680 792 1752 hominem
814 1695 851 1753 et
867 1679 1065 1754 animantia
1084 1695 1211 1753 caetera
1227 1681 1330 1778 quasi
1346 1680 1392 1751 de
1409 1704 1480 1752 ovo
1496 1680 1635 1778 pullum
1652 1680 1840 1772 formaret,

252 1821 294 1870 ac
311 1799 465 1872 formata
479 1799 689 1872 vivificaret.

301 1918 508 1991 Notandum
535 1942 622 1989 vero
649 1917 752 2017 quod
777 1916 841 1991 ubi
869 1941 936 1990 nos
962 1915 1115 1990 dicimus
1138 1946 1155 1986 α
1175 1918 1320 2016 spiritus
1346 1917 1493 1988 Domini
1526 1917 1705 1990 serebatur
1734 1943 1842 2016 super

253 2059 383 2132 aquas,
401 2063 420 2104 n
448 2061 515 2134 pro
543 2038 670 2135 spiritu
691 2034 902 2110 hebraicum
923 2036 1034 2110 hahet
1055 2037 1186 2123 ruauh,
1213 2037 1313 2135 quod
1339 2051 1414 2109 tam
1435 2037 1599 2134 spiritum
1621 2061 1730 2135 quam
1751 2061 1840 2110 ven·

252 2169 334 2226 tum·
345 2153 487 2252 figurat.
507 2161 551 2227 tlt
566 2181 633 2255 pro
648 2181 692 2228 eo
709 2156 810 2255 quod
826 2157 997 2248 dicimus,
1018 2185 1036 2226 u
1050 2156 1231 2232 serebatur
1251 2181 1359 2254 super
1375 2181 1503 2253 aquas,
1518 2185 1536 2224 n
1553 2159 1590 2228 in
1613 2157 1756 2230 hebraeo
1773 2175 1838 2250 est,

254 2274 466 2348 «volitabat
489 2300 596 2372 super
618 2275 746 2348 faciem
771 2299 969 2374 aquarum,
988 2304 1006 2344 n
1025 2291 1066 2348 ut
1086 2299 1195 2373 supra
1216 2300 1364 2373 quoque
1387 2277 1629 2372 meminimus.
1649 2283 1700 2350 Ex
1716 2303 1789 2377 quo
1806 2295 1842 2351 et

251 2395 406 2466 volitans
419 2394 505 2466 alibi
520 2396 558 2466 in
575 2395 706 2467 eodem
719 2395 899 2493 propbeta
913 2397 1103 2494 reperitur,
1123 2419 1236 2491 quum
1250 2395 1417 2466 dieitur¹:
1436 2397 1565 2468 «Sicut
1579 2397 1841 2496 aquilaprovo·

251 2537 336 2587 cans
352 2514 399 2586 ad
417 2514 615 2587 volandum
639 2515 757 2615 pullos
781 2529 818 2586 et
838 2539 948 2612 super
969 2539 1032 2587 eos
1051 2513 1219 2586 volitans.
1239 2541 1258 2580 n
1281 2513 1390 2600 Quod
1415 2515 1535 2613 itaque
1558 2515 1689 2588 dicitur
1712 2534 1841 2592 ventus

251 2636 317 2706 Dei
328 2635 405 2731 jam
421 2650 508 2707 tunc
524 2659 631 2734 super
648 2633 776 2706 faciem
789 2656 965 2732 aquarum
980 2633 1154 2722 volitare,
1173 2631 1211 2703 id
1228 2646 1299 2722 est,
1318 2633 1509 2722 ventilare,
1528 2634 1598 2706 tale
1614 2650 1668 2707 est
1683 2635 1841 2710 fortassis

246 2754 346 2848 juxta
365 2752 539 2843 litteram,
558 2776 601 2824 ac
618 2754 649 2824 si
664 2752 843 2825 diceretur
860 2777 868 2821 ε
888 2749 988 2848 quod
1000 2751 1077 2845 jam
1100 2764 1190 2822 tunc
1214 2764 1343 2822 ventus
1367 2775 1389 2824 a
1407 2754 1484 2822 Deo
1511 2753 1611 2848 aquis
1636 2754 1837 2846 immissus,

250 2895 376 2945 earum
390 2871 613 2969 superiorem
629 2885 790 2968 partem,
808 2893 919 2967 quam
931 2891 1073 2965 semper
1089 2882 1232 2942 constat
1253 2866 1425 2940 leviorem
1448 2893 1524 2942 esse
1546 2871 1583 2940 in
1608 2871 1709 2942 omni
1735 2895 1840 2970 aqua·

249 3015 333 3062 rum
347 2989 535 3088 congerie,
553 3013 694 3062 sursum
714 2988 888 3086 agitabat,
910 3002 951 3060 ut
965 2986 1133 3063 videlicet
1148 2987 1383 3086 postmodum
1398 3013 1578 3087 suspensae
1592 2988 1835 3065 firmarentur.

251 3115 373 3198 Quum
383 3111 482 3182 enim
492 3109 727 3209 postmodum
736 3110 802 3182 ait:
818 3109 920 3181 «Fiat
926 3107 1197 3186 firmamentum
1209 3109 1249 3180 in
1261 3108 1382 3180 medio
1391 3133 1614 3206 aquarum3»
1629 3124 1666 3181 et
1674 3134 1834 3184 rursum:

253 3260 271 3298 n
287 3230 408 3303 divisit
425 3253 536 3329 aquas
552 3255 632 3329 quae
648 3243 751 3302 erant
770 3228 838 3302 sub
859 3227 1090 3304 firmamento
1106 3227 1154 3302 ab
1168 3229 1225 3302 his
1236 3254 1320 3327 quae
1337 3245 1440 3302 erant
1459 3255 1580 3328 super,
1596 3259 1614 3299 n
1632 3233 1752 3306 innuit
1762 3235 1839 3331 jam

250 3374 310 3426 eas
326 3353 432 3424 fuisse
452 3352 600 3442 divisas,
616 3350 683 3424 sed
702 3349 870 3424 nondum
889 3371 967 3424 esse
992 3346 1164 3423 firmatas.
1184 3339 1257 3422 Nec
1282 3349 1420 3422 mireris
1445 3348 1517 3423 hoc
1542 3350 1624 3423 loco
1648 3367 1796 3424 ventum
1818 3378 1839 3426 a

249 3472 408 3544 Domino
422 3472 524 3570 aquis
539 3471 740 3544 immissum
755 3470 921 3570 spiritum
939 3470 1088 3542 Domini
1104 3493 1125 3542 a
1140 3471 1263 3566 Moyse
1286 3468 1376 3558 dici,
1395 3493 1508 3566 quum
1532 3469 1603 3541 hoe
1629 3471 1727 3543 idem
1752 3496 1838 3571 pro·

249 3591 359 3690 plreta
373 3606 548 3690 tanquam
561 3591 600 3665 in
616 3588 878 3665 cousuetudine
893 3587 1033 3664 habens
1051 3588 1138 3662 alibi
1154 3588 1293 3662 dicat':
1311 3618 1329 3658 a
1344 3593 1384 3660 ln
1397 3590 1525 3688 spiritu
1539 3589 1667 3662 furoris
1687 3592 1740 3662 tui
1756 3617 1840 3664 con·

251 3726 400 3809 gregatae
415 3727 499 3784 sunt
514 3735 628 3810 aquae.
646 3739 666 3780 n
686 3715 731 3799 Et
746 3711 908 3784 rursum⁸
928 3735 938 3779 z
959 3708 1105 3781 «Flavit
1125 3709 1270 3807 spiritus
1287 3723 1386 3798 tuus,
1405 3723 1441 3781 et
1457 3712 1599 3808 operuit
1614 3736 1676 3783 eos
1693 3735 1804 3784 mare.
1818 3741 1837 3782 n

252 3831 323 3901 Nec
335 3831 468 3902 mirum
487 3846 638 3903 ventum
654 3827 847 3902 aDomino
863 3825 1065 3900 immissum
1085 3827 1251 3923 spiritum
1266 3827 1342 3921 ejus
1358 3827 1498 3916 vocari,
1525 3854 1638 3925 quum
1663 3829 1839 3926 malignus

250 3975 396 4048 quoque
411 3951 574 4050 spiritus,
593 3971 858 4046 nonnunquam
873 3944 921 4020 ab
936 3970 984 4018 eo
999 3945 1116 4018 furere
1140 3946 1355 4044 permissus,
1386 3947 1530 4044 spiritus
1552 3950 1698 4020 Domini
1724 3950 1838 4024 malus

250 4083 492 4168 nuncupetur,
510 4069 603 4142 sicut
617 4068 655 4142 in
669 4067 774 4140 Saule
790 4064 952 4164 legimus.

299 4191 394 4258 Bene
410 4201 531 4261 autem
545 4201 674 4293 ventus
689 4186 791 4284 aquis
811 4186 994 4259 immissus
1013 4198 1048 4258 et
1071 4207 1133 4258 eas
1157 4183 1366 4274 sustollens,
1385 4201 1425 4256 ut
1445 4186 1651 4258 universum
1678 4201 1838 4284 tegerent

251 4307 451 4398 mundum,
473 4322 601 4407 typum
626 4321 758 4382 nostrae
784 4305 1064 4406 regenerationis
1091 4329 1135 4380 ex
1160 4329 1253 4404 aqua
1276 4320 1312 4378 et
1331 4305 1457 4405 spiritu
1485 4307 1732 4405 pmsigoabat.
1759 4314 1837 4383 Hoc

251 4427 350 4500 enim
365 4424 584 4502 elementum
599 4427 750 4526 Spiritus
766 4440 911 4502 sanctus
926 4427 1061 4500 oaeteris
1074 4425 1246 4524 dignitate
1256 4425 1413 4524 praetecir
1428 4449 1470 4499 ae
1486 4430 1731 4528 superposuit,
1748 4429 1836 4504 dum

251 4545 322 4620 hoc
337 4549 371 4620 ei
385 4550 441 4621 sui
457 4549 576 4646 gratiae
591 4545 809 4620 beneficium
821 4545 987 4636 contulit,
1000 4561 1041 4619 ut
1054 4544 1297 4644 quorumlibet
1309 4545 1500 4624 hominum
1511 4571 1604 4644 aqua
1616 4546 1838 4645 baptismatis

251 4666 478 4766 perfusorum
494 4668 661 4740 universa
687 4681 835 4766 peccata
855 4667 907 4742 sic
932 4679 1136 4764 tegerentur
1159 4667 1217 4740 vel
1241 4666 1465 4757 delerentur,
1493 4681 1532 4739 ut
1555 4692 1622 4739 nec
1645 4668 1836 4740 satisfactio

251 4809 367 4884 poenae
382 4787 580 4888 corporalis
598 4801 761 4862 restaret.

301 4907 337 4978 Si
353 4908 434 5008 quis
448 4909 558 4982 etiam
579 4908 652 4982 hoo
671 4907 720 4982 ad
742 4904 944 4982 naturalem
964 4905 1132 4980 ordinem
1153 4905 1415 4982 elementorum
1431 4909 1480 4982 ita
1496 4907 1643 4998 referat,
1663 4923 1703 4981 ut
1718 4932 1837 4984 aerem
1902 4923 1908 4934 '

271 5171 292 5240 ,⁴
305 5171 389 5236 Deua,
403 5187 459 5240 cap.
472 5189 541 5227 mn
550 5209 559 5238 ,
568 5188 594 5227 r.
608 5175 648 5226 tt.
657 5199 689 5214 -·
699 5173 710 5201 '
722 5173 817 5234 Erum,
829 5187 887 5240 esp.
898 5187 943 5236 ar,
953 5187 977 5225 t.
991 5171 1020 5226 8.
1029 5169 1082 5212 -⁸
1095 5171 1168 5236 thid..
1180 5187 1204 5224 v.
1222 5174 1260 5224 1⁰.
