4522 6104
445 530 518 604 674
907 602 912 614 1
974 553 978 562 ·
1044 525 1432 598 restituentem

445 669 577 744 caudes
590 669 724 766 quippe
738 664 1046 738 summariorum
1056 664 1160 737 bunc
1174 663 1233 736 vel
1248 665 1374 738 vinum
1389 664 1474 736 hinc
1491 687 1696 761 expressum
1713 688 1790 736 esse
1812 679 1976 755 constat,
1993 683 2028 740 et

339 803 343 808 '
444 791 482 864 in
507 786 1121 873 luxuriemurasimocommovere,
1136 784 1237 878 juxta
1255 783 1345 854 illud
1365 781 1543 880 Apostoli¹
1561 809 1570 852 ι
1586 810 1604 850 s
1621 781 1736 854 Nolite
1757 782 1928 858 inebriari
1943 786 2029 859 vino

446 909 483 980 in
499 932 573 1004 quo
590 921 645 978 est
654 905 808 977 lusoria.
827 932 845 972 n
863 901 1072 976 Seouudum·
1088 926 1201 1000 quern
1220 903 1329 977 etiam
1349 901 1494 972 luxuriae
1516 915 1657 973 motum
1677 901 1715 972 in
1736 901 1861 998 primis
1878 902 1946 975 illis
1961 903 2028 976 ho·

446 1025 603 1100 minibus
619 1025 704 1097 inde
720 1025 874 1112 saeuam,
893 1023 940 1095 de
955 1047 1028 1120 quo
1045 1020 1294 1096 erubescentes
1314 1019 1428 1092 virilia
1449 1034 1631 1107 texerunt,
1654 1043 1729 1092 non
1755 1021 1954 1118 incongrue
1975 1023 2028 1096 vi·

447 1145 551 1217 detur
579 1145 735 1232 dictum,
759 1144 915 1216 scientire
934 1142 1024 1214 boni
1044 1156 1081 1212 et
1102 1141 1188 1213 mali
1212 1141 1320 1212 luisse
1342 1138 1431 1211 illud
1454 1139 1604 1236 lignum.
1623 1140 1788 1236 Denique
1814 1141 1921 1236 hujus
1944 1142 2028 1241 ligni

445 1283 605 1365 gustum,
624 1268 662 1338 in
679 1291 752 1363 quo
770 1263 885 1335 Adam
900 1261 1075 1335 excedens
1090 1275 1165 1334 tam
1180 1285 1219 1334 se
1234 1284 1345 1358 quam
1360 1273 1523 1356 posteros
1538 1283 1653 1356 poenae
1666 1257 1819 1349 addixit,
1836 1261 1874 1332 in
1890 1275 2029 1336 tannim

445 1385 724 1485 posteritasejus
741 1381 982 1482 postmodum·
992 1380 1197 1468 abhorrrut,
1216 1379 1274 1450 vel
1288 1379 1402 1450 vitare
1419 1377 1594 1466 decrevit,
1612 1393 1654 1448 ut
1670 1393 1753 1450 ante
1770 1377 1942 1452 diluvium
1964 1407 2029 1456 ne·

446 1533 508 1582 mo
524 1510 650 1580 vinum
661 1506 821 1601 attigisse
838 1503 1017 1592 oredattu,
1035 1502 1139 1600 quasi
1153 1525 1294 1576 memor
1309 1524 1424 1598 poenae
1440 1524 1550 1598 quam
1565 1524 1609 1572 ex
1628 1514 1818 1572 contractu
1831 1501 2028 1596 incurrerat

447 1628 546 1700 vetiti
563 1627 710 1698 fructus.
727 1629 814 1696 Post
829 1624 1005 1696 diluvium
1020 1627 1097 1694 Noe
1112 1621 1274 1720 plantata
1288 1621 1414 1710 vinea,
1429 1620 1531 1717 quasi
1547 1618 1759 1717 supradictae
1778 1623 2028 1718 transgressio·

446 1747 502 1819 nis
518 1747 721 1835 immemor,
739 1743 936 1816 inebriatus
954 1743 1042 1813 vino
1059 1755 1293 1829 memoratur,
1313 1755 1349 1812 et
1369 1739 1488 1811 statim
1512 1737 1724 1835 genitalibus
1747 1740 1821 1810 suis
1840 1739 2032 1814 denudatis

444 1864 632 1963 turpitudo
648 1865 724 1959 ejus
740 1863 918 1961 apparuit.
936 1863 1046 1934 Sic'et
1061 1861 1099 1933 iu
1115 1861 1239 1960 primis
1252 1858 1461 1958 parentibus
1475 1845 1608 1932 lactum
1620 1859 1753 1948 suerat,
1765 1860 1828 1957 qui
1842 1875 2030 1957 postcom·

446 1985 595 2076 missum
608 1983 725 2056 vetitae
744 1982 882 2054 arboris
897 1995 1046 2078 *grutam
1064 1979 1190 2052 nudati
1209 1979 1426 2068 reseruntur,
1444 1992 1480 2050 et
1499 1977 1545 2049 de
1566 2001 1629 2050 sua
1652 1978 1815 2050 nuditate
1838 2003 1924 2050 mox
1948 2001 2029 2052 eru·

445 2103 587 2193 buisse,
607 2117 643 2174 et
657 2102 703 2174 ad
721 2100 871 2198 tegenda
887 2099 1059 2198 pudenda
1075 2099 1195 2170 statim
1217 2097 1417 2187 festinasse,
1434 2096 1527 2169 sicut
1547 2111 1583 2169 et
1602 2097 1648 2168 de
1670 2101 1746 2170 Noe
1768 2095 1844 2170 duo
1868 2097 1945 2194 ejus
1969 2097 2031 2171 lilii

446 2238 679 2312 curaverunt,
697 2223 802 2294 tertio
819 2235 958 2318 patrem
973 2217 1156 2290 irridente.

498 2346 574 2412 «Et
590 2341 731 2412 fluvius.
747 2369 765 2407 a
780 2338 821 2411 ld
835 2363 986 2435 quoque
996 2337 1043 2410 ad
1060 2333 1334 2410 describendam
1350 2335 1592 2407 amoenitatem
1607 2334 1679 2408 loci
1697 2335 1870 2434 pertinet,
1890 2351 1931 2410 ut
1948 2361 2032 2412 cum

447 2456 636 2532 arboribus
649 2457 853 2554 jocunditas
869 2481 1014 2555 quoque
1030 2455 1129 2527 fluvii
1144 2453 1281 2536 incolas
1296 2453 1375 2526 illos
1390 2453 1599 2528 oblectaret.

427 2655 431 2664 ,
497 2581 584 2654 «De
598 2577 680 2649 loeo
695 2577 935 2675 voluptatis.»
954 2581 1032 2648 Hoc
1047 2590 1101 2648 est
1116 2573 1163 2646 de
1183 2575 1264 2672 ipso
1284 2572 1470 2672 paradiso,
1488 2597 1563 2666 non
1590 2572 1636 2646 de
1662 2572 1749 2645 loris
1773 2572 1946 2667 influens,
1961 2575 2030 2650 sed

445 2694 517 2768 de
507 2719 587 2794 ipso
602 2695 795 2794 paradiso
786 2709 883 2767 intus
897 2719 1065 2785 nascens,
1083 2708 1124 2766 ut
1138 2693 1264 2766 omnia
1276 2694 1314 2764 in
1331 2715 1369 2766 se
1385 2693 1584 2764 necessaria
1602 2693 1790 2766 continere
1811 2709 2031 2768 monstrabit

445 2841 521 2890 non
537 2817 684 2892 aliunde
698 2818 871 2915 accipere.

496 2966 516 3008 a
530 2938 584 3010 sd
599 2937 836 3035 irrigandum
848 2966 868 3006 »
886 2940 931 3008 Et
945 2935 1103 3010 morem
1118 2948 1332 3033 perpetuum
1346 2958 1388 3005 er
1370 2932 1670 3023 conserendum,
1685 2933 1835 3008 utnulla
1847 2881 1899 3008 ibi
1908 2932 2030 3033 pluvia

446 3073 538 3132 esset
553 3060 771 3132 necessaria.

497 3177 631 3252 «Inde.
649 3207 667 3246 s
688 3177 792 3251 Unde
808 3175 977 3250 videlieet
988 3175 1035 3250 de
1052 3190 1149 3250 terra
1169 3173 1355 3272 egrediens
1375 3171 1601 3270 emergebat,
1619 3173 1676 3246 vel
1698 3173 1744 3246 de
1761 3137 1843 3272 ipso
1863 3153 2029 3273 paradiso

444 3321 559 3395 quum
573 3299 726 3372 exterius
741 3283 986 3398 egrederemr,
1001 3295 1166 3394 qu'amvis
1180 3295 1218 3366 in
1234 3295 1314 3392 ipso
1329 3292 1497 3392 paradiso
1513 3292 1615 3390 quasi
1630 3317 1726 3366 uuus
1738 3308 1832 3368 esset
1847 3293 1989 3366 fluvius.

496 3446 515 3486 ι(
532 3423 573 3489 ln
590 3432 745 3514 quatuor
761 3417 891 3514 capita.
909 3442 928 3486 a
946 3415 988 3486 ld
1004 3429 1076 3503 est,
1096 3415 1133 3486 in
1152 3412 1307 3508 origines
1328 3426 1483 3510 quatuor
1506 3411 1701 3484 fluviorum
1723 3411 1800 3486 hec
1822 3412 1864 3484 fit
1885 3411 2028 3484 divisio.

446 3535 516 3606 Ubi
532 3535 629 3606 enim
644 3535 776 3606 divisio
790 3533 867 3604 haee
880 3533 1024 3629 insipit,
1042 3532 1128 3604 inde
1142 3531 1280 3604 babent
1293 3531 1444 3604 flumina
1459 3531 1648 3628 distingui,
1666 3533 1752 3630 quia
1767 3547 1851 3604 ante
1865 3531 1961 3604 hano
1975 3530 2031 3603 di·

444 3655 621 3726 visionem
636 3668 720 3726 tota
729 3653 790 3726 illa
804 3677 898 3786 atpu
912 3675 978 3750 per
993 3676 1108 3724 unum
1122 3651 1265 3726 alveum
1285 3651 1490 3724 discurrens
1509 3650 1643 3724 fluvius
1658 3655 1752 3750 unus'
1777 3650 1930 3724 dicenda
1952 3665 2029 3742 est,

444 3773 518 3846 sive
535 3771 616 3843 fons
631 3796 724 3842 unus
740 3783 776 3842 et
791 3795 894 3867 ongo
909 3769 1053 3846 illerum
1068 3784 1223 3866 quatuor
1239 3769 1444 3844 fluviorum
2051 3769 2058 3782 '

497 3895 669 3963 «Nomen
686 3891 761 3962 uni
780 3917 798 3957 »
816 3889 989 3964 Videlicet
1004 3885 1115 3988 capiti
1132 3887 1266 3962 borum
1287 3903 1458 3986 quauror.
1475 3889 1573 3960 Sicut
1593 3867 1694 3960 enirn
1709 3885 1856 3961 fluvius
1863 3889 2030 3987 quislibet

444 4015 582 4088 horum
594 4028 749 4111 quatuor
764 4037 785 4084 a
801 4013 918 4109 capite
933 4036 1001 4084 suo
1015 4009 1127 4089 habet
1143 4009 1330 4108 distingui,
1343 4011 1393 4082 ite
1404 4024 1442 4082 et
1453 4033 1474 4082 a
1485 4010 1601 4108 capite
1614 4008 1726 4082 habet
1736 4010 1917 4099 nominari
1925 4012 2029 4110 ,quis

446 4153 559 4231 usque
575 4131 623 4204 ad
637 4130 780 4204 initium
795 4129 888 4204 illius
904 4129 1093 4205 divisionis
1106 4143 1184 4202 tota
1198 4127 1291 4204 illius
1307 4127 1407 4200 fluvii
1423 4151 1518 4226 aqrra
1531 4128 1582 4199 sio
1597 4125 1655 4199 vel
1670 4128 1721 4200 sic
1737 4129 1948 4202 nominatur
1967 4129 2029 4202 do·

445 4277 514 4326 neo
528 4275 628 4324 mare
643 4248 853 4346 ingreditur.

495 4377 608 4470 «lpse
629 4385 732 4442 est.»
754 4374 832 4464 Hos
851 4391 1069 4467 pronomem
1088 4365 1277 4444 relativum
1296 4367 1424 4466 «ipse,
1442 4391 1592 4465 »quum
1612 4366 1658 4438 sit
1683 4365 1871 4478 masculini
1892 4367 2028 4464 genem

445 4490 645 4568 seeundum
660 4489 916 4589 proprietatem
936 4487 1234 4578 construetionis,
1251 4485 1500 4562 reducendum
1520 4501 1574 4560 est
1594 4485 1733 4559 adhoc
1754 4510 1889 4560 nomen
1911 4515 1929 4556 e
1947 4487 2030 4560 Phi·

444 4638 532 4703 son,
550 4640 569 4685 s
589 4635 664 4684 non
681 4607 729 4682 ad
743 4608 832 4682 illud
847 4607 948 4707 quod
964 4610 1185 4708 premissum
1200 4623 1273 4698 est,
1290 4609 1355 4682 uni
1370 4606 1539 4683 videlieet
1552 4608 1673 4707 capiti.

497 4734 866 4804 «Omnem-terram.»
876 4733 947 4802 Pro
956 4729 1086 4826 majori
1094 4742 1196 4826 parte
1205 4726 1312 4818 dicit,
1319 4751 1433 4826 quum
1441 4726 1560 4804 nullus
1572 4725 1701 4800 fluvius
1711 4725 1869 4826 aliquam
1878 4728 2027 4800 omnino

445 4847 981 4948 tetrameirouirepossit,quum
989 4847 1193 4927 nullueous
1200 4845 1523 4948 perillempartem,
1531 4871 1603 4945 qua
1611 4839 1741 4939 influit,
1752 4847 2023 4948 eliluerepossit.

478 5117 487 5146 ¹
505 5118 607 5180 upra„
619 5131 675 5183 cap.
685 5131 710 5177 r,
722 5131 744 5166 r.
759 5117 799 5166 tt.
