4496 6102
539 595 582 666 ΙΝ
608 589 945 664 PURlFlCATlONE
971 591 1156 666 SANCTAE
1181 593 1337 666 lllARlAE
1361 595 1524 666 SERMO.
1638 640 1644 651 ·
1754 601 1820 671 39t

240 761 319 809 rum
341 750 410 825 est,
433 759 553 807 amare
564 735 741 807 liliorum.
758 763 775 802 n
797 732 870 804 Sub
891 731 1075 806 elementis
1092 735 1166 808 istis
1184 734 1341 808 serviunt
1359 737 1420 832 qui
1435 738 1564 810 timore
1582 763 1769 836 poenarum
1793 742 1830 812 in

238 859 314 954 lege
336 857 627 946 constitutarum,
644 880 757 953 quum
774 853 918 928 dicitur¹
934 882 941 923 :
960 884 977 922 u
991 859 1144 930 Dentem
1165 881 1232 954 pro
1248 854 1375 946 dente,
1391 871 1475 948 etc.,
1492 886 1509 928 u
1528 858 1574 930 ad
1588 858 1830 932 obedientiam

238 990 414 1070 coguntur
433 991 472 1047 ut
493 976 600 1064 servi,
622 998 696 1048 non
717 997 840 1046 amore
856 973 1037 1046 ducuntur
1057 991 1094 1048 ut
1109 973 1183 1048 filii.
1207 975 1310 1076 Upde
1327 991 1363 1047 et
1379 992 1461 1074 post
1476 976 1625 1048 modum
1644 979 1719 1075 ipse
1735 985 1830 1077 Apo-

238 1097 348 1168 stolus
368 1097 443 1169 duo
464 1110 675 1171 testamenta
696 1118 761 1191 per
782 1099 872 1191 Agar
892 1094 1077 1186 ancillam,
1102 1110 1136 1168 et
1157 1099 1278 1168 Saram
1298 1095 1447 1169 liberam
1468 1097 1688 1194 distinguens
1696 1102 1719 1188 ²,
1743 1097 1829 1172 illud

239 1221 274 1289 in
293 1219 477 1310 servitute,
497 1218 591 1292 istud
610 1219 647 1288 in
666 1215 827 1288 libertate
850 1215 1007 1287 declarat
1019 1217 1196 1314 populum
1209 1223 1286 1290 Deo
1301 1243 1487 1315 generare,
1509 1235 1545 1291 et
1562 1219 1663 1317 quasi
1683 1219 1729 1292 ad
1746 1221 1831 1292 obe-

236 1339 407 1413 diendum
429 1342 462 1412 ei
482 1365 614 1412 creare.
639 1337 741 1410 Unde
759 1351 794 1409 et
814 1335 901 1408 illud
920 1337 1111 1427 servitutis,
1132 1339 1203 1410 hoc
1222 1354 1474 1414 testamentum
1487 1342 1616 1414 dicitur
1638 1340 1826 1414 libertatis:

238 1460 324 1533 illud
342 1463 497 1552 timoris,
524 1462 596 1533 hoc
618 1459 777 1530 amoris:
803 1457 892 1529 illud
917 1457 1174 1550 inchoationis,
1204 1460 1276 1534 hoc
1300 1463 1538 1560 perfectionis.
1566 1467 1619 1536 De
1638 1489 1708 1559 qua
1733 1490 1830 1536 nrrnc

237 1587 454 1680 perfectione
472 1583 673 1679 subjungit:
692 1610 709 1648 u
725 1585 765 1651 lt
784 1579 846 1652 ubi
860 1581 958 1651 venit
972 1580 1159 1679 plenitudo
1179 1584 1392 1678 temporis.»
1413 1585 1675 1658 Plenitudinem
1693 1601 1831 1685 tempo-

237 1704 285 1775 ris
306 1704 498 1803 perlectam
521 1702 648 1775 mundi
665 1716 804 1773 aetatem
823 1701 926 1790 dicit,
948 1716 1030 1801 post
1046 1701 1136 1773 illud
1158 1717 1299 1801 tempus
1320 1702 1551 1802 parvulorum
1575 1705 1674 1803 quod
1694 1708 1833 1804 praemi-

235 1825 290 1896 sit.
324 1819 403 1896 Non
431 1825 527 1896 enim
549 1824 625 1922 jam
647 1803 786 1922 parvuli
810 1823 881 1894 vita
908 1822 964 1894 vel
990 1822 1152 1896 doctrina
1175 1822 1356 1896 christiani
1381 1824 1524 1898 dicendi
1547 1843 1648 1916 sunt,
1670 1829 1759 1898 sicut
1782 1828 1832 1899 illi

236 1943 389 2015 filerunt.
419 1925 556 2015 Dicitur
574 1943 681 2014 etiam
700 1941 886 2040 plenitudo
905 1943 1078 2040 temporis
1099 1944 1362 2016 consummatio
1385 1968 1529 2036 eomm,
1556 1969 1634 2042 quae
1659 1947 1832 2043 promissa

235 2067 374 2138 fueraut
392 2064 440 2136 de
460 2064 616 2136 adventu
638 2062 779 2135 Christi.
803 2063 916 2152 Quale
934 2078 987 2136 est
1005 2063 1093 2136 illud
1111 2065 1234 2137 Jacobi
1252 2067 1500 2166 patriarcbae⁸1
1520 2095 1539 2135 a
1556 2071 1635 2138 Non
1654 2067 1833 2140 auferetur

235 2202 413 2287 sceptrum
431 2187 476 2259 de
495 2187 604 2278 Juda,
621 2201 688 2259 etc.
706 2215 723 2254 u
745 2189 788 2258 Et
813 2186 902 2258 illud
926 2187 963 2258 in
987 2186 1153 2258 Daniele‘
1179 2188 1225 2260 de
1251 2213 1402 2260 numero
1425 2188 1697 2261 hebdomadum
1720 2213 1832 2262 anno-

236 2332 332 2397 rum,
354 2321 389 2380 et
402 2306 449 2380 de
462 2307 693 2382 institutionis
712 2305 850 2378 defectu
871 2304 928 2378 vel
945 2306 1289 2410 sacrificii,·quando
1308 2310 1500 2410 inungetur
1518 2313 1667 2381 Sanctus
1685 2325 1831 2382 sancto-

237 2453 328 2501 rum.
356 2431 437 2498 llaee
459 2452 544 2527 ergo
569 2427 756 2528 plenitudo
777 2427 879 2524 quasi
901 2428 1048 2524 quidam
1070 2441 1124 2498 est
1143 2427 1302 2501 delectus
1322 2429 1425 2526 legis,
1447 2445 1485 2502 ut
1508 2455 1620 2527 quum
1647 2427 1733 2499 ritus
1756 2431 1831 2526 ejus

235 2549 420 2642 deiiceret,
443 2565 478 2624 et
492 2557 631 2648 Moyses
646 2549 835 2622 defunctus
849 2563 956 2640 esset,
973 2550 1206 2646 Evangelium
1225 2550 1311 2648 legi,
1335 2567 1371 2623 et
1383 2577 1487 2624 verus
1501 2556 1607 2624 losue
1626 2550 1832 2626 succederet

237 2670 368 2766 lloysi,
394 2687 435 2743 ut
458 2649 794 2744 consummarentur
810 2673 848 2744 in
866 2672 940 2742 istis
959 2695 1038 2768 quae
1063 2672 1219 2770 incoepta
1237 2671 1378 2743 fueraut
1396 2673 1431 2742 in
1450 2671 1528 2744 illis.
1553 2702 1570 2740 u
1588 2671 1658 2743 Ubi
1681 2673 1794 2762 venit,
1811 2706 1828 2744 u

237 2792 362 2888 inquit.
394 2796 484 2864 Nam
506 2793 571 2865 etsi
594 2796 690 2863 Deus
712 2791 810 2888 quod
837 2792 1015 2890 promittit
1038 2791 1193 2882 dillerat,
1223 2792 1425 2864 nullatenus
1449 2791 1581 2883 tardat,
1607 2792 1670 2864 sed
1695 2793 1832 2888 singula

237 2925 401 3008 tempora
419 2915 470 2984 sio
488 2913 663 3010 disponit,
688 2927 727 2983 ut
744 2913 780 2983 in
803 2914 853 2985 eis
871 2926 1016 3012 peragat
1032 2912 1132 3010 quod
1151 2912 1338 3009 promittit.
1358 2912 1448 2982 Hinc
1468 2926 1502 2982 et
1522 2910 1688 2983 Habacuc
1701 2911 1804 2982 dictu
1820 2943 1828 2984 :

240 3062 256 3098 a
273 3033 308 3102 Si
326 3059 465 3105 moram
481 3035 620 3136 lecerit,
635 3050 780 3132 expecta
796 3059 898 3122 eum,
920 3037 1002 3129 quia
1020 3035 1168 3106 veniens
1184 3034 1321 3122 veniet,
1342 3048 1377 3103 et
1396 3056 1469 3103 non
1492 3031 1689 3104 tardabit.»
1710 3038 1830 3132 Longe

235 3167 319 3224 ante
336 3153 529 3226 adventurn
549 3154 690 3244 Christi,
711 3154 756 3226 de
774 3155 852 3252 ipso
866 3155 1082 3252 promissum
1102 3153 1139 3223 id
1158 3153 1282 3224 luerat.
1298 3153 1401 3224 Aliud
1421 3168 1473 3224 est
1490 3155 1608 3252 itaque
1626 3177 1767 3228 moram
1780 3157 1831 3229 la-

235 3298 333 3363 cere,
352 3272 448 3345 aliud
463 3273 614 3346 tardare.
636 3277 774 3346 llloram
790 3274 924 3371 quippe
942 3274 1055 3346 lacere
1073 3287 1128 3345 est
1147 3272 1290 3344 dillerre
1304 3297 1370 3370 per
1388 3271 1534 3370 aliquod
1552 3277 1743 3375 temporis⁸
1755 3303 1834 3376 spa·

235 3394 325 3464 tium
342 3394 441 3492 quod
461 3393 662 3465 faciendum
680 3409 744 3466 est.
765 3392 919 3466 Tardare
932 3415 1018 3464 vero
1036 3393 1183 3490 proprie
1201 3371 1342 3482 dicitur,
1364 3417 1476 3489 quum
1497 3393 1658 3468 differtur
1678 3396 1829 3493 aliquid,

234 3513 383 3610 quando
399 3514 531 3588 debere
548 3514 624 3586 sieri
644 3515 796 3588 videtur.
826 3519 923 3586 Deus
946 3515 1066 3610 itaque
1090 3513 1155 3584 etsi
1177 3511 1322 3584 differat
1340 3511 1490 3610 implere
1515 3513 1616 3611 quod
1636 3518 1829 3613 promittit,

235 3634 376 3706 tardare
391 3633 591 3707 nullatenus
608 3649 744 3734 potest,
769 3635 852 3732 quia
875 3659 950 3705 non
974 3634 1115 3729 segnius
1138 3633 1175 3704 id
1196 3634 1268 3730 agit
1285 3657 1393 3729 quam
1408 3631 1526 3704 debet.
1545 3634 1653 3720 Quod
1671 3651 1833 3734 patenter

233 3772 272 3828 et
288 3759 324 3827 in
343 3758 583 3853 geminatione
600 3755 657 3828 illa
675 3771 894 3828 monstratur
907 3779 978 3850 qua
992 3754 1146 3825 dicitur:
1170 3783 1187 3822 u
1205 3755 1296 3842 Quia
1308 3753 1462 3858 yeniens
1482 3756 1618 3846 veniet,
1634 3783 1653 3822 n
1667 3755 1739 3832 hoc
1759 3773 1830 3846 est,

234 3876 382 3948 indilate
398 3893 433 3948 et
455 3876 590 3976 absque
608 3877 884 3977 impedimento,
911 3899 1022 3972 quum
1046 3876 1261 3972 oportuerit,
1287 3873 1324 3944 id
1346 3889 1438 3971 aget.
1454 3873 1631 3946 Sollicitus
1645 3876 1691 3948 de
1711 3893 1833 3949 nostra

233 3996 349 4069 salute
371 3999 547 4070 Dominus
564 4021 639 4070 non
657 3997 773 4070 tardat
789 3995 937 4095 implere
962 3993 1197 4092 promissum,
1230 4008 1340 4091 prout
1369 3993 1475 4066 nobis
1502 3993 1639 4090 judicat
1668 4021 1833 4068 necessa-

235 4119 343 4188 rium.
376 4119 518 4190 Utinam
545 4119 595 4190 sic
622 4117 728 4191 etde
754 4116 813 4188 illa
840 4115 999 4206 solliciti,
1029 4113 1075 4186 ad
1103 4111 1348 4186 obediendum
1378 4113 1455 4186 sine
1482 4114 1646 4185 tarditate
1675 4139 1832 4187 memus

235 4235 417 4335 prompti!
1265 4311 1278 4338 ‚

291 4358 417 4430 «Misit
439 4364 536 4432 Deus
558 4359 671 4431 filiurn
693 4383 815 4449 suum,
830 4387 849 4426 a
873 4355 1037 4429 videlicet
1061 4361 1174 4428 Pater.
1203 4360 1305 4427 Pater
1321 4357 1456 4454 quippe
1480 4357 1571 4442 siout
1593 4381 1614 4428 a
1636 4356 1736 4430 nullo
1760 4373 1829 4450 est,

234 4483 290 4552 sic
310 4506 332 4552 a
351 4481 449 4553 nullo
469 4483 559 4554 mitti
577 4497 706 4582 potest.
729 4481 834 4552 Filius
850 4505 953 4570 vero,
974 4479 1029 4552 vel
1049 4479 1199 4578 Spiritus
1213 4493 1356 4551 sanctus
1374 4477 1420 4550 ab
1439 4478 1500 4550 illo
1518 4481 1608 4550 mitti
1627 4480 1674 4552 ad
1694 4503 1761 4550 nos
1781 4479 1833 4550 di·

234 4617 382 4694 cuntur,
406 4630 519 4702 quum
542 4603 676 4701 aliquid
698 4628 766 4702 pro
787 4603 892 4674 nobis
913 4602 967 4674 vel
989 4603 1026 4674 in
1054 4601 1157 4674 nobis
1174 4615 1302 4699 agunt:
1325 4601 1409 4699 quia
1432 4601 1523 4672 sicut
1541 4600 1682 4700 abipso
1699 4599 1834 4672 habent

233 4747 335 4812 esse,
358 4725 406 4795 ita
424 4740 459 4796 et
479 4724 525 4796 ab
543 4726 622 4824 ipso
642 4725 742 4822 quod
760 4724 892 4795 iaciunt
909 4722 1045 4795 habent
1063 4721 1189 4794 facere.
1213 4720 1321 4809 Quod
1338 4735 1374 4792 et
1392 4735 1556 4819 patenter
1575 4721 1680 4793 Filius
1697 4737 1770 4794 tarn
1787 4719 1833 4793 de

231 4845 320 4940 ipso
339 4869 447 4941 quam
467 4843 513 4917 de
532 4845 663 4944 Spiritu
683 4843 884 4944 profitetur,
901 4845 1060 4916 dicens⁷z
1078 4873 1096 4912 u
1113 4847 1212 4915 Arne
1225 4844 1304 4941 ipso
1319 4866 1394 4916 non
1407 4841 1549 4938 loquor,
1564 4869 1581 4909 u
1596 4841 1678 4914 vel:
1699 4870 1717 4911 u
1731 4845 1758 4912 Α
1775 4865 1834 4914 me

274 5137 282 5161 ¹
305 5135 396 5195 deod„
411 5151 466 5203 cap.
483 5153 539 5199 xxi,
558 5153 582 5187 v.
601 5138 639 5188 2l.
653 5135 703 5174 -'
716 5139 811 5199 Galat„
826 5155 883 5206 cap.
898 5156 931 5201 rr,
943 5155 965 5190 v.
980 5141 1021 5190 at.
1063 5139 1111 5176 -⁸
1121 5137 1224 5196 llabac„
1236 5153 1291 5204 cap.
1306 5153 1338 5199 u,
1350 5153 1373 5188 r.
1387 5139 1410 5188 3.
1420 5136 1474 5176 ·-⁰
1490 5138 1589 5201 Tempus
1604 5137 1717 5190 Amo-
1732 5135 1740 5162 ²
1754 5137 1835 5196 toan..

234 5249 262 5256 -·
282 5219 294 5245 ³
309 5222 404 5285 Genea„
419 5237 474 5288 cap.
492 5239 565 5285 xiix,
581 5241 604 5273 v.
618 5225 657 5272 to.
673 5251 701 5262 -
716 5223 809 5284 ‘llam
823 5239 878 5289 cap.
890 5242 930 5288 nr,
946 5241 968 5275 v.
980 5225 1022 5278 at.
1065 5239 1120 5290 cap.
1135 5239 1185 5284 xiv,
1202 5239 1224 5272 v.
1240 5223 1278 5272 10.
