4510 6108
466 584 537 656 532
1063 581 1191 656 PETRl
1218 583 1452 657 ABAELARDl

465 724 594 794 timore
607 721 746 810 mortis,
764 720 828 792 sed
844 722 1133 819 concupiscentia
1153 725 1226 819 egit
1243 724 1412 796 mulieris.
1433 729 1488 796 De
1503 725 1605 822 cnjus
1618 739 1739 796 tamen
1750 720 1985 816 indulgentia,
1999 745 2043 792 ne

465 842 708 941 desperemus,
726 843 802 940 ipse
817 866 963 939 quoque
974 867 1041 914 nos
1052 845 1229 915 Dominus
1238 845 1456 918 consolatur.
1471 850 1593 934 Quum
1604 847 1701 918 enim
1710 845 1934 943 praemisisset
1946 843 2042 940 quod

464 962 602 1035 dictum
627 978 680 1036 est
706 986 714 1034 ε
736 991 754 1031 u
773 968 849 1059 Ego
874 987 937 1034 ero
963 962 1012 1034 illi
1037 964 1075 1034 in
1096 979 1253 1062 patrem,
1278 981 1313 1037 et
1332 965 1391 1038 ille
1411 968 1480 1038 erit·
1497 965 1585 1038 mihi
1603 969 1640 1039 in
1662 967 1789 1055 lilium,
1803 994 1822 1034 u
1845 965 1965 1036 statim
1987 987 2043 1036 an·

466 1083 601 1171 nexuit,
621 1080 761 1154 dicens¹
781 1107 790 1152 ε
813 1109 831 1149 u
846 1082 917 1168 Qui
933 1083 962 1152 si
977 1083 1105 1179 inique
1116 1082 1252 1181 aliquid
1268 1085 1426 1180 gesserit,
1444 1107 1592 1180 arguam
1608 1109 1692 1157 eum
1706 1086 1744 1155 in
1758 1085 1857 1180 virga
1870 1085 2040 1168 virorum,

466 1201 554 1272 etin
571 1199 684 1298 plagis
702 1199 858 1272 liliorum
870 1198 1075 1272 hominum.
1091 1204 1345 1274 Verumtamen
1362 1202 1645 1275 misericordiam
1664 1227 1783 1274 meam
1799 1225 1875 1272 non
1888 1200 2041 1274 auferam

466 1322 512 1394 ab
529 1347 587 1410 eo,
606 1323 697 1392 sicut
709 1319 839 1392 abstuli
855 1344 877 1392 a
890 1320 989 1410 Saul,
1003 1347 1111 1417 quem
1127 1323 1247 1394 amovi
1264 1346 1286 1394 a
1302 1322 1390 1395 facie
1406 1347 1499 1396 mea.
1512 1349 1530 1390 u
1544 1323 1640 1410 Quid
1652 1325 1751 1394 enim
1761 1322 1869 1394 iacies
1879 1322 1966 1408 Dei,
1979 1319 2042 1392 nisi

467 1441 595 1512 notitia
605 1440 729 1538 ipsius,
741 1463 855 1536 quum
869 1441 1114 1537 unusquisque
1125 1439 1238 1512 homo
1251 1466 1292 1512 ex
1305 1441 1395 1513 facie
1406 1467 1470 1514 sua
1478 1443 1734 1538 cognoscatur?
1750 1441 1847 1527 Quid
1859 1454 1912 1511 est
1927 1441 2041 1537 itaque

466 1562 582 1631 Deum
596 1561 647 1630 sic
658 1559 763 1630 alicui
780 1557 1062 1631 misericordiam
1078 1560 1300 1658 impendere,
1319 1574 1360 1631 ut
1375 1584 1451 1631 non
1463 1574 1628 1632 amoveat
1640 1583 1724 1630 eum
1739 1581 1760 1630 a
1775 1558 1864 1630 facie
1879 1581 1960 1646 sua,
1978 1559 2042 1629 nisi

466 1677 561 1750 hanc
576 1679 610 1748 ei
626 1678 775 1774 gratiam
789 1701 988 1766 reservare,
1006 1692 1047 1748 ut
1062 1703 1174 1776 quum
1190 1678 1249 1750 ille
1264 1678 1450 1777 peccando
1465 1679 1567 1776 quasi
1585 1677 1717 1750 oblitus
1730 1677 1900 1749 creatoris
1913 1679 1967 1748 sui
1982 1701 2042 1775 per

467 1799 719 1896 negligentiam
735 1799 852 1887 suerit,
871 1799 1122 1897 postmodum,
1142 1825 1207 1898 per
1220 1801 1467 1898 poenitentiam
1483 1799 1625 1872 rediens
1640 1823 1724 1870 eum
1744 1811 1992 1892 recognoscat,
2009 1813 2041 1867 et

468 1933 543 1991 tam
562 1920 691 1992 timore
709 1917 859 1990 districti
874 1917 1022 2013 judicis,
1042 1943 1152 2017 quam
1170 1943 1293 1992 amore
1309 1920 1457 1992 Domini
1472 1943 1556 1991 eum
1572 1917 1788 2018 expectantis
1803 1931 1951 2014 peccata
1965 1939 2038 1986 cor·

468 2038 578 2134 rigat?

516 2161 611 2227 Bene
626 2180 711 2253 ergo
724 2157 832 2230 binos
847 2159 971 2230 tamin
984 2157 1120 2230 clericis
1129 2183 1239 2257 quam
1255 2161 1293 2231 in
1306 2159 1403 2232 laicis
1416 2158 1463 2230 de
1477 2155 1676 2232 rectoribus
1691 2157 1866 2257 ipsorum,
1878 2154 1941 2242 riri,
1953 2153 2042 2224 vide

468 2275 550 2346 licet
569 2279 713 2348 Petrum
728 2291 764 2348 et
779 2277 1043 2367 Marcellinum,
1066 2277 1125 2350 hic
1145 2280 1261 2351 David
1282 2294 1318 2352 et
1335 2279 1583 2366 Salomonem,
1604 2291 1731 2350 contra
1751 2298 1930 2347 summam
1949 2273 2041 2345 illam

468 2395 727 2493 desperationis
741 2398 883 2470 ruinam
899 2399 1083 2496 premisit3
1102 2400 1238 2496 nequis
1248 2414 1324 2471 tam
1339 2401 1377 2470 iu
1393 2398 1490 2471 clero
1501 2421 1610 2495 quarn
1626 2398 1663 2468 in
1675 2394 1826 2494 populo,
1836 2407 1921 2492 post
1932 2417 2040 2490 quan·

468 2528 648 2612 mcunque
664 2514 795 2610 flagitia
811 2514 951 2588 diffidat
966 2518 1118 2606 arania,
1131 2517 1334 2588 dummodo
1347 2516 1539 2616 praevideat
1554 2515 1602 2586 de
1616 2515 1837 2613 poenitentia.
1858 2517 1970 2601 Bene,
1990 2511 2040 2581 in·

469 2633 595 2729 quam,
620 2632 727 2705 binos
747 2649 821 2706 tam
841 2635 901 2706 hic
916 2659 1026 2732 quarn
1045 2635 1097 2707 ibi
1117 2637 1219 2733 quasi
1235 2651 1340 2708 testes
1360 2635 1545 2734 sperandae
1560 2632 1860 2706 reconciliationis
1876 2645 1913 2701 et
1934 2629 2043 2700 indul·

467 2753 593 2846 gantiae
615 2753 860 2850 impetrandae.
889 2759 936 2827 Ut
962 2756 1059 2826 enim
1083 2757 1256 2854 scriptum
1283 2771 1356 2845 est,
1385 2769 1705 2852 quantumcunque
1730 2749 1917 2848 splendida
1944 2750 2041 2820 luerit

467 2897 641 2972 persona,
667 2875 775 2946 unius
797 2877 1043 2948 testimonium
1063 2899 1138 2948 non
1159 2875 1305 2964 sullicit,
1325 2874 1388 2946 sed
1405 2875 1505 2971 juxta
1528 2873 1688 2944 divinam
1708 2870 1866 2966 legem²:
1889 2899 1907 2937 u
1920 2873 1960 2940 ln
1984 2893 2041 2938 ore

467 2993 623 3066 duorum
636 2993 693 3065 vel
709 2995 816 3067 trium
829 2997 974 3069 testium
991 2995 1100 3068 stabit
1115 3021 1224 3067 omne
1238 2995 1402 3067 verbum.
1417 3021 1435 3062 »
1452 2997 1488 3066 Si
1504 3009 1624 3066 autem
1638 2993 1678 3062 in
1696 3015 1773 3080 ore,
1785 3005 1922 3088 quanto
1938 2989 2041 3083 magis

467 3115 504 3187 iu
524 3115 652 3211 opere?
673 3119 721 3185 Ut
737 3130 875 3206 autem,
896 3117 1038 3206 iratres,
1062 3115 1172 3187 finem
1192 3117 1305 3187 nostri
1325 3116 1501 3186 sermonis
1521 3112 1568 3186 ad
1588 3112 1748 3184 divinam
1767 3107 2040 3181 misericordiam

469 3234 564 3306 circa
584 3257 652 3320 nos
672 3232 833 3305 habitam
855 3234 1093 3324 deducamus,
1117 3234 1346 3332 perpendite,
1369 3257 1507 3331 quaeso,
1534 3246 1710 3329 quantmn
1728 3228 1774 3300 de
1794 3227 1907 3300 salute
1926 3241 2041 3299 nostra

468 3352 645 3424 Dominus
656 3352 867 3449 providerit,
880 3369 1057 3450 quantum
1070 3354 1232 3426 Salvator
1247 3369 1369 3426 noster
1385 3352 1555 3425 sollicitus
1572 3353 1617 3422 sit
1627 3351 1754 3438 nostri,
1772 3374 1815 3420 ex
1829 3348 1931 3444 cujus
1942 3348 2041 3420 etiam

468 3474 616 3545 nomine
635 3473 822 3568 insignitus
838 3488 892 3546 est
907 3474 1007 3544 locus
1023 3475 1100 3546 iste.
1125 3480 1166 3545 ln
1182 3475 1316 3563 multis,
1336 3474 1460 3547 iratres
1470 3471 1750 3568 ,·delinquimus,
1764 3471 1801 3540 in
1818 3469 1951 3540 multos
1966 3467 2043 3538 inci·

469 3591 587 3664 dimus
600 3591 735 3690 lapsus,
750 3593 814 3663 sed
830 3617 876 3664 ne
892 3592 1136 3692 desperemus,
1151 3617 1197 3666 ne
1213 3596 1478 3694 correptionem
1495 3593 1719 3682 differamus,
1736 3615 1887 3686 magnus
1903 3589 2042 3660 Domini

468 3725 603 3806 martyr
620 3726 657 3783 et
675 3725 849 3809 patronus
869 3727 991 3784 nomer
1011 3714 1117 3785 nobis
1134 3739 1156 3786 a
1171 3715 1329 3786 Domino
1349 3713 1477 3786 missus
1493 3728 1565 3802 est,
1589 3713 1626 3782 in
1647 3709 1811 3809 exemplo
1826 3709 2040 3807 propositus,

468 3855 577 3926 quem
590 3830 687 3929 apud
704 3835 819 3904 Deum
830 3829 1005 3906 habemus
1021 3833 1250 3923 advocatum,
1265 3849 1301 3907 et
1313 3834 1442 3930 dequo
1460 3832 1637 3932 praecipue
1652 3831 1682 3902 si
1693 3829 1859 3901 volumus
1876 3827 1979 3898 nobis
1993 3839 2044 3895 est

468 3949 738 4026 confidendum.
756 3955 924 4053 Princeps
942 3955 1008 4027 iste
1024 3969 1078 4028 est
1098 3956 1283 4028 ordinatus
1303 3979 1326 4026 a
1344 3955 1522 4041 Domino,
1540 3966 1581 4023 ut
1598 3950 1735 4023 dictum
1753 3963 1822 4038 est,
1844 3949 1990 4031 tentari,
2010 3959 2044 4013 et

469 4075 621 4168 graviter
637 4073 729 4164 labi,
751 4088 793 4146 ut
810 4074 858 4146 de
879 4089 1056 4173 potestate
1076 4089 1177 4147 tanta
1196 4099 1306 4172 quarn
1325 4074 1479 4172 accepit,
1503 4071 1655 4170 amplius
1671 4069 1799 4168 possit,
1820 4083 1856 4138 et
1877 4066 1926 4137 de
1947 4066 2043 4162 lapsu

467 4213 576 4286 quern
596 4191 740 4288 pertulit
764 4192 810 4265 ad
835 4193 1095 4290 indulgentiam
1110 4194 1295 4292 lapsorum
1310 4207 1347 4264 et
1362 4191 1505 4264 veniam
1527 4187 1782 4288 postulandam
1805 4184 1956 4282 pronior
1970 4181 2042 4268 liat,

468 4312 531 4406 qui
552 4312 643 4382 sicut
661 4311 706 4384 de
729 4316 830 4384 Patre
847 4312 996 4398 dicitur,
1015 4313 1052 4384 in
1069 4315 1187 4411 seipso
1204 4312 1329 4386 didicit
1341 4311 1493 4410 qualiter
1508 4311 1662 4382 aliorum
1677 4305 1872 4378 infirmitati
1892 4304 2044 4398 compati

469 4428 611 4518 debeat,
628 4445 735 4526 atque
751 4432 923 4504 misereri.
942 4437 1084 4504 Festum
1100 4433 1207 4528 igitur
1223 4434 1297 4530 ejus
1312 4445 1412 4504 tanta
1426 4430 1621 4503 devotione
1637 4425 1875 4512 celebremus,
1894 4436 1933 4493 ut
1947 4421 2045 4517 quod

468 4551 599 4620 nostris
612 4551 778 4647 precibus
788 4577 864 4624 non
876 4553 1052 4641 valemus,
1063 4554 1140 4648 ejus
1150 4555 1284 4626 meritis
1297 4575 1540 4650 assequamur,
1552 4562 1739 4649 praestante
1753 4545 1911 4616 Domino
1923 4555 2046 4612 nostro

466 4671 550 4738 lesu
566 4668 722 4759 Christo,
739 4671 797 4742 cui
811 4686 876 4760 est,
897 4686 965 4744 etc.

505 4879 512 4906 ¹
529 4880 589 4945 aaa.
603 4881 639 4942 ll,
650 4897 705 4948 cap.
717 4898 764 4946 ru,
778 4899 802 4933 r.
817 4885 856 4934 tt.
866 4882 1008 4944 -'Deut.,
1021 4899 1074 4951 cap.
1086 4902 1143 4948 ιιι,
1154 4902 1176 4935 v.
1193 4888 1231 4936 15.
