4522 6104
454 543 526 616 694
1053 539 1181 610 PETRI
1210 537 1443 612 tumulant

451 708 546 782 pane
573 684 685 757 divini
707 683 810 756 verbi
835 685 1009 782 scriptum
1032 698 1086 755 est
1108 683 1212 756 alibi²
1232 712 1241 754 :
1259 712 1278 752 α
1292 687 1372 757 Non
1393 685 1430 755 in
1450 681 1529 755 solo
1550 705 1644 780 panc
1659 681 1749 754 vivit
1772 680 1905 771 homo,
1923 681 2040 754 sedin

451 807 552 878 omni
568 805 700 896 verbo,
719 805 819 903 quod
841 806 1006 904 procedit
1028 805 1075 878 de
1096 831 1159 877 ore
1181 806 1261 876 Dei.
1281 833 1299 874 n
1327 804 1436 893 Quod
1452 806 1482 876 si
1498 803 1570 876 hoc
1585 818 1750 902 tempore
1764 802 1978 874 clericorum
2000 829 2041 876 ac

451 923 715 997 monachorum
731 925 894 997 laborem
911 948 953 997 ac
968 927 1049 996 vitae
1066 925 1236 996 duritiam
1253 925 1461 1015 conferatis,
1488 949 1563 996 non
1585 938 1638 996 est
1658 923 1729 994 hoc
1750 921 1858 1020 longa
1880 923 2042 1020 disputa-

449 1046 549 1118 tione
563 1047 851 1138 discutiendum,
870 1047 970 1145 quod
988 1048 1209 1145 quotidianis
1225 1047 1478 1145 experimentis
1494 1045 1535 1117 fit
1551 1045 1793 1118 manifestum.
1820 1044 1953 1118 Confer
1969 1046 2042 1143 epi·

424 1185 430 1198 ·
448 1191 578 1265 scopos
594 1193 678 1239 cum
695 1167 898 1260 abbatibus,
918 1167 1246 1266 archipresbyteros
1262 1167 1493 1265 ecclesiarum
1510 1191 1593 1238 cum
1610 1165 1791 1264 prioribus
1802 1165 2040 1237 monasterio-

448 1309 542 1376 rum,
560 1287 709 1358 clericos
723 1313 808 1358 cum
822 1287 1009 1359 monachis
1026 1315 1033 1358 :
1048 1302 1084 1359 et
1098 1285 1279 1385 quoslibet
1294 1285 1471 1376 consulc¹,
1488 1287 1550 1382 qui
1564 1284 1695 1382 quibus
1707 1285 1800 1355 inter
1816 1284 1914 1381 ipsos
1930 1285 2040 1379 magis

448 1427 611 1502 asperam
626 1406 684 1478 vel
707 1406 926 1479 laboriosam
942 1408 1055 1478 vitam
1071 1406 1225 1498 ducant,
1247 1421 1286 1477 ut
1309 1407 1338 1478 si
1363 1405 1527 1478 laborem
1549 1429 1696 1503 penses,
1720 1403 1767 1476 ad
1788 1403 1956 1475 meritum
1972 1429 2041 1474 nos

447 1523 554 1622 longe
570 1527 771 1626 superiores
793 1528 971 1620 invenias,
990 1525 1120 1624 quibus
1136 1551 1202 1598 vos
1223 1526 1291 1626 ipsi
1314 1551 1390 1598 non
1407 1525 1514 1598 aliam
1530 1549 1640 1623 quam
1660 1524 1913 1622 poenitentium
1928 1523 2039 1596 vitam

447 1645 664 1735 adscribitiS,
685 1663 721 1718 et
736 1647 890 1721 claustra
905 1662 1030 1720 nostra
1048 1672 1123 1719 non
1140 1647 1222 1720 loca
1237 1647 1439 1744 dignitatis,
1459 1646 1523 1719 sed
1538 1646 1757 1745 poeniteutiae
1773 1669 1934 1716 carceres
1948 1669 2039 1714 nun·

446 1768 597 1865 cupatis.
609 1771 728 1854 Quam
734 1784 770 1840 et
779 1768 905 1842 beatus
918 1769 1157 1865 Hieronymus
1168 1768 1269 1840 avita
1279 1767 1493 1839 clericorum
1507 1766 1742 1863 distinguens,
1753 1763 1805 1836 ad
1811 1763 2038 1835 Heliodorwn

446 1886 492 1959 de
508 1903 624 1961 morte
637 1891 827 1986 Nepotiani
844 1889 967 1962 scribit
984 1889 1040 1961 his
1056 1887 1194 1961 verbis⁸
1209 1915 1217 1960 :
1234 1889 1396 1986 «Siquis
1414 1887 1540 1960 relicto
1552 1887 1738 1976 clericatu,
1758 1885 1897 1958 duritiae
1912 1910 1951 1956 se
1968 1901 2037 1956 tra·

445 2009 578 2082 diderit
595 2011 873 2102 monachorum,
890 2013 936 2083 sit
952 2011 1077 2084 creber
1094 2013 1132 2082 in
1149 2009 1387 2100 orationibuS,
1406 2009 1556 2107 vigilans
1572 2010 1609 2080 in
1628 2007 1825 2106 precando,
1838 2005 2038 2101 lachrymas
2062 2105 2063 2108 Ἴ

445 2135 536 2220 Deo,
555 2155 631 2202 non
647 2131 857 2204 hominibus
874 2131 1014 2204 ollerat.
1034 2159 1051 2199 a
1076 2136 1187 2214 Certe,
1202 2132 1231 2202 si
1252 2131 1466 2202 clericorum
1487 2131 1619 2202 arctior
1635 2143 1727 2201 esset
1743 2128 1833 2216 vita,
1853 2140 1888 2198 et
1905 2127 1969 2223 qui
1984 2150 2039 2198 ec·

444 2250 639 2323 clesiastica
654 2267 814 2349 presunt
825 2251 1011 2347 dignitate,
1023 2252 1104 2322 vitae
1119 2275 1266 2348 quoque
1277 2251 1551 2348 praeeminerent
1568 2249 1789 2337 austeritate,
1809 2267 2037 2343 nequaquam

445 2367 616 2440 monachi
632 2384 734 2441 tanto
752 2368 931 2440 desiderio
949 2383 1159 2467 appeterent
1176 2370 1394 2468 episcopari,
1414 2393 1482 2441 nec
1502 2365 1677 2466 spiritales
1693 2381 1812 2464 patres
1829 2379 1929 2438 tanta
1945 2364 2037 2440 solli·

445 2486 605 2559 citudine
618 2486 768 2560 clericos
784 2489 893 2560 etiarn
905 2487 952 2584 ad
964 2489 1201 2560 monasticam
1217 2489 1531 2560 conversationem
1544 2487 1751 2560 invitarent.
1771 2483 1886 2573 Quale
1897 2499 1934 2556 et
1950 2485 2036 2564 illud

445 2624 498 2681 est
518 2609 679 2708 praedicti
700 2609 860 2682 doctoris
883 2609 1089 2709 praesidium
1110 2610 1302 2682 diaconem
1328 2609 1550 2682 exhortantis
1572 2636 1614 2679 ια
1629 2609 1824 2696 Diaconus,
1840 2635 1858 2674 >r
1876 2607 2033 2704 inquies,

446 2759 464 2798 u
480 2729 674 2802 Ecclesiam
691 2744 768 2802 tuto
786 2731 950 2830 deserere
966 2755 1042 2802 non
1058 2755 1220 2828 possum.
1239 2734 1375 2801 Vereor
1391 2755 1437 2801 ne
1452 2731 1637 2802 incurram
1652 2725 1891 2823 sacrilegium,
1909 2727 1940 2797 si
1955 2725 2036 2798 alta·

443 2851 496 2922 ria
512 2849 774 2948 derelinquam.
794 2850 865 2922 Sed
877 2850 1078 2941 considera,
1099 2849 1269 2940 obsecro,
1288 2850 1373 2922 satis
1389 2874 1466 2922 esse
1483 2847 1627 2920 difficile
1640 2847 1763 2919 locum
1778 2844 1952 2943 Stephani
1968 2845 2033 2916 im·

442 2969 541 3066 plere
560 2970 618 3042 vel
642 2968 759 3062 Pauli,
782 2971 819 3042 in
842 2970 1004 3068 angelico
1025 2985 1119 3042 stare
1143 2970 1360 3058 ministerio,
1385 2983 1421 3040 et
1443 2967 1600 3067 populos
1622 2965 1847 3063 subjacentes
1865 2963 2033 3036 candenti

380 3089 385 3100 '
441 3090 597 3190 desuper
611 3107 710 3164 veste
723 3092 919 3191 despicere.
942 3093 1142 3164 Pretiosum
1155 3107 1209 3165 est
1224 3092 1471 3190 margaritum,
1489 3090 1554 3163 sed
1571 3090 1644 3162 cito
1662 3088 1849 3184 frangitur,
1868 3086 2034 3159 fractum·

441 3237 512 3310 que
529 3238 605 3285 non
621 3228 741 3312 potest
756 3214 960 3286 instaurari.
976 3241 994 3282 >r
1026 3219 1115 3286 ltem
1132 3241 1140 3285 ε
1163 3240 1181 3282 a
1196 3217 1318 3301 Quum
1333 3213 1447 3284 vitam
1471 3213 1510 3282 in
1526 3209 1677 3283 urbibus
1697 3208 1855 3282 lacerent
1876 3207 2031 3296 bonam,

440 3331 530 3430 quid
548 3331 654 3404 iacies
673 3331 781 3404 irater
796 3332 834 3402 in
851 3332 993 3403 medio?
1014 3347 1076 3404 aut
1092 3332 1284 3405 sectaberis
1301 3345 1481 3431 quaesunt
1501 3330 1652 3403 adversa
1671 3327 1902 3400 continentiae
1922 3353 1931 3396 ε
1953 3341 2030 3416 aut,

440 3452 471 3522 si
487 3451 604 3524 iacere
621 3451 795 3541 nolueris,
815 3453 890 3550 ipse
910 3451 1152 3524 damnaberis.
1171 3454 1405 3525 Praetermitto
1421 3451 1538 3524 varias
1554 3449 1756 3537 illecebras,
1774 3447 1907 3546 quibus
1927 3447 2032 3519 etiam

440 3569 644 3666 rigidissimi
659 3570 891 3641 emolliuntur
904 3571 1029 3641 animi.
1056 3575 1158 3641 Nunc
1175 3571 1264 3642 illud
1281 3571 1436 3656 affirmo,
1455 3571 1556 3671 quod
1572 3573 1726 3644 etiamsi
1742 3571 1792 3642 ita
1807 3591 1883 3639 non
1900 3581 2030 3654 essent,

440 3691 487 3764 ad
498 3691 809 3788 comparationem
825 3705 900 3762 tam
909 3689 1062 3786 ingentis
1078 3689 1181 3783 boni,
1195 3692 1337 3765 minora
1352 3691 1516 3766 deserere
1532 3691 1721 3765 debueras.
1740 3688 1842 3761 Adde
1851 3687 1954 3784 quod
1962 3687 2032 3758 dia·

440 3833 555 3882 conus
570 3833 625 3898 es,
646 3808 710 3881 sed
727 3807 875 3882 abcessu
893 3823 956 3881 tuo
973 3809 1137 3882 Ecclesiae
1158 3811 1293 3884 damna
1313 3835 1388 3884 non
1410 3813 1578 3886 sentient.
1606 3809 1700 3882 Elias
1723 3808 1811 3880 vixit
1834 3807 1873 3878 in
1893 3832 2029 3880 eremo.

439 3931 604 4003 Elisaeum
620 3930 880 4029 prophetarum
892 3945 1033 4002 secutus
1046 3946 1099 4003 est
1114 3931 1259 4004 chorus.
1281 3937 1481 4004 Praecursor
1494 3931 1642 4004 Domini
1654 3935 1811 4002 loannes
1827 3929 1985 4000 nutritus
1995 3928 2030 3999 in

438 4053 644 4143 solitudine,
664 4052 711 4125 ad
726 4052 798 4124 hoc
813 4067 955 4124 tanturn
972 4051 1159 4125 descendit
1175 4053 1222 4126 ad
1237 4054 1403 4126 iordanis
1419 4055 1529 4153 ripas,
1546 4069 1587 4125 ut
1602 4052 1759 4152 populos
1769 4064 1935 4147 argueret
1950 4075 2034 4122 oon·

317 4173 322 4182 '
438 4175 606 4264 fluentes,
625 4188 662 4246 et
676 4172 870 4271 pbarisaeos
891 4171 1090 4270 intelligens
1111 4173 1260 4246 clericos
1284 4174 1509 4265 Judaeormn,
1529 4173 1778 4273 generationes
1793 4171 1957 4268 vipereas
1971 4169 2032 4242 de·

437 4309 592 4368 notaret.
617 4299 738 4393 Nuper
752 4295 894 4392 AEgypti
918 4293 1060 4367 deserta
1075 4295 1214 4384 vidisti,
1237 4297 1388 4368 intuitus
1408 4322 1446 4369 es
1466 4296 1665 4394 angelicam
1685 4292 1870 4367 familiam.
1895 4294 2029 4379 Quanti

436 4413 485 4486 ibi
509 4413 617 4486 flores
641 4415 745 4485 sunt?
769 4437 880 4510 quarn
905 4413 1149 4511 spiritualibus
1165 4417 1315 4511 gemmis
1331 4431 1434 4515 prata
1447 4416 1656 4489 vernantia?
1674 4413 1802 4485 Vidisti
1817 4425 1933 4500 serta,
1951 4413 2029 4508 qui-

346 4585 348 4590 .
436 4532 505 4604 bus
532 4535 709 4605 Dominus
732 4548 978 4606 coronatur.»
1012 4536 1101 4606 ltem
1131 4561 1181 4603 e«
1195 4534 1353 4608 Habebis
1377 4535 1563 4626 cellulam,
1589 4557 1668 4632 quae
1693 4547 1729 4604 te
1753 4531 1872 4602 solum
1897 4531 2024 4628 capiat.

436 4655 513 4725 lmo
530 4677 607 4724 non
624 4653 693 4725 eris
709 4653 823 4754 solus,
847 4652 1005 4749 angelica
1022 4667 1143 4726 tecum
1158 4656 1266 4729 turba
1276 4655 1489 4730 versabitur.
1508 4659 1577 4728 Tot
1591 4654 1694 4742 socii,
1712 4664 1804 4750 quot
1815 4650 1944 4722 sancti.
1965 4653 2026 4719 Le·

436 4799 496 4870 ges
520 4775 771 4872 Evangelium,
797 4775 1015 4848 fabulabitur
1036 4763 1157 4848 tecum
1178 4783 1291 4850 lesos.
1320 4777 1520 4879 Replicabis
1541 4773 1725 4875 apostolos
1742 4771 1799 4844 vel
1814 4768 2021 4870 prophetas.

436 4896 619 4993 Numquid
647 4898 782 4996 poteris
811 4897 919 4970 talem
945 4897 1056 4970 alium
1074 4899 1145 4971 tuis
1160 4898 1388 4972 sermonibus
1403 4897 1539 4972 habere
1554 4895 1783 4970 consortem?
1796 4921 1815 4962 u
1843 4895 2025 4966 sectemur

398 5189 402 5196 ·
469 5161 478 5190 ¹
495 5163 567 5228 Luc,
579 5145 635 5232 cap'.
649 5181 683 5227 rr,
694 5182 718 5216 v.
729 5170 754 5217 l.
767 5193 792 5204 -
806 5164 929 5219 'Consule
945 5167 1016 5220 hub.
1029 5193 1062 5208 ·=·
1071 5167 1159 5231 'Onna
1172 5179 1190 5218 t.
1203 5166 1245 5230 lV,
1256 5178 1320 5233 part.
1332 5168 1369 5232 ll,
1379 5168 1429 5220 col.
1442 5169 1502 5219 tto.

2238 3387 2239 3406 l

2238 3407 2239 3416 r

2238 3757 2239 3776 l

2115 4364 2118 4374 Α

2238 5295 2239 5306 t
