4522 6104
457 523 529 597 sac
610 485 614 492 ’
1058 525 1187 596 rerer
1212 525 1448 598 nentrum

456 665 633 765 quidquid
669 689 797 764 capere
831 690 906 737 non
936 679 1104 764 possunt,
1138 668 1313 739 aestimant
1344 667 1634 740 deliramentum.
1669 671 1770 754 Quos
1803 667 1952 766 quidem
1983 694 2043 742 ra·

457 787 565 859 tionis
593 802 775 885 expertes,
812 787 896 884 quia
930 786 1132 858 rationibus
1163 786 1322 859 refellere
1350 813 1426 858 non
1459 787 1642 876 valemus,
1668 788 1881 860 testimoniis
1921 789 2044 861 saltem

456 920 661 978 sanctarum
685 907 970 1005 scripturarum,
1000 905 1132 1003 quihus
1153 931 1192 976 se
1210 905 1404 1004 plurimum
1422 907 1488 977 niti
1521 905 1690 997 fatentur,
1717 930 1845 978 eorum
1874 931 2044 1004 presum-

364 1103 366 1112 .
456 1025 619 1123 ptionem
637 1049 920 1124 compescamus.
940 1029 1145 1121 Agnoscent
1165 1026 1272 1122 igitur
1294 1048 1393 1117 eam,
1413 1049 1523 1122 quam
1540 1024 1788 1098 vehementius
1804 1026 2042 1116 detestantur,

457 1161 591 1235 artem,
617 1146 689 1218 hoc
716 1161 770 1218 est
793 1145 1037 1233 dialecticam,
1068 1147 1171 1243 quasi
1195 1169 1303 1217 sacrae
1334 1144 1481 1218 lectioni
1506 1147 1747 1236 contrariam,
1774 1161 1954 1243 quantum
1990 1171 2046 1218 ec·

456 1266 641 1339 clesiastici
668 1268 835 1340 doctores
859 1267 1134 1357 commendent,
1166 1282 1344 1364 quantum
1370 1292 1450 1339 earn
1472 1291 1580 1340 sacrae
1605 1269 1796 1367 Scripturas
1811 1269 2046 1341 necessariam

453 1386 629 1481 judicent.
658 1394 760 1461 Hanc
790 1391 924 1488 quippe
957 1390 1143 1460 scientiam
1179 1389 1288 1460 tantis
1322 1389 1510 1487 praeconiis
1539 1389 1666 1462 efferre
1694 1388 1821 1460 heatus
1857 1414 1966 1462 ausus
1997 1405 2047 1462 est

457 1509 692 1601 Augustinus,
734 1524 773 1580 ut
809 1509 1083 1607 comparatione
1118 1522 1327 1580 caeterarum
1368 1509 1499 1580 artium
1535 1533 1615 1581 eam
1651 1508 1767 1580 solam
1807 1507 1924 1580 facere
1960 1510 2047 1582 scire

458 1624 623 1714 fateatur,
660 1642 834 1724 tanquam
867 1628 945 1725 ipsa
978 1625 1055 1698 sola
1081 1627 1127 1698 sit
1159 1625 1314 1699 dicenda
1342 1627 1503 1700 scientia.
1543 1625 1647 1698 Unde
1673 1626 1767 1698 libro
1808 1626 1971 1697 secundo
2007 1627 2048 1698 cle

460 1745 595 1817 Ordine
614 1748 664 1819 ita
680 1748 884 1819 meminit¹:
907 1747 1174 1846 «Disciplinam
1195 1747 1486 1846 disciplinarum,
1516 1772 1627 1844 quam
1652 1747 1876 1820 dialecticam
1901 1763 2044 1820 vocant.

458 1872 540 1940 Haec
565 1867 672 1939 docet
690 1868 835 1958 docere,
854 1869 930 1939 haec
947 1869 1054 1940 docet
1070 1868 1221 1941 discere.
1247 1872 1288 1939 ln
1312 1868 1381 1940 hac
1406 1893 1444 1940 se
1470 1869 1548 1966 ipsa
1572 1868 1664 1940 ratio
1693 1867 1918 1940 demonstrat
1943 1883 2047 1966 atque

461 1990 593 2087 aperit,
613 2014 693 2087 quae
721 1989 787 2079 sit,
822 1987 911 2086 quid
944 1987 1057 2060 velit:
1077 1990 1145 2060 scit
1166 2012 1268 2060 sacra
1292 1988 1386 2078 sola,
1411 1988 1562 2058 scientes
1580 1987 1695 2060 facere
1713 2013 1788 2058 non
1806 1988 1925 2060 solum
1942 1987 2040 2074 vult,

459 2110 523 2183 sed
553 2111 661 2182 etiarn
693 2125 869 2208 potest.»
897 2107 998 2179 ldem
1032 2109 1070 2179 in
1103 2108 1264 2180 secundo
1296 2107 1343 2178 de·
1371 2110 1546 2178 Doctrina
1570 2108 1786 2194 christiana,
1812 2132 1927 2204 quum
1955 2109 2047 2180 inter

459 2254 585 2301 omnes
618 2245 712 2302 artes
745 2229 923 2328 praecipue
949 2227 1172 2300 dialecticam
1202 2242 1238 2299 et
1274 2227 1537 2300 arithmeticam
1570 2253 1679 2300 sacrae
1710 2227 1860 2302 lectioni
1885 2251 2046 2300 necessa·

459 2349 529 2421 rias
561 2373 637 2421 esse
669 2347 900 2448 profiteatur,
934 2347 1032 2419 illam
1066 2347 1215 2445 quidem
1248 2347 1295 2420 ad
1326 2347 1572 2421 dissolvendas
1602 2349 1834 2446 questiones,
1870 2347 1967 2420 hanc
2004 2349 2049 2420 ad

459 2467 709 2565 allegoriarum
734 2469 904 2566 mysteria
937 2467 1181 2558 discutienda,
1214 2491 1293 2566 quae
1326 2468 1532 2565 frequenter
1566 2469 1604 2539 in
1640 2468 1778 2540 naturis
1814 2491 2049 2540 numerorum

460 2591 733 2687 investigamus,
770 2605 872 2662 tanto
902 2589 1055 2689 amplius
1084 2588 1309 2662 dialecticam
1342 2590 1483 2680 extulit,
1519 2604 1658 2687 quanto
1689 2588 1844 2687 amplius
1876 2612 1959 2662 eam
1991 2612 2050 2660 ne·

460 2711 650 2784 cessariam
682 2710 894 2807 assignavit,
931 2707 977 2781 ad
1011 2733 1139 2780 omnes
1175 2708 1340 2780 videlicet
1375 2710 1615 2806 quaestionum
1654 2708 1898 2781 dubitationes
1929 2709 2050 2778 termi-

461 2831 613 2904 nandas.
634 2830 690 2902 hit
709 2845 830 2902 autem
863 2829 960 2900 sic⁸z
983 2832 1169 2900 «Restant
1195 2853 1254 2919 ea,
1282 2853 1361 2925 quae
1383 2854 1459 2900 non
1488 2828 1536 2902 ad
1563 2832 1727 2928 corporis
1752 2855 1890 2922 sensus,
1920 2833 1985 2905 sed
2006 2833 2049 2906 ad

460 2953 638 3028 rationem
676 2952 788 3024 animi
820 2951 1026 3049 pertinent,
1062 2950 1125 3023 ubi
1158 2949 1346 3050 disciplina
1380 2966 1507 3048 regnat
1538 2951 1792 3050 disputationis
1826 2969 1862 3024 et
1895 2958 2046 3027 numeri.

460 3071 531 3143 Sed
562 3070 815 3168 disputationis
845 3069 1034 3169 disciplina
1067 3069 1264 3142 adomnia
1296 3093 1427 3165 genera
1458 3070 1718 3168 questionum,
1753 3072 1895 3168 quaein
1929 3071 2051 3145 litteris

460 3191 592 3262 sanctis
625 3205 729 3281 sunt,
765 3188 991 3287 penetranda
1023 3204 1061 3261 et
1094 3186 1324 3261 dissolvenda
1353 3187 1550 3286 plurimum
1581 3188 1688 3261 valet.
1725 3193 1880 3261 Tantum
1909 3190 1962 3262 ibi
1990 3215 2051 3262 ca·

460 3309 579 3382 venda
609 3323 663 3380 est
688 3307 804 3379 libido
830 3305 988 3396 rixandi,
1024 3321 1059 3378 et
1088 3307 1234 3405 puerilis
1263 3306 1429 3403 quedam
1459 3308 1652 3379 ostentatio
1689 3307 1895 3406 decipiendi
1926 3308 2052 3380 adver-

461 3430 606 3502 sarium.
635 3432 727 3500 Sunt
747 3429 845 3499 enirn
873 3426 1003 3515 multa,
1036 3451 1115 3524 quae
1142 3427 1369 3525 appellantur
1401 3427 1642 3527 sophismata,
1675 3429 1769 3502 falsae
1801 3430 2053 3502 conclusiones

461 3551 663 3640 rationum,
697 3564 733 3620 et
760 3548 974 3647 plerumque
1003 3549 1052 3619 ita
1076 3571 1179 3620 veras
1203 3550 1401 3642 imitantes,
1429 3565 1469 3622 ut
1498 3576 1574 3623 non
1601 3551 1719 3636 solum
1745 3551 1891 3643 tardos,
1920 3553 1986 3625 sed
2005 3554 2054 3625 in·

461 3673 628 3770 geniosos
653 3672 760 3743 ctiam
787 3670 906 3741 minus
926 3668 1117 3766 diligenter
1139 3683 1295 3743 attentos
1323 3670 1517 3771 decipiant.
1543 3673 1652 3760 Quod
1676 3698 1787 3770 genus
1812 3673 2053 3772 captiosarum

460 3792 735 3864 conclusionum
762 3791 956 3889 scriptura,
984 3806 1161 3888 quantum
1190 3792 1377 3884 existimo,
1407 3793 1604 3866 detestatur
1628 3794 1690 3866 illo
1717 3793 1800 3866 loco
1827 3793 1891 3866 ubi
1917 3794 2054 3868 dictum

461 3917 551 3985 esth
573 3941 591 3982 n
605 3914 676 4000 Qui
701 3911 895 4011 sophistice
919 3910 1094 4010 loquitur,
1124 3911 1269 3985 odibilis
1298 3914 1379 3986 erit.
1405 3914 1641 3986 »Plurimum
1675 3929 1796 3986 autem
1831 3914 2055 3987 dialecticam

461 4051 569 4133 atque
585 4033 818 4134 sophisticam
844 4049 959 4105 artem
985 4032 1031 4105 ab
1059 4034 1215 4106 invicem
1236 4050 1378 4106 constat
1403 4059 1480 4109 esse
1497 4036 1686 4126 discretas,
1706 4060 1820 4134 quum
1846 4035 1908 4107 illa
1935 4037 1974 4106 in
1999 4060 2056 4107 ve·

462 4156 565 4228 ritate
591 4155 797 4244 rationum,
829 4151 906 4223 haec
932 4153 969 4223 in
1002 4149 1237 4224 similitudine
1264 4155 1436 4227 consistat
1458 4180 1600 4247 earum,
1625 4158 1693 4229 ista
1709 4155 1851 4228 l'allaces
1868 4178 2057 4251 argumen-

461 4277 614 4348 tationes
647 4275 781 4366 tradat,
818 4273 878 4346 illa
909 4273 1064 4346 fallacias
1098 4297 1222 4346 earum
1256 4273 1445 4366 dissolvat,
1481 4292 1517 4350 et
1555 4303 1597 4350 ex
1630 4278 1846 4349 discretione
1887 4285 2055 4348 verarum

462 4395 814 4493 argumentationum
858 4392 961 4466 falsas
996 4392 1222 4492 deprehendi
1254 4394 1395 4468 doceat.
1420 4383 1596 4494 'Utraque
1630 4413 1751 4469 tamen
1793 4397 1942 4468 scientia
1982 4411 2056 4468 tam

461 4515 647 4588 dialectica
679 4513 814 4586 scilicet
840 4539 950 4618 quarn
975 4512 1170 4612 sophistica
1195 4513 1241 4585 ad
1273 4515 1527 4590 discretionem
1551 4519 1708 4617 pertinet
1735 4531 2054 4613 argumentorum

461 4660 529 4708 nec
554 4634 655 4707 aliter
681 4635 762 4732 quis
795 4635 832 4705 in
858 4634 1077 4732 argumentis
1103 4659 1180 4706 esse
1206 4635 1382 4708 discretus
1414 4637 1564 4736 poterit,
1593 4637 1661 4708 nisi
1684 4637 1747 4734 qui
1778 4635 1883 4708 falsas
1921 4660 1964 4708 ac
1993 4636 2058 4708 de·

461 4757 637 4854 ceptorias
665 4756 994 4852 argumentationes
1019 4779 1040 4828 a
1066 4755 1159 4826 veris
1185 4769 1221 4828 et
1247 4757 1416 4853 congruis
1441 4757 1811 4856 argumentationibus
1836 4756 2058 4854 distinguere

495 5058 501 5084 ¹
521 5058 582 5125 Cap.
595 5076 653 5122 xm,
669 5061 743 5124 opp„
758 5071 776 5111 t.
788 5061 813 5124 1,
825 5061 875 5115 eol.
889 5063 947 5112 tlh.
960 5090 991 5100 -
1004 5062 1014 5092 ¹
1025 5062 1169 5116 ambaesius
1181 5084 1187 5116 ι
1201 5064 1253 5116 Scit
1271 5065 1337 5124 stria,
1356 5065 1473 5118 scientem
1496 5065 1577 5118 facere
1590 5079 1639 5117 non
1657 5061 1724 5116 solus
1741 5061 1804 5122 vult,
1817 5060 1861 5112 aad
1878 5060 1950 5112 ctiam
1965 5068 2059 5130 potest.

460 5173 490 5192 -v-
503 5147 583 5214 ⁸Cap.
598 5164 671 5210 uxr,
688 5150 761 5212 Opp„
776 5162 794 5199 t.
808 5151 831 5210 l,
845 5153 893 5202 eol.
906 5152 999 5202 :ta-¹
1011 5155 1102 5212 Eccti„
1113 5168 1169 5218 cap.
1182 5170 1280 5213 xrxru,
1292 5171 1315 5206 r.
1327 5156 1369 5204 2³.
