4522 6104
480 566 713 642 invncrtvt
739 568 784 644 ΙΝ
809 567 1029 657 anlffltlt
1054 567 1255 643 lGNARUM
1279 567 1575 643 ntnnncncns.
1750 565 1821 640 695

234 709 360 782 saltem
380 709 625 802 mulierculas,
644 735 746 784 sexus
763 736 831 784 uos
848 711 978 786 doceat
994 711 1185 785 infirmior.
1205 716 1355 800 Quantae
1371 712 1503 785 divitiis
1519 709 1652 810 pariter
1668 724 1704 782 et
1719 709 1823 782 nobi·

232 828 330 902 litate
346 829 522 929 pollentes
540 831 644 928 (nolo
659 833 758 905 enim
772 832 950 906 vocabula
967 833 1099 922 dicere,
1121 857 1167 904 ne
1184 832 1322 906 adulari
1337 831 1481 928 videar)
1495 830 1626 902 relictis
1645 829 1821 904 facultati·

151 943 154 950 λ
231 948 317 1040 bus,
342 950 625 1049 pignoribusque
647 955 881 1052 contemptis,
904 953 942 1026 id
965 954 1060 1026 lactu
1080 951 1183 1026 facile
1199 953 1471 1050 judicaverunt,
1493 950 1594 1050 quod
1616 965 1654 1022 tn
1670 951 1820 1049 proprio

231 1073 363 1168 putasti
379 1069 508 1146 timore
524 1071 689 1146 difficile?

473 1883 713 1958 lNVECTlVA
737 1885 783 1954 ΙΝ
805 1883 1023 1968 Quantum
1048 1884 1250 1960 IGNARUM
1271 1883 1570 1968 numeneus,

222 2145 281 2205 QUI
293 2143 410 2197 mlsstt
423 2143 664 2196 ntusswnluu
675 2143 976 2212 annuntiantium,
988 2143 1031 2192 BT
1043 2143 1152 2194 OMNIA
1165 2143 1244 2196 EIUS
1256 2144 1419 2194 nottlttrs
1432 2143 1586 2195 rursm
1598 2144 1813 2196 sorutsntvt

871 2259 914 2308 BT
929 2257 1168 2308 DECEPTIONBS·

259 2501 381 2566 Nullum
391 2502 534 2566 norimus
544 2501 683 2568 codicem
695 2502 802 2584 inquo
814 2503 1008 2571 contincatur
1020 2503 1285 2586 hocopuscnlum,
1300 2501 1346 2566 vel
1356 2501 1562 2584 fragmentum
1570 2502 1732 2586 potius,sb
1741 2505 1813 2568 Arn-

219 2605 327 2670 boesio
340 2606 441 2689 primo
455 2605 613 2687 vulgatum
623 2605 652 2682 ¹3
670 2605 725 2668 sed
739 2604 817 2668 illud
831 2615 915 2670 certa
928 2605 988 2670 fide
1002 2625 1106 2670 carere
1120 2608 1190 2690 quis
1208 2605 1307 2688 possit
1325 2605 1488 2682 arbitrari,
1510 2624 1604 2687 quum
1618 2606 1652 2666 in
1666 2624 1703 2667 so
1716 2606 1813 2669 multa

218 2721 381 2774 occurrant
401 2730 469 2795 quae
482 2712 515 2774 in
528 2710 647 2774 caeteris
660 2708 811 2772 Abaelardi
833 2711 979 2793 operibus
992 2712 1145 2794 reperias?
1159 2715 1271 2774 Noster
1298 2711 1380 2774 euim
1396 2709 1506 2772 sivein
1525 2711 1756 2773 Introduction
1769 2713 1812 2774 ud

219 2815 428 2896 Tlteolopiam,
444 2814 555 2877 sivein
570 2815 750 2876 Christiana
767 2814 945 2896 Theolopiu,
964 2815 1128 2877 utilitatem
1147 2813 1322 2878 dialectices
1343 2811 1572 2896 comprobavit,
1587 2814 1718 2895 amplius
1741 2815 1810 2896 qui-

216 2916 287 2980 dem
308 2918 472 2996 anfusius,
487 2916 542 2980 sed
563 2917 672 2980 iisdem
696 2917 822 2982 innixus
845 2920 1035 3000 argumentis
1057 2929 1088 2982 et
1110 2918 1289 2982 eorumdem
1309 2920 1500 2982 auctoritate.
1523 2919 1624 2993 Quum
1637 2937 1712 2981 vero
1731 2937 1809 2981 con-

216 3007 362 3102 temptius
380 3039 417 3082 ac
431 3018 636 3100 confidentius
650 3018 693 3082 ibi
706 3021 739 3082 in
753 3019 962 3083 adversarium
987 3021 1160 3097 invehatur,
1183 3021 1257 3084 hinc
1273 3020 1419 3100 colligere
1440 3039 1604 3103 possumus
1624 3021 1806 3103 opusculum

215 3121 308 3197 illud,
333 3132 365 3184 ut
390 3123 548 3185 nonnullis
573 3122 704 3204 placuit,
730 3123 937 3206 compositum
964 3123 1152 3188 antefuisse
1174 3143 1267 3208 quam
1290 3124 1455 3188 concilium
1476 3124 1697 3188 suessionense
1714 3142 1807 3206 opera

214 3223 365 3290 Ahoelardi
379 3225 531 3290 dedecore
545 3225 680 3308 quodam
694 3226 874 3294 notavisset.

211 3860 214 3864 ·
258 3831 407 3926 ilystica
435 3829 601 3928 quaedam
634 3829 679 3901 de
712 3829 820 3928 vulpe
849 3827 970 3902 fabula
996 3831 1037 3900 in
1067 3829 1303 3928 proverbium
1332 3853 1352 3903 a
1386 3829 1495 3928 vulgo
1523 3846 1578 3902 est
1605 3847 1762 3904 assumta
1777 3837 1799 3901 ².

211 3948 391 4047 «Vulpes,
408 3977 426 4016 n
453 3949 643 4047 inquiunt,
676 3949 908 4047 «conspectis
933 3949 971 4021 iu
1000 3949 1130 4022 arbore
1156 3949 1306 4050 cerasiS,
1342 3973 1469 4048 repere
1495 3949 1532 4021 iu
1561 3973 1641 4022 eam
1669 3953 1798 4050 coepit,

208 4084 249 4140 ut
277 4095 315 4140 se
347 4069 433 4142 inde
463 4067 639 4142 reliceret.
670 4074 752 4157 Quo
781 4094 865 4142 cum
889 4070 1078 4168 pervenire
1104 4094 1179 4141 non
1215 4084 1337 4168 posset
1369 4085 1405 4141 et
1432 4069 1571 4167 relapsa
1595 4069 1797 4160 decideret,

207 4189 298 4260 irata
324 4188 440 4260 dixit:
467 4217 486 4257 n
506 4193 587 4261 Non
603 4213 692 4261 curo
710 4212 832 4262 cerasa
851 4216 859 4259 :
879 4189 1055 4286 pessimus
1076 4203 1131 4262 est
1155 4214 1282 4262 eorum
1308 4203 1443 4285 gustus.
1470 4218 1488 4257 r
1508 4189 1565 4259 Sic
1594 4203 1630 4259 et
1650 4188 1799 4286 qnidam

120 4325 127 4334 ’
205 4307 314 4404 hujus
330 4310 505 4408 temporis
522 4309 703 4399 doctores,
724 4334 837 4408 quum
856 4307 1123 4383 dialecticarum
1145 4311 1328 4386 rationum
1343 4311 1514 4382 virtutem
1532 4308 1706 4406 attingere
1722 4335 1798 4382 non

204 4430 362 4527 possint,
391 4431 440 4503 ita
467 4454 548 4503 eam
576 4445 805 4503 exsecrantur
833 4423 873 4501 ut
899 4445 1030 4502 cuncta
1055 4431 1130 4527 ejus
1155 4430 1326 4530 dogmata
1350 4445 1480 4530 putent
1503 4429 1743 4529 sophismata,
1762 4445 1798 4504 et

204 4546 437 4649 deceptiones
474 4551 595 4650 potius
625 4575 735 4648 quam
765 4551 923 4624 rationes
952 4550 1183 4624 arbitrentur.
1213 4551 1285 4639 Qui
1305 4579 1322 4621 n
1335 4551 1424 4624 coeci
1457 4551 1567 4624 duces
1597 4557 1798 4624 coecorum*

203 4675 443 4763 nescientes,n
453 4673 778 4772 utaitApostolus*,
794 4702 810 4744 v
820 4672 866 4746 de
875 4672 1007 4771 quibus
1015 4671 1228 4771 loquuntur,
1240 4697 1359 4772 neque
1370 4655 1419 4747 de
1427 4672 1559 4771 quibus
1571 4671 1764 4762 affirmant,
1776 4701 1794 4742 n

202 4791 305 4891 quod
330 4794 498 4866 nesciunt
523 4793 716 4884 damnant,
736 4792 836 4892 quod
858 4793 1032 4890 ignorant
1057 4807 1239 4867 accusant.
1262 4792 1445 4866 lethalem
1467 4792 1632 4889 judicant
1653 4805 1797 4888 gustum

202 4936 313 5009 quem
346 4938 534 5012 nunquam
569 4914 775 5011 attigerunt.
817 4913 1003 5012 Quidquid
1035 4939 1111 4986 non
1144 4913 1371 5012 intelligunt,
1408 4913 1594 4986 stultitiam
1629 4911 1754 5004 dicunt
1784 4941 1792 4984 :

237 5199 245 5224 ⁴
265 5199 322 5266 Pap.
343 5201 466 5252 ras-2⁴9.
479 5228 507 5238 -
521 5199 531 5229 ²
546 5200 601 5253 vid.
618 5201 720 5255 Pltoedrt
739 5203 813 5262 sat„
827 5200 869 5253 lib.
892 5200 935 5264 ll,
950 5203 975 5254 3.
987 5201 1039 5240 --ὅ
1053 5200 1151 5264 llntth„
1171 5215 1226 5268 cap.
1249 5215 1294 5263 xv,
1313 5215 1337 5252 v.
1362 5201 1400 5251 ts.
1416 5198 1474 5238 -‘
1497 5199 1556 5252 Τίου.
1577 5199 1604 5258 l,
1621 5211 1678 5264 cap.
1693 5215 1716 5260 r,
1729 5213 1751 5250 r.
1765 5201 1790 5247 7.
