4536 6102
892 594 1135 668 SERMONES.

759 971 839 1060 DE
875 971 1270 1072 ELEEMOSllbl,

628 1190 706 1252 PRO
727 1189 1093 1253 SANCTlllONlALlBUS
1113 1190 1163 1252 DE
1184 1188 1407 1251 PARACLlTO.

904 1383 1017 1432 mtto
1041 1385 1125 1429 XXX.

276 1619 372 1686 Inter
392 1614 574 1686 universas
596 1615 743 1687 Domini
763 1613 967 1712 parabolas,
987 1614 1123 1705 fratres,
1142 1613 1202 1687 illa
1217 1614 1394 1712 praecipue
1411 1615 1457 1686 de
1473 1611 1591 1686 villico
1612 1614 1808 1711 iniquitatis

226 1736 274 1808 ad
295 1735 528 1832 eleemosynae
551 1735 706 1806 fructum
726 1759 793 1808 nos
814 1736 953 1808 invitat.
982 1735 1052 1822 Qui
1075 1759 1188 1833 quum
1202 1733 1431 1808 villicationis⁰
1448 1759 1520 1808 suae
1537 1736 1714 1808 rationem
1730 1736 1809 1807 red·

225 1853 313 1925 dere
328 1854 486 1925 Domino
502 1877 578 1926 non
595 1851 789 1943 sufficeret,
811 1853 883 1925 hoc
902 1854 1139 1925 novissimum
1163 1851 1290 1925 habuit
1312 1853 1519 1944 consilium,
1540 1869 1580 1926 ut
1595 1853 1641 1924 de
1657 1854 1809 1952 pecunia

224 1974 375 2044 Domini
393 1974 466 2062 sui,
489 1986 525 2044 et
545 1972 591 2043 de
612 1972 785 2044 reditibus
810 1974 920 2072 ipsius
943 1972 1034 2043 villae
1055 1974 1112 2043 cui
1134 1989 1299 2070 praeerat,
1318 1995 1410 2071 quos
1425 1975 1502 2072 ipse
1517 1986 1623 2044 antea
1638 1973 1675 2043 in
1691 1973 1809 2070 seipso

223 2091 398 2190 prodigus
414 2106 704 2190 consumpserat,
727 2093 861 2164 amicos
877 2091 945 2164 sibi
958 2107 1193 2190 praepararet,
1217 2093 1279 2189 qui
1299 2115 1413 2190 quum
1433 2091 1599 2190 expulsus
1614 2117 1635 2164 a
1651 2092 1809 2163 Domino

102 2249 107 2256 ·
224 2235 293 2282 suo
310 2211 448 2301 frisset,
467 2235 551 2282 eum
570 2212 790 2308 susciperent
805 2209 1065 2282 beneficiorum
1081 2211 1156 2308 ejus
1175 2234 1364 2282 memores.
1383 2213 1529 2283 Factum
1546 2225 1599 2283 est
1614 2211 1751 2310 itaque,
1770 2225 1810 2282 ut

223 2355 341 2428 quum
361 2331 470 2429 ipsius
485 2329 577 2402 villae
592 2329 727 2402 reditus
749 2329 948 2426 colligeret,
971 2329 1018 2401 de
1033 2313 1141 2402 rebus
1156 2329 1303 2401 Domini
1319 2331 1373 2401 sui
1388 2331 1426 2400 in
1442 2345 1584 2402 tantum
1600 2329 1676 2402 aliis
1691 2331 1810 2427 largus

223 2450 403 2539 existeret,
422 2465 462 2551 ut
480 2450 513 2521 ei
529 2450 592 2546 qui
607 2463 754 2520 centum
768 2448 879 2522 cados
895 2449 965 2520 olei
981 2449 1153 2540 debebat,
1171 2449 1430 2548 quinquaginta
1444 2449 1686 2540 condonaret,
1705 2450 1742 2521 id
1758 2465 1812 2522 est

223 2569 500 2660 dimidietatem,
519 2583 555 2640 et
570 2569 602 2640 ei
619 2568 682 2665 qui
697 2583 842 2640 centum
858 2593 963 2641 coros
979 2569 1099 2659 tritici,
1117 2569 1241 2666 viginti
1258 2570 1466 2660 remitteret,
1481 2573 1664 2666 octoginta
1679 2565 1812 2642 scilicet

223 2691 418 2787 accipiens.
438 2694 483 2761 Et
491 2689 541 2762 sic
552 2691 589 2760 in
599 2713 643 2760 eo
654 2687 874 2786 completum
884 2705 937 2761 est
947 2688 1186 2786 illudvulgare
1195 2688 1449 2788 proverbium:
1465 2695 1544 2762 «De
1557 2689 1701 2764 alterius
1710 2692 1810 2763 corio

221 2808 332 2904 largae
351 2809 522 2904 corrigiae.
545 2836 563 2876 n
587 2811 669 2895 Quo
694 2808 838 2896 audito,
857 2809 1033 2879 Dominus
1054 2809 1147 2905 ejus,
1167 2810 1230 2906 qui
1246 2833 1330 2880 eum
1346 2830 1367 2881 a
1384 2808 1613 2900 villicatione,
1634 2809 1705 2881 hoc
1721 2826 1811 2883 esta

219 2931 462 3028 praepositura
484 2927 544 3000 illa
563 2927 654 2998 villae
672 2952 860 3000 removere
876 2928 1098 3019 decreverat,
1117 2929 1276 3002 laudavit
1292 2930 1410 3028 ipsum
1425 2929 1583 3002 villicum
1599 2931 1808 3029 iniquitatis,

218 3048 291 3146 qui
312 3046 477 3118 videlicet
500 3047 622 3144 inique
646 3070 730 3117 eum
751 3047 905 3144 pecunia
927 3069 992 3120 sua
1017 3047 1307 3137 defraudaverat,
1325 3047 1426 3146 quod
1445 3048 1641 3148 prudenter
1657 3048 1808 3140 fecisset,

216 3165 272 3238 de
291 3164 408 3236 alieno
424 3165 589 3236 videlicet
603 3187 672 3235 aere
685 3163 753 3236 sibi
769 3165 903 3238 amicos
919 3166 1178 3266 comparando.
1198 3172 1317 3255 Quam
1331 3168 1479 3264 quidem
1487 3165 1698 3276 parabolam
1708 3191 1810 3240 suam

216 3283 405 3355 Dominus
421 3287 520 3355 lesus
537 3282 599 3355 tali
613 3281 686 3354 fine
704 3282 925 3356 concludens
936 3285 1002 3356 ait¹
1016 3311 1024 3355 :
1036 3313 1060 3358 ‚u
1071 3290 1116 3357 Et
1134 3310 1200 3382 ego
1211 3285 1294 3357 dico
1306 3286 1423 3377 vobis,
1442 3287 1545 3361 facite
1556 3285 1660 3360 vobis
1677 3289 1810 3360 amicos

89 3489 97 3501 Ι
216 3405 269 3477 de
293 3427 503 3476 mammona
528 3405 741 3503 iniquitatis3
763 3420 804 3477 ut
827 3430 940 3502 quum
957 3406 1176 3497 defeceritis,
1201 3408 1375 3506 recipiant
1394 3433 1459 3480 vos
1483 3410 1520 3480 in
1544 3423 1676 3482 aeterna
1692 3409 1810 3482 taber-

212 3523 370 3597 nacula.
389 3550 407 3591 n
1128 3525 1131 3530 ’

271 3647 370 3713 Ecce
393 3642 512 3741 ipsum
537 3641 696 3713 villicum
719 3643 897 3715 Dominus
919 3641 1006 3716 dicit
1027 3643 1215 3743 iniquum,
1236 3645 1299 3743 qui
1318 3645 1440 3743 inique
1462 3645 1594 3730 scilicet
1615 3645 1811 3716 Dominum

212 3785 334 3834 suum
350 3761 503 3858 pecunia
518 3783 581 3832 sua
594 3759 881 3852 defraudaverat,
898 3777 934 3834 et
949 3764 1064 3861 ipsam
1080 3785 1344 3855 mammonam,
1362 3763 1399 3836 id
1413 3779 1466 3836 est
1482 3764 1674 3862 pecuniam
1687 3743 1817 3861 iniquiss

212 3881 308 3952 tatis
326 3875 500 3977 appellat,
516 3893 689 3976 tanquam
705 3880 862 3951 Domino
880 3880 1005 3953 fraude
1021 3881 1242 3980 subreptam.
1267 3887 1312 3954 Et
1332 3897 1452 3955 tamen
1468 3883 1563 3954 hanc
1579 3884 1689 3981 ipsius
1704 3882 1811 3956 villici

210 4001 298 4071 sive
323 4021 540 4070 mammonae
560 3998 785 4095 iniquitatem
806 4015 949 4072 excusat
968 4000 1197 4100 providentia
1209 4000 1334 4092 villici,
1358 4028 1437 4101 quae
1454 4002 1620 4075 laudatur
1635 4005 1672 4075 in
1689 4005 1812 4076 amicis

209 4120 363 4194 scilicet
377 4117 446 4190 sibi
457 4119 690 4217 comparatis3
709 4133 749 4190 ut
759 4119 845 4191 hinc
855 4121 1009 4193 maxime
1020 4121 1219 4218 colligatur,
1234 4137 1369 4220 quanta
1379 4123 1425 4194 sit
1437 4122 1671 4220 eleemosynae
1683 4124 1808 4210 virtus,

209 4263 303 4338 quae
322 4238 371 4309 de
386 4237 479 4310 male
495 4238 602 4310 etiam
617 4238 810 4335 acquisitis,
826 4254 863 4311 et
877 4240 1000 4338 inique
1015 4242 1173 4314 Domino
1190 4240 1381 4339 subreptis,
1399 4256 1530 4314 aeterna
1542 4240 1692 4314 coelestis
1708 4266 1811 4314 man·

207 4359 339 4430 sionis
350 4355 553 4458 habitacula
565 4357 671 4429 nobis
682 4373 920 4456 promeretur.
937 4361 1151 4459 Quicunque
1165 4362 1263 4432 enim
1274 4361 1311 4433 in
1322 4359 1391 4433 bac
1401 4361 1474 4433 vita
1487 4361 1646 4458 possidet
1661 4360 1809 4459 aliquid,

206 4477 328 4576 quasi
345 4475 484 4548 villicus
497 4478 628 4548 summi
640 4478 732 4574 regis
750 4492 816 4569 est,
835 4501 902 4551 nec
918 4503 982 4552 sua
998 4495 1082 4552 stmt
1097 4505 1176 4578 quoe
1192 4479 1319 4571 habet,
1337 4480 1400 4552 sed
1418 4505 1440 4552 a
1456 4481 1613 4552 Domino
1628 4479 1695 4555 sibi
1714 4504 1812 4552 conr·

206 4598 334 4670 missa
358 4609 531 4693 tanquam
552 4599 777 4694 procuratori
797 4613 834 4670 et
852 4600 1030 4672 ministro.
1049 4604 1147 4689 Quas
1165 4601 1313 4698 quidem
1333 4625 1389 4672 res
1404 4599 1551 4672 Domini
1567 4601 1621 4671 sui
1639 4600 1689 4670 ita
1704 4597 1812 4670 debet

204 4713 492 4806 adorinistrare,
510 4729 551 4787 ut
564 4716 651 4789 inde
666 4719 864 4790 necessaria
877 4719 958 4791 vitae
978 4719 1128 4812 habeat,
1147 4735 1183 4792 et
1199 4745 1278 4817 quae
1291 4704 1531 4818 superfuerint
1549 4717 1707 4789 Domino
1729 4717 1810 4788 red-

202 4836 291 4910 dat.
315 4834 449 4932 lnique
464 4859 552 4907 vero
569 4836 641 4933 agit
657 4850 693 4907 et
709 4836 970 4930 fraudulenter,
995 4841 1024 4912 si
1047 4841 1140 4913 ultra
1158 4841 1356 4913 necessaria
1375 4864 1438 4912 sua
1454 4839 1652 4937 quidquam
1667 4839 1809 4925 retinet,

203 4971 245 5029 et
262 4979 357 5028 non
375 4953 422 5025 de
437 4954 586 5027 residuis
601 4957 719 5054 ipsum
735 4957 934 5030 Dominum
951 4961 990 5032 in
1009 4959 1226 5060 pauperibus
1242 4961 1355 5060 pascit
1370 4976 1406 5032 et
1420 4960 1538 5048 vestit,
1556 4959 1647 5031 sicut
1663 4958 1813 5056 ipsemet

204 5152 210 5159 ¹
238 5183 250 5224 -⁴
271 5181 361 5242 Luc„
374 5193 495 5244 capati,
509 5197 533 5232 r.
547 5181 573 5232 a.
