4588 6106
466 669 534 739 us
892 663 1019 734 rami
1045 623 1280 736 mussan
1306 663 1362 733 er
1386 661 1610 733 auuorssn

457 805 601 876 Aetibtu
619 803 865 899 Apostolorum
883 804 1053 900 scripturn
1072 807 1145 874 est¹
1164 833 1172 872 :
1206 832 1224 870 o
1238 807 1426 874 Crescente
1439 825 1590 873 numero
1608 800 1882 898 discipulorum,
1904 801 2032 872 factum

458 938 510 995 est
519 946 682 994 murmur
691 925 896 994 Graecorum
911 921 1079 993 adversus
1094 921 1281 1011 Hebraeos,
1297 922 1397 1020 quod
1411 921 1676 1019 despicerentur
1688 920 1724 990 in
1739 920 1934 990 ministerio
1946 945 2034 1016 quo·

457 1041 590 1110 tidiano
608 1038 723 1110 viduae
735 1064 873 1110 eorum.
895 1045 1142 1112 convocantes
1157 1055 1275 1112 autem
1289 1039 1480 1113 duodecim
1492 1037 1644 1136 apostoli
1655 1037 1920 1109 multitudinem
1932 1037 2034 1110 disci·

455 1158 639 1254 polorum,
656 1158 822 1230 dixerunt
839 1187 847 1229 :
866 1164 943 1230 Non
959 1174 1013 1232 est
1025 1185 1167 1257 aequum
1179 1159 1423 1255 derelinquere
1437 1183 1503 1230 nos
1517 1156 1674 1228 Verbum
1685 1158 1769 1248 Dei,
1787 1171 1822 1228 et
1835 1157 2035 1257 ministrare

456 1279 597 1348 mensis.
619 1279 848 1352 Considerate
866 1304 973 1377 crgo,
1002 1281 1141 1370 fratres,
1173 1281 1268 1350 viros
1296 1305 1338 1350 ex
1356 1277 1523 1350 omnibus
1544 1275 1645 1348 vobis
1661 1277 1748 1348 boni
1767 1278 1957 1348 testimonii
1976 1301 2030 1350 se·

454 1413 564 1496 ptem,
582 1399 708 1496 plenos
727 1400 860 1497 Spiritu
878 1414 1001 1471 sancto
1016 1415 1051 1470 et
1059 1401 1241 1497 sapientia,
1258 1422 1348 1495 quos
1365 1399 1620 1470 constituamus
1634 1422 1740 1494 super
1757 1395 1944 1493 hocopus.
1959 1401 2031 1468 Nos

453 1540 538 1585 vero
551 1517 704 1588 orationi
716 1531 752 1587 et
766 1517 962 1588 ministerio
977 1516 1075 1590 verbi
1088 1518 1258 1590 instantes
1274 1517 1417 1588 erimus.
1434 1519 1477 1586 Et
1491 1515 1620 1612 placuit
1639 1539 1756 1586 sermo
1775 1539 1896 1586 coram
1914 1515 2030 1586 multi·

454 1633 588 1705 tudine.
608 1639 650 1706 Et
665 1634 845 1732 elegerunt
860 1635 1080 1734 Stephanum
1094 1634 1241 1733 plenum
1260 1634 1331 1706 fide
1350 1629 1386 1706 et
1397 1634 1527 1732 Spiritu
1547 1647 1686 1722 sanctu,
1708 1648 1744 1706 et
1756 1634 1977 1731 Philippum,
1998 1651 2030 1704 et

455 1754 696 1844 Prochorum,
719 1769 754 1826 et
772 1755 1002 1844 Nicanorem,
1025 1771 1059 1827 et
1079 1754 1324 1844 Timotheum,
1346 1769 1380 1826 et
1400 1759 1634 1844 Parmaenam,
1655 1768 1691 1825 et
1708 1753 1892 1825 Nicolaum
1911 1755 2030 1824 Antio-

453 1872 621 1943 chenum.
644 1878 717 1946 Hos
731 1889 928 1946 statuerunt
945 1889 1028 1946 ante
1044 1889 1286 1973 conspectum·
1297 1874 1560 1972 apostolorum,
1581 1890 1616 1945 et
1633 1883 1775 1946 orantes
1787 1874 2030 1971 imposuerunt

453 1993 502 2061 eis
524 2017 661 2062 manus.
684 2023 700 2060 u
724 1994 825 2065 Unde
844 2009 878 2066 et
891 1994 1112 2066 continentia
1131 1995 1300 2092 Stephani
1319 1992 1515 2065 admodum
1534 1993 1825 2081 commendatur,
1846 1991 1945 2088 quod
1963 1993 2029 2062 mi-

452 2113 593 2182 nisterio
618 2127 724 2209 atque
750 2113 924 2210 obsequio
954 2129 1156 2186 sanctarum
1174 2114 1387 2186 feminarum
1409 2113 1513 2186 fuerit
1532 2113 1733 2210 deputatus.
1759 2111 1867 2207 Cujus
1884 2111 2028 2208 quidem

454 2230 615 2328 obsequii
630 2234 855 2322 ministratio,
869 2259 978 2330 quam
991 2233 1165 2304 excellens
1178 2234 1238 2322 sit,
1254 2247 1371 2305 ettam
1382 2237 1460 2304 Deo
1472 2257 1579 2330 quarn
1593 2235 1678 2330 ipsis
1690 2231 1860 2329 apostolis
1871 2246 2025 2328 accepta,

455 2353 520 2449 ipsi
539 2365 611 2422 tam
625 2352 770 2450 propria
789 2354 950 2424 oratione
968 2377 1077 2448 quam
1091 2377 1262 2423 manuum
1279 2353 1506 2448 impositione
1519 2351 1702 2448 protestati
1712 2365 1817 2422 sunt:
1834 2349 1935 2445 quasi
1947 2348 2026 2436 hos,

455 2495 546 2564 quos
565 2473 602 2541 in
621 2471 691 2543 hoc
708 2472 988 2562 constituebant,
1009 2471 1212 2568 adjurantes
1229 2487 1269 2543 ut
1287 2471 1437 2542 fideliter
1455 2486 1617 2567 agerent,
1639 2485 1764 2543 ettam
1780 2467 2029 2541 benedictione

454 2614 516 2660 sua
534 2615 642 2685 quam
661 2593 821 2664 oratione
836 2616 897 2664 eos
913 2591 1119 2688 adjuvantes
1138 2607 1177 2662 ut
1194 2607 1349 2689 possent.
1371 2596 1488 2678 Quam
1499 2592 1606 2664 etiam
1618 2591 1747 2663 Paulus
1756 2589 2030 2661 administratio·

455 2730 537 2777 nem
557 2707 602 2778 ad
620 2709 839 2804 apostolatus
856 2710 911 2782 sui
929 2709 1189 2806 plenitudinem
1207 2711 1283 2806 ipse
1297 2708 1362 2780 sibi
1380 2709 1607 2780 vindicaus¹z
1632 2737 1650 2778 u
1667 2708 1858 2805 Nunquid⁸
1874 2731 1946 2778 nou
1965 2707 2027 2778 ha·

453 2826 599 2918 bemus,
625 2855 641 2894 u
670 2829 802 2926 inquit,
841 2845 1095 2928 «potestatem
1125 2853 1285 2902 sororem
1315 2829 1500 2902 mulierem
1526 2829 1838 2918 circumducendi,
1870 2830 1961 2900 sicut
1992 2842 2027 2898 et

453 2949 568 3016 oaeteri
586 2947 760 3044 apostoli?
777 2977 794 3016 u
822 2954 869 3019 hc
891 2950 921 3020 si
939 2963 1060 3047 aperte
1081 2948 1214 3020 diceret
1233 2977 1241 3019 :
1269 2950 1436 3046 Nunquid
1455 2965 1490 3020 et
1514 2963 1715 3021 sanctarum
1733 2948 1922 3020 mulierum
1940 2971 2027 3020 eon-

453 3085 577 3139 ventus
602 3093 668 3139 nos
695 3069 826 3142 habere
844 3095 886 3142 ac
911 3069 1100 3144 nobiscum
1123 3073 1160 3144 in
1185 3073 1434 3171 predicatione
1457 3073 1588 3144 ducere
1604 3074 1816 3171 permissum
1839 3087 1910 3159 est,
1938 3071 2025 3142 sicut

451 3194 583 3264 caeteris
601 3194 792 3292 apostolis?
812 3211 849 3266 ut
866 3197 950 3292 ipsae
968 3196 1131 3267 videlicet
1149 3198 1199 3268 eis
1217 3200 1253 3268 in
1272 3197 1521 3295 predicatione
1544 3197 1589 3268 de
1611 3222 1674 3276 sun
1692 3197 1885 3268 substantia
1904 3219 2030 3266 neces-¹

452 3313 542 3382 saria
560 3313 811 3384 ministrarent.
831 3313 933 3384 Unde
945 3315 1157 3410 Augustinus
1165 3317 1202 3384 in
1215 3314 1306 3386 libro
1322 3315 1366 3385 de
1377 3321 1492 3411 Opere
1502 3315 1796 3385 Monoclrorum‘:
1816 3343 1834 3380 u
1846 3313 1898 3383 sd
1911 3313 1994 3401 hoc,
2005 3341 2022 3378 u

453 3431 583 3527 inquit,
608 3461 625 3498 u
641 3446 676 3503 et
689 3431 811 3502 fideles
824 3430 988 3502 mulieres
1002 3431 1172 3503 habentes
1188 3447 1362 3504 terrenam
1376 3432 1608 3504 substantiam
1622 3431 1720 3504 ibam
1733 3456 1815 3502 cum
1828 3431 1896 3519 eis,
1913 3446 1948 3501 et
1962 3431 2026 3500 mi·

452 3548 647 3620 nistrabant
662 3550 712 3619 eis
725 3549 771 3620 de
785 3573 848 3621 sua
862 3548 1073 3634 substantia,
1094 3565 1131 3620 ut
1149 3550 1279 3621 nullius
1290 3550 1488 3647 indigerent
1501 3551 1632 3622 horum
1645 3575 1724 3647 quae
1736 3551 1780 3620 ad
1795 3547 2024 3622 substantiam

452 3665 557 3759 hujus
567 3667 644 3738 vitae
653 3668 843 3764 pertinent.
859 3695 876 3734 u
890 3672 999 3740 ltem⁸
1012 3697 1018 3738 :
1031 3697 1047 3735 u
1062 3669 1169 3756 Quod
1179 3671 1338 3768 quisquis
1351 3694 1425 3740 non
1441 3684 1541 3767 putat
1553 3669 1599 3740 ab
1612 3670 1781 3766 apostolis
1792 3668 1881 3755 fieri,
1893 3684 1931 3739 ut
1943 3693 2023 3739 cum

377 3855 381 3866 ,
451 3785 501 3853 eis
520 3799 646 3856 sanctae
664 3787 944 3858 conversationis
963 3787 1128 3858 mulieres
1148 3789 1375 3860 circumirent
1387 3813 1602 3886 quocunque
1620 3787 1841 3884 evangelium
1860 3786 2026 3884 praedica-

451 3903 538 3974 bant
558 3933 564 3974 :
588 3906 816 4002 Evangelium
843 3906 1011 3996 audiant,
1038 3921 1073 3978 et
1092 3923 1310 4004 cognoscant
1334 3908 1639 4004 quemadmodum
1659 3907 1731 3980 hoc
1748 3909 1858 4004 ipsius
1883 3908 2024 3978 Domini

452 4025 614 4128 exemplo
624 4026 810 4101 iaciebant.
876 4032 915 4098 ln
929 4027 1112 4124 evangelio
1124 4031 1221 4100 enim
1232 4031 1403 4126 scriptum
1417 4032 1512 4100 est⁸z
1532 4057 1550 4096 o
1564 4029 1739 4127 Deinceps
1756 4031 1880 4127 etipse
1898 4030 1963 4100 iter
1980 4029 2027 4098 fa·

452 4145 597 4216 «ciebat
615 4169 679 4242 per
696 4146 853 4216 civitates
872 4161 906 4218 et
920 4146 1060 4218 castella
1079 4148 1323 4243 evangelizans
1337 4171 1487 4244 regnum
1500 4149 1581 4237 Dei,
1598 4162 1634 4219 et
1647 4146 1837 4218 duodecim
1852 4171 1935 4218 cum
1951 4145 2023 4234 illo,

453 4293 469 4330 r<
486 4279 521 4333 et
538 4265 703 4336 mulieres
717 4265 860 4361 aliquae,
878 4289 957 4361 quae
973 4281 1074 4337 erant
1092 4281 1221 4340 curatae
1232 4291 1253 4338 a
1266 4266 1444 4363 spiritibus
1463 4267 1676 4356 immundis,
1692 4283 1727 4341 et
1740 4265 2023 4354 infirmitatibus,

454 4385 592 4454 «Maria
611 4407 690 4480 quae
708 4399 856 4456 vocatur
877 4385 1103 4481 Magdalene,
1121 4401 1157 4458 et
1174 4391 1312 4459 ioanna
1331 4409 1420 4458 uxor
1433 4390 1535 4458 Cuzte
1551 4389 1792 4484 procuratoris
1805 4387 1972 4476 Herodis,
1993 4402 2027 4456 et

452 4531 469 4566 «
483 4504 657 4591 Susanna,
669 4503 786 4575 etaliae
796 4505 926 4595 multae,
938 4529 1017 4601 quae
1026 4504 1271 4576 ministrabant
1282 4505 1314 4576 ei
1326 4505 1371 4576 de
1381 4505 1603 4579 facultatibus
1613 4507 1696 4578 suis.
1706 4535 1723 4572 u
1735 4505 1874 4578 Uthinc
1883 4531 2026 4603 quoque

450 4639 568 4718 pateat
583 4627 779 4698 Dominum
797 4628 903 4698 etiam
926 4628 962 4697 in
981 4627 1231 4725 praedicatione
1245 4653 1309 4700 sua
1327 4627 1611 4725 proficiscentem
1629 4629 1886 4700 ministratione
1904 4627 2026 4699 mulie

450 4767 528 4811 rum
548 4744 779 4840 corporaliter
797 4745 1005 4832 sustentari,
1031 4761 1066 4816 et
1080 4769 1139 4816 eas
1153 4747 1220 4842 ipsi
1232 4747 1364 4844 pariter
1385 4771 1469 4818 cum
1480 4746 1650 4844 apostolis
1664 4748 1764 4844 quasi
1777 4746 2026 4844 inseparabiles

450 4863 598 4934 comites
615 4862 806 4936 adhaerere.
828 4869 1004 4938 Demnm'
1022 4888 1108 4940 vero
1127 4866 1232 4962 hujus
1250 4868 1479 4964 professionis
1497 4867 1666 4964 religione
1685 4869 1721 4939 in
1739 4868 1879 4940 leminis
1897 4870 2027 4966 puriter

483 5157 490 5181 ⁴
507 5161 560 5208 Act.
583 5161 675 5220 lpott„
698 5174 754 5225 cap.
776 5175 812 5219 vr,
834 5175 856 5210 v.
879 5165 887 5209 t
912 5171 937 5212 ct
952 5177 992 5226 sq.
1005 5187 1029 5197 -
1045 5159 1054 5186 '
1071 5161 1177 5212 Corinth.
1193 5161 1221 5219 l,
1256 5175 1311 5227 cap.
1326 5177 1358 5221 u,
1371 5161 1418 5210 col.
1433 5159 1998 5227 trt.-⁸1bid.‚csp.=1‚oot.tta.-⁸Lw

449 5255 504 5306 cap.
523 5258 561 5300 rx,
578 5258 599 5291 v.
615 5242 829 5306 s.—⁸Nanquto
846 5249 917 5295 ctiam
939 5246 967 5296 l).
984 5273 1015 5284 -
1030 5245 1039 5272 ⁴
1055 5247 1115 5309 Opp.
1135 5257 1154 5296 t.
1173 5245 1221 5306 vt,
1254 5261 1310 5310 cap.
1326 5262 1381 5306 uu,
1396 5245 1696 5312 cletta-'Deum
1710 5243 1759 5296 MS.
1775 5243 1845 5295 amb.

2270 342 2274 485 t

2271 581 2276 793 ἱ

2202 905 2205 914 ’
2274 891 2277 972 ⁴
