4496 6102
520 647 565 721 ΙΝ
590 645 926 720 Poalrlctttotta
951 645 1133 721 SANGTAE
1157 645 1313 720 MARIAE
1337 646 1498 720 SERMO.
1597 725 1600 730 ,
1726 639 1798 716 397

218 787 317 862 mino
345 787 560 878 habeamus,
591 792 786 864 reverentia
805 789 919 878 filiali,
946 814 1019 863 non
1049 791 1176 863 timore
1201 790 1317 862 servili
1343 789 1562 862 obedientes.
1590 786 1709 875 Abba,
1735 787 1800 859 he-

218 907 378 979 braicum
405 932 539 982 nomen
564 908 619 981 vel
639 933 783 1006 syrum,
806 907 842 980 id
861 921 914 981 est
937 907 1037 1004 quod
1055 931 1165 1004 graece
1188 908 1245 978 vel
1265 908 1373 980 latine
1399 924 1531 1006 «pater
1549 933 1567 975 n
1588 907 1728 980 dicitur.
1749 911 1800 980 Ne

217 1029 323 1126 igitur
339 1029 415 1102 baec
431 1029 587 1102 filiorum
605 1028 752 1128 adoptio
769 1028 816 1101 ad
832 1027 926 1101 solos
944 1052 1006 1100 eos
1023 1029 1202 1128 pertinere
1217 1028 1409 1116 videretur,
1425 1029 1554 1126 quibus
1564 1028 1610 1101 de
1620 1028 1799 1125 judaismo

216 1151 396 1223 conversis
418 1151 580 1250 superius
603 1149 762 1221 dixerat:
784 1176 804 1217 a
823 1152 943 1238 Quum
966 1171 1123 1221 essemus
1141 1148 1298 1245 parvuli,
1321 1165 1406 1240 etc,
1428 1178 1447 1218 u
1464 1153 1565 1250 ponit
1578 1152 1717 1226 diversa
1735 1173 1799 1224 no-

216 1269 313 1340 mina
329 1267 549 1366 linguarum,
569 1269 699 1367 quibus
717 1271 869 1341 nuncin
887 1263 1034 1340 diversis
1049 1268 1150 1340 terris
1166 1268 1352 1340 invocatur
1365 1274 1478 1362 Deus,
1494 1273 1555 1369 qui
1567 1274 1664 1371 prius
1683 1273 1719 1344 in
1738 1278 1798 1344 Ju-

216 1387 290 1460 daea
304 1401 443 1460 tantum
459 1387 658 1461 habebatur
675 1403 794 1460 notus.
816 1391 938 1485 ltaque
955 1387 1039 1485 quia
1051 1385 1216 1460 videlicet
1233 1387 1395 1484 spiritum
1412 1387 1474 1458 lilii
1487 1390 1542 1461 sui
1555 1391 1659 1463 nobis
1677 1388 1795 1482 dedit,

211 1507 286 1603 jam
310 1525 384 1579 non
406 1521 459 1579 est
477 1507 602 1605 aliquis
619 1523 782 1580 nostrum
802 1531 924 1580 servus
944 1530 1009 1605 per
1025 1510 1160 1596 Deum,
1182 1505 1266 1602 quia
1287 1507 1469 1579 neminem
1495 1509 1571 1603 jam
1594 1511 1687 1606 cogit
1709 1509 1795 1582 obe·

99 1695 110 1720 ‚
214 1623 291 1696 dire
308 1625 436 1698 timore
453 1651 660 1726 poenarum,
680 1625 744 1698 sed
765 1649 887 1698 amore
906 1639 1123 1724 spontaneos
1137 1625 1235 1697 ducit
1251 1654 1260 1695 ε
1278 1652 1297 1693 a
1311 1625 1419 1714 Quod
1430 1627 1459 1696 si
1473 1625 1587 1718 filius,
1615 1655 1633 1694 n
1659 1629 1794 1725 inquit,

217 1773 235 1812 u
256 1757 290 1816 et
305 1743 427 1818 haeres.
448 1773 466 1814 u
486 1749 615 1819 Servus
631 1747 765 1846 quippe
789 1769 864 1817 non
888 1757 1009 1816 manet
1025 1745 1063 1816 in
1082 1743 1193 1816 domo
1219 1745 1257 1816 in
1277 1759 1468 1837 aeternum,
1498 1771 1565 1820 nec
1587 1761 1797 1846 perpetuam

212 1862 415 1939 hereditatis
439 1868 699 1965 possessionem
716 1879 885 1957 meretur,
905 1865 1068 1963 quamvis
1085 1889 1160 1937 nou
1178 1866 1328 1937 omnino
1346 1865 1513 1940 mercede
1529 1868 1700 1965 privetur.
1722 1869 1795 1938 Sci·

211 2003 292 2057 mus
306 2000 341 2058 ct
357 1987 498 2060 Judaeos
512 1987 646 2060 nullam
661 1985 707 2059 de
721 1985 924 2058 obedientia
937 2009 1000 2059 sua
1015 1985 1052 2056 in
1065 1985 1265 2058 coelestibus
1276 1987 1521 2085 promissionis
1538 1989 1794 2060 remuneratio·

197 2127 296 2194 ‚nem
325 2108 520 2204 accepisse,
553 2106 616 2178 sed
642 2119 781 2177 tantum
809 2104 1065 2176 abundantiam
1094 2120 1319 2178 terrenorum
1343 2108 1381 2179 in
1402 2105 1604 2180 mercedem
1631 2109 1682 2180 eis
1706 2131 1795 2182 con·

208 2224 368 2331 stitutam
400 2251 500 2317 esse,
540 2251 631 2324 quos
662 2227 769 2308 timor
793 2250 913 2298 servos
927 2279 938 2318 ,
965 2249 1040 2296 non
1070 2247 1172 2296 amor
1204 2227 1352 2304 faciebat
1376 2227 1480 2301 lilios.
1511 2233 1559 2300 Ut
1581 2245 1700 2304 autem
1727 2256 1794 2304 nos

207 2342 373 2416 homines
396 2343 552 2418 efficeret
567 2345 659 2417 lilios
677 2345 762 2435 Dei,
782 2359 819 2416 et
831 2342 1035 2416 cohaeredes
1044 2361 1132 2416 suos
1149 2339 1186 2416 in
1201 2368 1315 2442 regno¹
1325 2348 1455 2445 patris,
1476 2346 1514 2418 id
1527 2361 1581 2419 est
1598 2350 1664 2420 Dei
1677 2347 1790 2440 lilios,

206 2461 284 2536 lieri
302 2467 466 2564 dignatus
486 2483 538 2540 est
556 2465 648 2539 filius
664 2466 836 2558 bominis,
860 2479 900 2538 ut
922 2481 1052 2539 nostrae
1072 2467 1248 2566 particeps
1272 2466 1485 2540 infirmitatis
1512 2473 1793 2544 communicaret

205 2581 312 2656 nobis
331 2609 402 2658 suae
417 2586 663 2658 fortitudinem
679 2585 896 2675 aternitatis,
918 2601 954 2657 et
977 2609 1089 2683 quum
1112 2584 1159 2657 ad
1175 2585 1247 2658 ima
1260 2585 1511 2679 descenderet,
1535 2611 1603 2661 nos
1621 2590 1668 2662 ad
1686 2589 1793 2662 subli-
1917 2649 1921 2654 .

204 2703 277 2773 mia
291 2703 502 2778 sublevaret.
514 2704 609 2776 Felix
617 2703 874 2778 commercium
888 2695 1011 2796 nobis,
1024 2699 1198 2794 Domine,
1217 2728 1293 2776 non
1310 2705 1393 2797 tibi,
1410 2709 1625 2808 participans
1645 2725 1788 2797 nostra,

204 2827 477 2898 communicans
494 2841 573 2915 tua,
594 2825 757 2898 infirmus
774 2824 905 2918 sactus,
925 2839 965 2896 ut
981 2849 1049 2897 nos
1066 2825 1174 2898 sortes
1195 2825 1428 2901 efficeremur.

253 2943 414 3042 inhujus
430 2960 532 3018 tantae
544 2946 661 3042 gratiae
677 2960 820 3044 typum,
840 2943 971 3042 quade
985 2943 1098 3016 Adam
1114 2945 1273 3018 secundo
1285 2949 1397 3020 suerat
1411 2946 1566 3021 Ecclesia
1586 2949 1786 3038 formanda,

202 3059 250 3133 de
269 3078 367 3136 costa
382 3064 488 3162 primi
506 3061 589 3134 ndae
606 3064 655 3135 ita
677 3077 731 3135 est
750 3063 880 3135 femina
896 3078 1034 3154 creata,
1055 3080 1095 3135 ut
1111 3088 1179 3163 pro
1196 3081 1294 3138 costa
1311 3069 1487 3140 Dominus
1504 3093 1732 3169 nequaquam
1749 3071 1787 3142 in

202 3205 289 3254 vero
306 3199 442 3256 costam
460 3198 674 3283 reportaret,
693 3183 757 3256 sed
777 3209 844 3283 pro
862 3200 960 3257 costa
977 3209 1122 3258 carnem
1142 3185 1335 3286 suppleret.
1353 3188 1449 3277 Quid
1462 3189 1558 3263 enim
1575 3208 1688 3282 costa,
1708 3218 1787 3291 quae

201 3324 256 3381 est
275 3331 385 3380 osseae
404 3324 554 3400 naturae,
576 3309 643 3381 nisi
662 3308 929 3412 fortitudinem,
955 3308 1012 3381 vel
1033 3311 1122 3408 quid
1144 3336 1229 3383 caro
1247 3311 1365 3383 mollis
1381 3314 1447 3384 nisi
1464 3303 1681 3389 debilitatem
1699 3317 1788 3416 figu-

200 3433 280 3506 rat'?
305 3434 425 3520 Quum
451 3421 535 3531 crgo
563 3432 608 3508 de
634 3449 732 3506 costa
754 3435 821 3506 viri
848 3433 977 3510 mulier
1005 3451 1162 3528 creatur,
1189 3450 1225 3509 et
1253 3460 1337 3508 caro
1365 3461 1432 3534 pro
1455 3453 1553 3510 costa
1580 3441 1784 3540 suppletur,

81 3636 90 3652 ὓ
200 3552 299 3626 unde
315 3553 370 3626 vir
385 3553 583 3627 infirmatus
600 3569 671 3645 est,
691 3554 775 3626 inde
793 3553 923 3626 femina
943 3554 1043 3627 sortis
1063 3554 1154 3626 lacta
1176 3568 1251 3626 ests
1274 3555 1357 3652 quia
1377 3570 1506 3628 nostrae
1519 3555 1731 3634 infirmitatis
1747 3560 1786 3630 in

198 3671 341 3746 Christo
356 3676 532 3775 susceptio
548 3691 670 3748 nostra
687 3675 777 3747 sacta
794 3673 988 3763 fortitudo,
1011 3687 1046 3745 et
1063 3672 1159 3744 unde
1175 3673 1233 3747 ille
1254 3690 1306 3746 est
1325 3673 1546 3766 infirmatus,
1568 3703 1633 3750 nos
1654 3679 1783 3770 fortes,

197 3807 241 3864 ut
258 3793 482 3886 dictumest,
504 3795 585 3868 iacti
602 3819 737 3866 sumus.
757 3797 801 3865 Et
819 3794 895 3866 baec
912 3791 1059 3891 quidem
1077 3807 1175 3864 costa
1193 3791 1239 3864 de
1257 3793 1370 3867 Adam
1386 3795 1587 3870 dormiente
1604 3800 1642 3870 in
1660 3799 1785 3872 mulie·

194 3939 276 3987 rem
299 3930 352 3988 est
376 3915 555 4007 traducta,
583 3916 666 4013 quia
689 3914 864 3987 memoria
883 3911 1073 3986 dominica
1093 3912 1269 4010 passionis
1290 3912 1337 3984 ad
1358 3917 1480 3988 omnia
1501 3941 1569 4014 pro
1597 3920 1676 4016 ipso
1697 3919 1784 3992 tole·

192 4034 328 4128 randa,
345 4035 449 4110 sortes
467 4061 534 4109 nos
551 4036 653 4127 iacit,
672 4049 709 4106 et
724 4032 821 4106 unde
838 4035 913 4133 ipse
932 4058 997 4131 pro
1014 4031 1120 4104 nobis
1132 4030 1351 4104 obdormivit
1368 4034 1404 4105 in
1418 4051 1549 4126 morte,
1566 4036 1651 4109 iude
1663 4063 1730 4109 nos
1744 4040 1781 4110 in

191 4159 380 4256 praeceptis
406 4158 478 4230 suis
500 4156 581 4229 iacit
605 4155 764 4254 vigilare,
794 4169 965 4252 tanquam
989 4151 1076 4224 illud
1104 4175 1245 4250 semper
1274 4177 1356 4224 curn
1381 4154 1558 4254 propheta
1580 4155 1777 4229 dicentes¹:

193 4305 214 4344 a
237 4275 335 4364 Quid
357 4275 550 4348 retribuam
568 4277 725 4348 Domino
747 4299 815 4374 pro
836 4271 1003 4345 omnibus
1029 4297 1108 4370 quae
1133 4271 1296 4345 retribuit
1313 4271 1427 4344 mihi?
1446 4273 1600 4346 Calicem
1621 4274 1781 4348 salutaris

190 4397 388 4495 accipiam,
409 4412 444 4469 at
458 4421 592 4470 nomen
609 4396 756 4468 Domini
776 4393 965 4466 invocabo.
988 4421 1006 4461 u
1029 4391 1183 4464 Calicem
1197 4392 1358 4466 salutaris
1375 4396 1529 4492 accepit,
1550 4396 1611 4492 qui
1625 4396 1780 4494 passioni

186 4517 436 4588 communicat
454 4516 594 4589 Christi.
618 4519 667 4588 Ex
684 4530 805 4614 quaet
821 4515 897 4613 ipse
913 4517 1029 4603 lesus,
1048 4512 1120 4584 hoc
1138 4527 1190 4584 est
1205 4512 1373 4585 Salutaris
1388 4515 1460 4586 sive
1478 4514 1638 4588 Salvator
1654 4530 1707 4588 est
1724 4514 1778 4586 di·

184 4653 286 4727 ctus,
301 4639 384 4734 quia
396 4663 461 4736 per
472 4662 551 4710 eam
562 4662 631 4709 nos
646 4636 810 4728 salvavit,
826 4660 935 4734 quam
948 4633 1125 4706 sustinuit.
1141 4637 1180 4704 ln
1193 4633 1266 4705 hoo
1279 4635 1431 4706 maxime
1445 4635 1584 4707 Christo
1596 4661 1662 4733 pro
1675 4635 1779 4708 nobis

183 4772 338 4830 mortuo
353 4759 467 4832 vicem
481 4755 684 4848 reddiuius,
705 4755 793 4828 dum
807 4754 979 4854 usquead
995 4768 1149 4827 mortem
1162 4778 1229 4851 pro
1249 4778 1292 4826 eo
1307 4754 1516 4828 dimicamus
1532 4783 1540 4827 t
1559 4755 1647 4828 illud
1661 4770 1777 4828 toturn

182 4876 382 4977 implentes
392 4878 492 4982 quod
501 4903 703 4979 possumus.
720 4876 823 4950 Unde
832 4891 867 4950 et
876 4878 1024 4975 ipsemet
1037 4875 1104 4948 ait¹
1120 4902 1128 4944 :
1144 4902 1162 4942 a
1173 4875 1343 4971 Majorem
1353 4875 1420 4948 hac
1433 4876 1660 4950 dilectionem
1668 4899 1778 4950 nemo
1867 4857 1870 4866 ¹

180 4999 317 5090 haber,
336 5013 374 5072 ut
398 5001 555 5072 animam
576 5024 677 5072 suam
696 5013 808 5097 ponat
823 4998 903 5096 quis
919 5022 986 5095 pro
1004 4995 1125 5068 amicis
1143 4995 1227 5068 suis.
1250 5022 1269 5064 n
1289 4996 1359 5069 Sed
1376 4997 1460 5094 quia
1476 4996 1552 5070 haec
1569 4998 1680 5070 virtus
1700 5021 1776 5070 non

217 5237 230 5266 ⁴
252 5237 342 5290 nam.
353 5253 410 5303 cxv,
422 5255 446 5291 v.
460 5223 500 5291 lt.
511 5267 537 5279 -
550 5237 561 5266 ⁸
574 5239 654 5301 toan..
670 5253 725 5305 cap.
741 5255 782 5300 xv,
795 5254 818 5289 v.
834 5240 872 5289 tt.
