4486 6100
277 717 433 774 Sacerdotis
445 728 474 773 et
486 720 560 792 regis
572 723 702 794 mysteria

278 807 435 882 Suscepisse
448 819 556 864 constat
566 810 644 866 hunc
655 830 671 867 a
684 811 801 880 semina,

310 899 346 953 Et
359 900 409 972 qui
423 917 487 954 eum
502 917 582 955 sexus
595 905 707 975 peperit

311 988 487 1046 Sacramenta
499 1008 613 1066 quoqne
625 992 750 1049 tradidit.

277 1137 312 1191 Et
323 1136 432 1210 sepulto
444 1137 535 1194 serens
548 1139 615 1194 hinc
631 1152 755 1198 aromata

276 1227 457 1302 Resurgentis
469 1232 548 1304 prior
559 1231 629 1287 vidit
640 1232 755 1306 gandia,

277 1319 313 1373 Et
323 1335 357 1373 ex
370 1318 452 1392 culpa
463 1320 517 1376 vile
530 1325 618 1394 magis
631 1321 736 1378 femina

276 1409 309 1462 ln
322 1406 374 1463 hac
385 1426 482 1464 omnes
496 1411 643 1467 antecessit
657 1413 761 1485 gratia,

311 1497 350 1552 Ut
360 1509 453 1572 pateat
467 1511 573 1576 quanto
586 1501 690 1575 gaudio

309 1588 488 1645 Peccantiurn
502 1591 539 1647 sit
549 1593 701 1648 conversio.

591 1771 653 1828 XC.

275 1929 380 2001 Sponsa
392 1928 513 1998 Christi,
528 1939 586 1985 tam
596 1930 678 2002 virgo
689 1947 772 2003 quam
785 1939 889 1999 mater,

275 2017 363 2091 Cujus
373 2018 464 2093 palma
475 2017 592 2075 celebris
604 2019 662 2074 hec
674 2017 806 2088 dissert,

273 2106 367 2163 Palma
377 2109 480 2183 duplex
492 2109 593 2166 lectum
606 2126 724 2183 presens
737 2109 874 2184 geminat,

275 2196 366 2272 Virgo
377 2217 506 2268 earnem,
520 2210 626 2272 martyr
637 2200 747 2254 hostem
760 2210 883 2273 superat.

310 2289 384 2344 Hinc
396 2290 484 2362 igitur
497 2289 596 2364 psalmi
610 2299 756 2357 resonent,

178 2400 188 2421 ·
310 2379 455 2434 Lectiones
467 2379 532 2434 inde
544 2388 723 2451 concrepent.

275 2530 338 2584 llaec
351 2530 380 2584 in
391 2531 457 2584 viris
469 2527 572 2603 duplex
585 2527 676 2602 palma
689 2526 793 2592 rarior,

273 2615 385 2672 Eminet
397 2618 426 2671 in
438 2616 549 2672 feminis
562 2616 689 2684 uberior3

274 2706 314 2762 Ut
325 2723 405 2762 sexus
415 2707 516 2762 harum
529 2716 571 2762 est
583 2705 731 2772 infirmior,

275 2796 320 2851 Sic
331 2797 454 2870 ipsarum
467 2795 555 2852 virtus
567 2794 732 2862 mirabilior,

310 2885 346 2940 Et
358 2885 481 2958 ipsarum
494 2895 574 2941 tanto
587 2886 702 2958 gratior,

311 2975 354 3032 Sit
364 2975 456 3031 hostia
467 2986 573 3050 quanto
586 2976 694 3048 purior.

276 3126 391 3198 Integra
403 3134 460 3179 tarn
472 3123 573 3197 spiritu
582 3140 667 3198 quam
679 3138 811 3195 corpore,

275 3214 475 3269 Holocaustum
488 3231 584 3268 verum
597 3212 628 3268 fit
640 3231 675 3268 ex
686 3212 803 3285 virgine.

275 3303 320 3360 Ad
333 3305 477 3360 incensum
488 3304 574 3376 hujus
587 3303 660 3358 reler
671 3302 768 3358 hostie

275 3393 355 3449 suls
366 3404 464 3468 typum
476 3404 504 3449 et
516 3392 623 3448 tenellae
636 3392 737 3448 ritule.
764 3453 769 3462 p

310 3483 372 3539 lllic
383 3482 497 3552 umbra,
510 3481 558 3538 sed
570 3481 618 3537 hic
627 3483 742 3549 veritas,

310 3573 340 3629 Si
353 3591 397 3629 res
409 3573 495 3648 signis
505 3573 577 3630 hene
588 3572 721 3628 conferas.

275 3725 344 3795 Quae
356 3739 405 3778 cor
417 3721 476 3776 Deo
489 3739 540 3795 per
552 3738 581 3776 se
593 3730 811 3788 consecraverat,

273 3814 329 3870 Per
340 3811 467 3869 lictorem
481 3829 557 3866 nnnc
569 3822 599 3866 et
612 3827 713 3884 corpus
725 3809 867 3877 immolat,

274 3905 459 3961 Consecratur
471 3902 531 3957 Dec
543 3903 668 3976 primum
677 3901 788 3958 animus

272 3995 354 4051 llosti
367 4011 467 4068 corpus
480 3993 594 4065 exponit
606 3989 774 4064 intrepidus.

304 4083 413 4140 Christi
427 4081 526 4152 decus,
547 4093 601 4137 etc.

582 4267 659 4322 xcl.

268 4441 367 4510 Quum
382 4439 412 4493 in
423 4436 525 4492 sanctis
536 4436 611 4492 Deus
624 4437 661 4492 sit
673 4436 828 4506 mirabilis,

264 4527 418 4584 Preminet
430 4527 460 4581 in
473 4525 606 4581 meritum
618 4526 752 4581 victoriis.

264 4616 325 4673 Sed
336 4633 426 4691 Qum
438 4615 487 4672 dat
499 4615 611 4671 lerninis
624 4616 781 4683 victoriam,

264 4707 342 4777 Quis
353 4723 410 4761 non
423 4706 530 4762 cunctis
542 4705 669 4780 preferat
682 4707 818 4780 gratiam?

306 4795 347 4851 Ut
360 4813 440 4852 sexus
452 4805 494 4850 est
505 4795 646 4869 fragilior,

306 4887 368 4942 Hoc
381 4887 418 4941 sit
429 4885 517 4941 uirtus
529 4884 695 4942 mirabilior.

261 5032 415 5108 Exquisita
427 5043 635 5090 tormentorum
647 5050 748 5106 genera

262 5125 452 5183 Feminarum
464 5134 578 5199 superat
588 5125 752 5180 constantia,

924 583 1137 660 canutus.

1028 727 1037 762 ·'
1087 730 1145 782 Aut
1157 729 1273 784 istarum
1287 731 1375 786 virtus
1388 741 1430 787 cst
1443 730 1594 800 mirabilis,

1088 818 1148 872 Aut
1159 835 1280 892 agonum
1294 821 1396 876 horum
1409 840 1491 896 poena
1504 821 1610 885 facilis;

1124 906 1179 962 Sed
1191 919 1343 986 utrumque
1356 914 1414 984 geri
1427 913 1543 980 melius,

1122 998 1294 1071 Disponente
1306 1001 1366 1056 Deo
1380 1002 1531 1058 credimus.

1087 1163 1189 1221 Valida
1201 1178 1256 1236 est,
1271 1169 1344 1224 sicut
1355 1186 1447 1236 mors,
1459 1167 1591 1235 dilectio,

1088 1253 1146 1310 Nec
1158 1255 1238 1311 istius
1252 1257 1326 1332 ignis
1336 1269 1379 1315 est
1389 1259 1533 1316 extinctio.

1085 1346 1172 1418 Aqua
1187 1345 1279 1402 multe
1291 1365 1348 1403 non
1359 1359 1476 1422 possum
1486 1351 1649 1422 extinguere

1086 1433 1217 1491 Caritatis
1230 1437 1371 1494 flammam
1384 1439 1585 1509 invictissimam

1122 1525 1180 1580 Nec
1192 1536 1235 1582 est
1249 1545 1372 1602 unquam
1385 1547 1449 1586 cum
1463 1530 1516 1585 hac
1527 1529 1628 1588 debilis
1718 1537 1720 1542 '

1122 1614 1208 1671 Serus
1215 1660 1223 1687 ,
1236 1628 1486 1694 quantumcunque
1497 1619 1614 1692 fragilis.

1087 1781 1165 1852 Quid
1177 1781 1284 1839 harhati
1297 1784 1402 1840 dicturi
1415 1798 1481 1843 sunt
1491 1787 1621 1859 juvenes,

1086 1871 1215 1927 Delicatae
1224 1891 1313 1947 quum
1327 1875 1488 1932 haeserant
1501 1877 1640 1951 virgines?

1087 1961 1239 2018 Erubescat
1250 1963 1287 2020 ad
1298 1963 1357 2020 hec
1369 1983 1449 2021 sexus
1463 1965 1572 2036 fortior,

1086 2051 1143 2107 Ubi
1156 2063 1233 2109 tanta
1245 2055 1364 2111 sustinet
1375 2056 1523 2112 infirmior.

1121 2142 1228 2200 Christi
1241 2143 1341 2216 decus,
1352 2155 1407 2202 etc.

1387 2371 1478 2428 XCll.

1062 2616 1070 2630 ·
1086 2587 1200 2657 Quanto
1214 2604 1314 2660 sponso
1327 2587 1416 2644 fidelis
1428 2589 1486 2645 hec
1500 2591 1602 2660 luerit,

1086 2678 1158 2733 Tam
1171 2678 1257 2752 ipsius
1270 2679 1325 2734 vita
1337 2697 1421 2754 quarn
1434 2699 1510 2736 mors
1522 2681 1628 2737 docuit.

1086 2765 1137 2822 llla
1147 2785 1249 2840 corpus
1260 2767 1403 2842 integrum
1417 2769 1592 2839 custodiens,

1086 2855 1152 2912 Hac
1163 2857 1252 2930 ipsius
1261 2857 1454 2914 holocaustum
1468 2858 1603 2929 offerens,

1122 2947 1213 3022 Virgo
1225 2965 1338 3021 sponsa,
1352 2950 1430 3024 virgo
1443 2967 1560 3025 sponsus
1573 2963 1624 3020 est,

1120 3037 1228 3112 Sponsa
1239 3049 1338 3106 mater,
1352 3056 1469 3113 sponsus
1483 3052 1591 3114 martyr
1605 3053 1654 3098 est.

1085 3196 1183 3254 Talem
1193 3215 1327 3272 sponsum
1338 3200 1400 3256 talis
1412 3218 1512 3274 sponsa
1524 3201 1636 3270 decuit,
1680 3229 1683 3234 ·

1086 3289 1155 3359 Quae
1167 3299 1261 3346 secuta
1274 3289 1323 3358 sit,
1336 3307 1505 3366 quocunque
1516 3293 1595 3361 ierit,

1086 3379 1165 3449 Quos
1176 3396 1228 3433 nec
1238 3396 1320 3434 sacre
1332 3381 1422 3436 carnis
1434 3379 1519 3436 decor
1531 3380 1651 3450 dividat,

1087 3467 1145 3523 Nec
1157 3469 1187 3523 in
1199 3479 1289 3525 morte
1302 3468 1398 3543 dispar
1408 3488 1487 3526 amor
1499 3481 1599 3545 pateat.

1122 3557 1338 3634 Subsequentur
1350 3577 1483 3633 sponsum
1495 3572 1615 3629 eaetere3

1121 3648 1185 3703 Haec
1199 3648 1305 3704 incedit
1317 3650 1390 3707 ricto
1401 3650 1496 3707 latere.

1085 3805 1122 3861 Et
1132 3807 1230 3879 regina
1242 3808 1336 3880 sponsi
1349 3819 1448 3865 tenens
1461 3809 1620 3883 dexteram,

1084 3896 1306 3969 Subsequentenr
1319 3897 1432 3956 turham
1446 3898 1531 3956 hahet
1543 3911 1679 3960 meram.

1085 3986 1119 4043 ln
1132 3985 1233 4042 vestitu
1246 3985 1379 4043 deaurato
1390 3988 1506 4056 renitet,

1085 4077 1121 4131 Et
1132 4094 1192 4151 que
1205 4093 1320 4132 coronas
1332 4075 1504 4150 supradictas
1515 4079 1646 4152 possidet.

1117 4166 1288 4223 Ceterarum
1300 4166 1355 4222 hoc
1369 4176 1410 4221 est
1421 4167 1576 4240 optimum,

1120 4257 1318 4330 Incorruptum
1331 4266 1412 4311 estet
1424 4256 1551 4312 rutilum.

1084 4416 1195 4470 Sertnrn
1208 4415 1292 4484 rosis,
1307 4415 1446 4470 intextum
1459 4425 1489 4470 et
1500 4415 1566 4470 liliis

1083 4505 1157 4562 Sunt
1166 4505 1276 4578 insigne
1289 4505 1418 4579 martyris
1431 4515 1460 4560 et
1475 4506 1605 4578 virginis,

1084 4595 1118 4649 In
1134 4593 1249 4650 odorem
1262 4593 1376 4650 Christo
1391 4597 1594 4652 suavissimum.

1084 4685 1192 4756 Martyr
1204 4701 1309 4752 rosam,
1323 4685 1401 4758 virgo
1412 4686 1520 4759 prolert
1531 4685 1632 4743 lilium.

1120 4773 1289 4830 Indumenta
1300 4772 1367 4830 dant
1379 4773 1513 4849 insignia,

1121 4863 1230 4922 Cedens
1242 4864 1353 4938 hyssus,
1367 4864 1452 4920 rubra
1465 4885 1599 4940 purpura.

1084 5031 1199 5089 Pulchri
1214 5050 1324 5107 gressus
1334 5034 1394 5106 eius
1408 5045 1473 5090 sunt
1485 5036 1515 5090 in
1529 5035 1642 5105 calceis,

1085 5125 1164 5194 Quos
1176 5132 1206 5180 et
1218 5141 1335 5198 sponsus
1347 5123 1495 5180 conlaudat
1508 5127 1538 5180 in
1551 5128 1674 5183 canticis.
