4536 6102
662 582 871 655 Ettstott
898 583 957 654 AD
982 582 1126 654 ntvtttt
1146 581 1430 654 utuutuuuu.
1766 572 1830 644 tat

259 725 367 824 nique
383 729 588 799 Graecorum
605 725 789 814 discretio,
807 748 980 822 quorum,
999 742 1040 796 ut
1053 726 1103 796 ait
1116 724 1241 797 beatus
1258 723 1496 810 Ambrosius¹,
1517 719 1708 792 auctoritas
1724 718 1838 813 major

258 861 323 934 est,
343 845 458 918 solam
473 846 628 918 Matthaei
650 846 867 935 orationem,
895 843 1092 942 praedictis,
1110 859 1150 916 ut
1169 844 1336 936 arbitror,
1356 839 1573 928 rationibus,
1592 838 1628 908 in
1645 853 1837 919 cousuetu-

256 963 380 1036 dinem
403 965 520 1055 duxit,
549 964 704 1038 dicendo
731 965 864 1037 scilicet
887 972 937 1038 τὸν
953 979 1043 1063 ἄρτον
1059 975 1164 1060 ἡμῶν,
1183 973 1233 1038 τὸν
1250 969 1418 1048 ἐπιούσιον,
1436 961 1536 1061 quod
1557 962 1833 1058 interpretatur:

259 1113 276 1146 s
291 1088 422 1156 Panem
439 1099 603 1156 nostrum
618 1083 1009 1182 supersubstantialem.
1032 1113 1050 1151 u
1076 1086 1247 1172 Quamvis
1263 1083 1360 1156 enim
1376 1087 1488 1154 Lucas
1505 1104 1634 1178 graece,
1654 1079 1838 1150 Matthaeus

255 1206 433 1302 scripserit
448 1204 642 1295 Hebraice,
662 1206 901 1302 antiquiorem
917 1221 1038 1278 tamen
1057 1220 1094 1277 et
1108 1205 1357 1302 perfectiorem
1382 1204 1577 1301 peregrinae
1602 1200 1730 1296 linguae
1755 1225 1836 1272 ora-

228 1325 391 1428 ·tionem
420 1324 645 1424 frequentare
668 1328 790 1425 potius
813 1327 925 1398 Graeci
953 1326 1206 1414 decreverunt,
1235 1341 1271 1397 et
1296 1323 1566 1397 translationem
1589 1322 1701 1416 magis
1727 1344 1836 1418 quam

253 1448 407 1544 propriae
430 1447 558 1544 lingum
584 1449 796 1546 scripturam
821 1449 935 1546 sequi.
955 1448 1017 1519 His
1041 1447 1181 1545 itaque,
1209 1447 1247 1518 ni
1273 1445 1388 1533 fallor,
1408 1461 1481 1516 tarn
1505 1440 1704 1514 rationibus
1727 1465 1834 1538 quam

254 1566 523 1639 auctoritatibus
549 1569 734 1640 vetustatis
761 1569 882 1666 potius
907 1585 1016 1665 quam
1037 1567 1205 1640 novitatis
1226 1564 1429 1662 arguendus
1444 1561 1583 1651 videor,
1603 1577 1638 1632 et
1653 1561 1772 1632 minus
1790 1561 1836 1633 de

251 1687 529 1783 praesumptione
544 1687 762 1777 censendus,
781 1687 844 1785 qui
864 1701 939 1758 tam
962 1687 1160 1758 Dominum
1185 1709 1295 1784 quam
1323 1682 1526 1783 apostolos,
1554 1697 1590 1752 et
1611 1680 1835 1754 manifestam

252 1805 458 1876 Graecorum
478 1803 742 1901 providentiam
765 1805 802 1876 in
824 1803 896 1876 hnc
921 1804 1097 1903 praecipue
1123 1829 1267 1902 sequor.
1296 1807 1376 1906 Non
1401 1802 1507 1873 enim·
1525 1797 1768 1872 dubitandum
1783 1814 1836 1870 est

251 1922 434 2018 apostolos
446 1925 646 1996 orationem
658 1924 753 1999 hanc
766 1923 834 1996 sibi
843 1904 1012 1996 traditam
1023 1925 1212 1996 aDomino
1221 1938 1258 1995 et
1267 1922 1313 1994 ab
1324 1920 1488 2021 apostolo
1500 1921 1658 2019 primum
1667 1919 1835 2016 scriptam

251 2043 288 2112 in
306 2042 441 2116 eisdem
457 2044 575 2116 verbis
592 2068 672 2116 eam
691 2044 954 2142 frequentasse,
977 2047 1015 2116 in
1036 2045 1167 2143 quibus
1192 2046 1306 2143 ipsam
1323 2069 1345 2115 a
1360 2043 1518 2115 Domino
1540 2055 1772 2138 acceperant,
1800 2056 1835 2111 et

250 2163 432 2260 apostolus
449 2163 645 2238 tradiderat
660 2167 842 2264 scriptam.
861 2167 950 2253 Quis
966 2167 1063 2237 enim
1080 2190 1155 2237 non
1171 2181 1315 2237 censeat
1330 2189 1410 2252 eos,
1432 2166 1493 2262 qui
1513 2164 1550 2234 in
1571 2185 1765 2233 commune
1780 2162 1833 2232 vi·

250 2285 355 2371 v'unt,
376 2298 411 2355 et
427 2283 464 2355 in
482 2283 555 2355 hoc
570 2285 805 2381 apostolicam
828 2284 1023 2381 plurimum
1043 2285 1174 2373 vitam,
1202 2282 1405 2354 doctrinam
1430 2293 1576 2378 quoque
1603 2281 1763 2378 ipsorum
1782 2281 1836 2349 in·

248 2406 371 2475 sistere
387 2402 520 2476 debere
535 2405 782 2502 potissimum?
805 2405 968 2501 Denique
984 2427 1096 2501 quum
1114 2403 1290 2474 Dominus
1311 2403 1514 2473 orationem
1538 2399 1633 2472 hanc
1653 2399 1832 2484 traderet,

249 2524 304 2597 vel
328 2525 365 2594 in
392 2522 448 2594 his
468 2523 668 2596 secundum
684 2522 890 2594 Matthaeum
905 2522 1044 2610 verbis,
1065 2521 1122 2594 vel
1138 2522 1175 2592 in
1191 2521 1259 2593 illis
1275 2519 1474 2593 secundum
1500 2524 1649 2608 Lucam,
1676 2534 1711 2590 et
1730 2543 1830 2604 eam,

247 2644 338 2715 sicut
364 2643 548 2732 tradebat,
576 2642 646 2715 dici
673 2644 902 2741 praeciperct,
926 2644 1006 2741 quis
1028 2667 1103 2714 non
1129 2641 1249 2713 videat
1268 2666 1330 2713 eos
1356 2666 1430 2712 non
1455 2639 1683 2711 mediocriter
1705 2664 1834 2736 praesu·

247 2786 362 2851 mere,
393 2763 455 2859 qui
482 2762 532 2833 sic
559 2786 639 2834 earn
655 2753 794 2833 ¹dicunt
820 2764 912 2833 sicut
939 2785 1126 2858 nunquam
1147 2775 1199 2834 est
1220 2759 1266 2831 ab
1292 2761 1370 2858 ipso
1392 2758 1540 2848 tradita,
1565 2783 1632 2831 nec
1649 2758 1695 2829 ab
1712 2758 1832 2855 aliquo

246 2883 399 2979 scripta?
415 2885 558 2968 Quanta
573 2882 670 2952 enim
687 2881 917 2986 praesumptio
935 2897 1006 2970 est,
1025 2881 1063 2951 in
1081 2880 1149 2952 hac
1165 2881 1330 2952 oratione
1346 2903 1414 2950 nec
1432 2876 1580 2975 aliquod
1597 2878 1768 2974 scriptum
1783 2903 1834 2948 se·

245 3001 332 3096 qui,
351 3025 417 3072 nec
441 3015 564 3072 tenere
588 3016 806 3100 praeceptum
834 3001 980 3073 Domini
1004 3002 1147 3073 :immo
1172 3015 1246 3074 tam
1273 3000 1469 3099 scripturn,
1496 3023 1605 3096 quarn
1634 2999 1831 3070 Dominum

245 3118 362 3214 ipsum
379 3118 572 3191 emendare
588 3118 737 3210 audere,
753 3119 782 3190 si
799 3119 891 3191 sorte
906 3120 973 3190 ista
986 3119 1217 3217 praesumptio
1231 3117 1303 3190 dici
1317 3119 1430 3216 possit
1443 3117 1673 3189 emendatio?
1690 3118 1830 3190 Nemini

245 3251 363 3309 tamen
382 3240 567 3338 praecipio,
585 3239 723 3311 nemini
743 3238 944 3337 persuadeo
962 3254 1002 3311 ut
1020 3263 1078 3310 me
1094 3240 1131 3310 in
1150 3239 1220 3311 hoc
1241 3253 1423 3336 sequatur,
1442 3252 1513 3310 eta
1528 3238 1712 3309 communi
1738 3261 1831 3314 rece-

244 3356 306 3427 dat
327 3381 407 3428 usu.
427 3355 594 3429 Abundat
614 3359 859 3456 unusquisque
879 3359 916 3430 in
938 3381 1045 3431 seusu
1067 3382 1147 3429 suo.
1166 3356 1258 3428 tttud
1281 3372 1423 3446 tamen,
1444 3356 1650 3454 quicunque
1672 3370 1726 3428 est
1750 3356 1826 3444 illc,

243 3476 404 3548 attendat
419 3501 486 3548 nec
501 3500 607 3550 usum
623 3478 774 3568 rationi,
792 3503 859 3550 nec
870 3477 1171 3551 consuetudinem
1187 3477 1446 3576 praeferendam
1463 3501 1538 3550 esse
1551 3477 1704 3548 veritati.
1721 3476 1829 3563 Quod

243 3591 389 3689 quidem
405 3609 479 3666 tam
499 3593 616 3668 saeculi
637 3596 752 3692 leges,
772 3619 883 3694 quam
901 3595 1074 3668 doctrinae
1096 3611 1303 3668 sanctorum
1330 3599 1476 3667 Patrum
1503 3593 1700 3692 plurimum
1723 3593 1830 3665 nobis

241 3713 496 3786 commendare
522 3713 771 3787 decreverunt.
795 3714 939 3786 Codicis
964 3713 1027 3785 lib.
1048 3719 1145 3802 Vlll,
1169 3739 1249 3813 cap.
1271 3718 1322 3785 1¹:
1343 3743 1360 3782 u
1375 3714 1653 3788 Consuetudinis
1672 3737 1828 3811 ususque

242 3833 391 3928 longaevi
409 3857 475 3904 nec
494 3832 573 3904 vilis
588 3835 781 3905 auctoritas
801 3848 854 3906 cst
869 3860 877 3902 ε
894 3857 1018 3904 verum
1037 3857 1104 3904 nec
1125 3857 1237 3931 usque
1259 3835 1351 3906 adeo
1367 3837 1422 3906 sui
1447 3834 1601 3906 valitura
1625 3849 1825 3921 momento,

240 3965 280 4020 ut
297 3964 359 4021 aut
377 3950 553 4021 rationem
563 3951 695 4041 vincat,
713 3965 775 4023 aut
795 3949 922 4047 legem.
940 3978 957 4016 u
981 3951 1211 4046 Augustinus,
1227 3951 1290 4023 lib.
1318 3957 1381 4040 IV,
1398 3951 1441 4022 (le
1462 3955 1665 4048 Baptism0⁸
1684 3980 1692 4022 :
1712 3983 1729 4020 u
1744 3957 1828 4023 Fru-

159 4099 160 4104 ’
240 4084 313 4142 stra
331 4069 395 4166 qui
415 4069 554 4141 ratione
575 4071 781 4160 vincuntur,
806 4071 1106 4144 consuetudinem
1128 4071 1234 4144 nobis
1258 4072 1449 4168 objiciunt,
1473 4073 1573 4169 quasi
1600 4072 1825 4143 consuetudo

240 4189 356 4285 major
370 4190 415 4260 sit
430 4189 603 4279 veritate,
621 4191 773 4262 autnon
791 4191 836 4263 sit
851 4190 888 4261 in
903 4191 1146 4288 spiritualibus
1158 4191 1399 4290 sequendum,
1414 4189 1513 4290 quod
1527 4191 1562 4262 in
1577 4189 1703 4286 melius
1720 4191 1826 4263 fuerit

169 4335 173 4344 ·
240 4331 260 4376 a
276 4307 409 4404 Spiritu
429 4323 554 4380 sancto
575 4308 784 4382 revelatum.
804 4311 881 4381 Hoc
898 4309 1005 4407 plane
1022 4333 1147 4382 verum
1164 4325 1238 4394 est,
1257 4312 1340 4407 quia
1357 4309 1502 4382 ratioet
1525 4309 1655 4380 veritas
1671 4333 1823 4381 consue·

240 4426 355 4499 tudini
380 4429 622 4526 praeponenda
638 4445 704 4502 est.
722 4459 740 4504 u
765 4431 958 4526 Gregorius
981 4432 1153 4530 septimus
1175 4430 1381 4503 Uvimundo
1405 4435 1584 4502 Aversano
1603 4429 1819 4528 episcopo&
1941 4478 1949 4494 .

242 4573 258 4612 u
271 4546 307 4616 Si
324 4547 624 4620 consuetudinem
640 4548 798 4622 fortassis
813 4573 995 4647 opponas,
1023 4550 1284 4623 advertendum
1306 4550 1371 4622 fuit
1394 4547 1494 4648 quod
1518 4549 1695 4621 Dominus
1721 4545 1819 4618 dicit.

243 4667 349 4760 «Ego
365 4691 459 4756 sum,
470 4695 488 4734 u
508 4669 642 4765 inquit,
658 4669 836 4755 «veritae,
849 4695 866 4735 >r
885 4657 959 4741 non
978 4671 1050 4742 ait:
1069 4675 1142 4767 Ego
1159 4695 1240 4744 sum
1256 4667 1519 4743 consuetudo.»
1534 4673 1660 4740 Beatus
1676 4691 1822 4765 quoque

236 4787 1202 4881 Gregoriusdadiversisconsuetudinibusecclesiarum
1212 4787 1818 4888 Augustino,dnglorumepiscopo,

270 5093 277 5120 ¹
293 5093 333 5146 De
345 5106 503 5153 sacramentis
514 5100 558 5153 lib.
573 5101 603 5162 t,
615 5115 671 5166 cap.
688 5116 712 5151 rr
723 5099 781 5166 (l),
797 5101 857 5164 Ορρ.
869 5113 887 5152 t.
902 5053 923 5152 ll
933 5139 939 5162 ‚
949 5100 998 5152 col.
1011 5101 1067 5151 3l8.
1079 5126 1109 5138 -
1121 5098 1130 5127 ¹
1143 5100 1204 5152 God.
1226 5099 1268 5151 lib.
1287 5099 1361 5159 Vlll.
1384 5100 1421 5150 tit.
1441 5099 1487 5160 5³,
1503 5113 1530 5148 u.
1540 5118 1574 5137 -·
1584 5095 1594 5123 ⁸
1604 5093 1656 5148 tib.
1670 5093 1712 5156 tr,
1725 5109 1780 5159 cap.
1795 5111 1818 5152 v.

236 5181 299 5244 Ορρ.
311 5194 331 5235 t.
343 5185 384 5251 tx,
393 5189 441 5239 cut.
455 5190 509 5242 tat.
519 5187 634 5239 -⁴Vida
647 5189 742 5239 Deerat.
752 5188 872 5246 Guttam,
883 5199 947 5255 part·
958 5189 982 5250 l,
997 5188 1056 5241 dist.
1068 5203 1118 5251 rut,
1130 5203 1184 5255 cap.
1196 5203 1220 5239 r.
