4522 6102
843 603 1139 728 'seimona'
1732 649 1802 726 tta

217 786 337 876 fallor,
366 789 541 862 maximus
566 790 625 864 ille
650 805 837 889 poetarum
862 808 1069 868 nostrorum
1097 792 1260 890 Virgilius
1285 791 1446 866 audierat
1471 806 1579 890 atque
1606 789 1805 866 attenderat

217 931 330 1004 quum
351 907 388 978 in
417 912 464 980 lv
491 909 614 1008 ecloga
637 911 796 984 futurum
818 913 854 984 in
873 913 1039 1012 proximo
1064 911 1132 984 sub
1154 917 1311 1010 Augusto
1333 916 1468 984 Caesare
1491 926 1652 1009 tempore
1675 936 1805 984 consu·

216 1024 308 1100 latus
327 1026 499 1102 Pollionis·
512 1028 710 1102 mirabilem
728 1030 915 1129 cujusdam
934 1033 1035 1130 pueri
1049 1031 1096 1104 de
1108 1031 1199 1104 coelo
1218 1030 1265 1104 ad
1282 1045 1392 1104 terras
1409 1030 1594 1122 mittendi,
1614 1032 1675 1129 qui
1697 1032 1804 1104 etiam

217 1159 361 1242 peccata
378 1147 504 1220 mundi
517 1148 674 1240 tolleret,
695 1166 730 1223 et
741 1152 840 1248 quasi
856 1151 1016 1226 seculum
1029 1175 1165 1223 novum
1178 1151 1216 1223 in
1230 1150 1368 1223 mundo
1383 1149 1589 1222 mirabiliter
1604 1149 1800 1246 ordinaret,

216 1266 422 1362 praecineret
435 1283 554 1340 ortum
571 1295 579 1337 ε
596 1269 813 1360 admonitus,
832 1287 870 1342 ut
887 1273 1037 1370 ipsemet
1057 1272 1127 1360 ait,
1143 1271 1269 1342 cumaei
1281 1269 1449 1342 carminis
1466 1269 1650 1360 vaticinio,
1665 1269 1737 1342 hoc
1750 1285 1804 1342 est

217 1383 369 1480 sibyllae,
390 1410 469 1483 quae
481 1393 650 1460 cumana¹
669 1389 809 1461 dicitur.
828 1390 883 1462 Ait
896 1391 1029 1491 quippe
1043 1391 1112 1480 sic,
1133 1389 1234 1487 quasi
1251 1387 1448 1462 adhortans
1466 1387 1645 1486 quoslibet
1657 1388 1704 1460 ad
1716 1413 1802 1460 con·

214 1503 466 1600 gratulandum
482 1507 570 1598 sibi,
590 1523 626 1581 et
636 1510 901 1582 concinendum
912 1535 973 1584 seu
988 1511 1218 1584 scribendum
1231 1511 1277 1584 de
1287 1510 1469 1583 hoctanto
1481 1535 1595 1610 puero
1607 1511 1799 1600 nascitur0,

215 1625 251 1696 in
264 1630 532 1725 comparatione
544 1629 646 1726 cujus
657 1655 783 1704 omnes
793 1631 879 1704 alias
892 1633 1056 1706 materias
1064 1633 1165 1732 quasi
1178 1633 1382 1706 inlimas²et
1392 1631 1479 1706 viles
1489 1645 1629 1730 reputat
1639 1631 1798 1702 dicens':

554 1819 701 1882 Sicelides
715 1823 822 1898 Musae,
837 1820 928 1902 paulo
943 1821 1060 1902 majora
1076 1839 1238 1895 canamus;

553 1922 621 1984 Non
635 1941 744 1985 omnes
756 1922 881 1986 arbusta
891 1924 999 2006 juvant
1013 1923 1206 2004 humilesque
1220 1922 1358 2006 myriooe.

557 2127 666 2190 Ultima
679 2127 788 2191 cumei
801 2127 884 2190 veuit
895 2127 958 2210 jam
973 2128 1119 2192 carminis
1130 2137 1225 2202 atas3

552 2231 679 2310 Magnus
692 2228 730 2292 ab
744 2229 865 2310 integro
879 2229 1031 2294 seclorum
1044 2231 1181 2294 nascitur
1194 2230 1271 2296 ordo
1284 2258 1292 2294 ε

554 2332 619 2392 Jam
635 2330 714 2394 redit
726 2339 757 2392 et
770 2331 880 2412 Virgo,
895 2331 1024 2396 redeunt
1038 2333 1174 2396 saturnia
1186 2351 1300 2415 regne,

552 2435 618 2495 Jam
632 2451 712 2494 nova
724 2433 889 2517 progenies
903 2435 982 2496 coelo
997 2433 1167 2498 demittitur
1180 2435 1263 2513 alto,
1283 2443 1340 2498 etc.

212 2616 350 2712 lnspice
381 2614 518 2711 singula
543 2613 675 2711 sibyllae
702 2615 818 2706 dicta,
849 2631 885 2690 et
910 2641 1021 2714 quam
1046 2620 1183 2716 integre
1212 2631 1248 2690 et
1274 2631 1395 2716 aperte
1422 2618 1621 2690 christianae
1645 2615 1730 2688 fidei
1754 2614 1800 2686 de

211 2735 353 2804 Christo
377 2757 554 2806 summam
572 2733 842 2833 complectatur.
869 2740 957 2824 Quae
983 2763 1050 2810 nec
1069 2737 1293 2810 divinitatem
1312 2737 1407 2835 ejus,
1428 2762 1495 2812 nec
1517 2736 1799 2824 humanitatem,

212 2878 278 2925 nec
301 2869 493 2951 utrumque
509 2856 619 2954 ipsius
636 2854 852 2947 adventum,
876 2881 944 2930 nec
964 2873 1156 2956 utrumque
1169 2858 1347 2954 judicium
1366 2856 1619 2956 prophetando
1639 2855 1696 2928 vel
1718 2855 1802 2926 scri·

211 2973 333 3045 hendo
348 2975 590 3072 praetermisit,
611 2977 768 3074 primum
787 2957 935 3074 quidem
949 2977 1144 3074 judicium,
1165 3003 1239 3076 quo
1257 2979 1387 3074 injuste
1397 2977 1576 3074 judicatus
1594 2990 1648 3047 est
1665 2976 1702 3080 in
1721 2999 1802 3072 pas-

210 3093 330 3182 sione,
356 3109 391 3177 et
413 3096 613 3167 secundum
637 3121 711 3193 quo
729 3097 823 3192 juste
838 3096 1061 3193 judicaturus
1080 3113 1133 3170 est
1150 3095 1328 3170 mundum
1347 3099 1383 3169 in
1404 3097 1597 3192 majestate.
1622 3099 1711 3182 Quae
1732 3120 1800 3168 nec

210 3212 424 3286 descensum
437 3216 513 3312 ejus
530 3215 577 3288 ad
593 3217 744 3307 inferos,
760 3241 829 3289 nec
842 3219 1110 3290 resurrectionis
1124 3217 1272 3315 gloriam
1286 3217 1577 3316 praetermittens,
1596 3240 1672 3288 non
1683 3215 1800 3288 solum

210 3334 424 3432 prophetas,
445 3361 570 3408 verum
593 3339 699 3408 etiam
717 3339 815 3436 ipsos
828 3363 1054 3438 supergressa
1072 3339 1213 3410 videtur
1233 3336 1481 3435 evangelistas,
1502 3339 1564 3436 qui
1577 3335 1623 3408 de
1641 3334 1713 3408 hoc
1726 3335 1801 3431 ejus

210 3454 386 3528 descensu
404 3459 552 3530 minime
570 3459 800 3559 scripserunt.
827 3460 916 3546 Quis
933 3483 1009 3530 non
1028 3460 1135 3531 etiam
1154 3459 1243 3530 illud
1265 3463 1337 3530 tar'n
1360 3457 1530 3532 familiare
1553 3456 1804 3555 prolixumque

208 3576 430 3675 colloquium
449 3575 614 3670 miretur,
646 3603 720 3677 quo
740 3581 815 3677 ipse
836 3579 932 3651 solus
954 3579 1068 3652 solam
1089 3579 1186 3651 illam
1208 3578 1376 3676 gentilem
1394 3593 1430 3652 et
1450 3579 1701 3650 samaritanam
1725 3599 1804 3646 mu·

208 3695 333 3769 lierem
352 3713 425 3770 tam
444 3699 629 3796 diligenter
647 3699 813 3796 dignatus
833 3715 886 3772 est
898 3700 1113 3788 instruere⁴,
1133 3699 1273 3798 dequo
1293 3714 1328 3771 ct
1345 3699 1412 3798 ipsi
1431 3697 1662 3770 vehementer
1679 3694 1802 3768 obstu-

208 3833 366 3914 puerunt
395 3817 575 3917 apostoli?
603 3825 723 3917 Aqua
753 3819 860 3891 etiam
894 3817 1029 3890 infideli
1055 3834 1092 3890 et
1121 3818 1167 3892 de
1201 3821 1359 3891 virorum
1390 3841 1539 3890 suorum
1574 3814 1802 3888 multitudiue
1921 3811 1924 3818 ’

205 3936 444 4034 reprehensa,
463 3953 591 4036 potum
609 3939 685 4038 ipse
702 3935 815 4008 voluit
831 3935 1033 4035 postulare,
1054 3961 1162 4033 quem
1182 3937 1270 4008 nihil
1289 3936 1436 4009 ulterius
1449 3935 1607 4008 alimenti
1622 3934 1668 4005 ab
1681 3935 1801 4031 aliquo

202 4062 377 4133 novimus
415 4059 614 4156 requisisse.
658 4060 922 4157 Superveniunt
951 4058 1129 4157 apostoli,
1163 4072 1199 4130 et
1237 4074 1377 4158 emptos
1413 4059 1447 4130 ei
1482 4056 1582 4129 cibos
1617 4056 1797 4148 offerunt,

201 4181 368 4252 dicentes
391 4207 398 4249 :
419 4211 436 4247 u
453 4180 557 4270 Rubi,
579 4179 776 4268 m‘anduca3
797 4207 814 4245 u
842 4204 909 4251 nec
928 4178 1068 4251 oblatos
1093 4179 1224 4276 suscipi
1249 4178 1430 4268 videmus,
1457 4177 1521 4250 sed
1545 4175 1616 4248 hoc
1639 4177 1740 4273 quasi
1762 4177 1798 4248 in

196 4301 475 4372 excusationem
498 4301 613 4399 ipsum
638 4298 891 4397 praetendisse:
922 4329 939 4366 u
956 4303 1031 4396 Ego
1051 4298 1174 4370 cibum
1198 4297 1316 4370 habeo
1341 4298 1577 4386 manducare,
1605 4320 1713 4392 quem
1734 4321 1799 4368 vos

195 4421 402 4494 nescitis.»
431 4425 559 4491 Potum
589 4421 663 4518 ipse
689 4444 709 4491 a
738 4420 885 4492 muliere
909 4418 1075 4517 postulat.
1107 4423 1134 4490 Α
1159 4443 1232 4516 quo
1253 4443 1291 4491 se
1314 4417 1373 4489 illa
1395 4441 1565 4489 excusans
1591 4413 1792 4488 beneficio:

193 4573 221 4609 «
245 4539 460 4630 Quomodo,
481 4569 498 4607 u
524 4541 666 4637 inquit,
693 4569 711 4607 rc
731 4555 768 4611 tu
791 4539 933 4611 Judaeus
958 4563 1071 4636 quum
1096 4539 1162 4629 sis,
1186 4527 1310 4611 hihere
1335 4561 1357 4610 a
1377 4561 1435 4609 me
1455 4537 1588 4634 poscis,
1613 4561 1692 4633 quae
1716 4559 1796 4608 sum

189 4661 338 4733 mulier
368 4661 610 4733 samaritana?
643 4665 722 4731 Non
749 4661 846 4731 enim
880 4674 1076 4732 coutuntur
1107 4659 1219 4732 ludaei
1252 4658 1492 4730 Samaritanis.
1513 4684 1531 4722 u
1566 4661 1609 4727 Et
1633 4657 1793 4728 iterum:

187 4813 216 4850 α
243 4783 372 4877 Neque
398 4781 435 4851 in
462 4805 535 4878 quo
562 4779 705 4852 haurias
721 4777 854 4870 habes,
880 4794 916 4852 et
933 4794 1061 4878 puteus
1078 4779 1168 4850 altus
1183 4793 1250 4864 est.
1266 4805 1284 4846 a
1312 4782 1441 4848 Potum
1467 4777 1585 4873 itaque
1606 4800 1628 4848 a
1648 4774 1796 4847 muliere

184 4899 364 4991 infideli,
385 4915 421 4972 et
434 4900 472 4972 id
484 4916 637 4998 negante
654 4898 858 4991 desiderat⁸,
879 4900 942 4997 qui
960 4898 1100 4972 oblatos
1119 4897 1165 4971 ab
1182 4897 1351 4995 apostolis
1363 4897 1464 4970 cibos
1477 4921 1552 4970 non
1569 4911 1682 4968 curat.
1707 4899 1795 4983 Quae

180 5038 256 5096 est
275 5022 359 5110 ista,
380 5046 520 5118 quaeso,
537 5023 666 5118 gratia,
691 5045 801 5119 quam
818 5019 960 5092 exhibet
977 5019 1121 5093 infirmo
1139 5020 1256 5110 sexui3
1278 5033 1318 5090 ut
1336 5017 1500 5092 videlicet
1520 5043 1542 5090 a
1560 5016 1708 5091 muliere
1726 5015 1794 5086 hac

225 5281 238 5307 ⁸
254 5280 362 5329 Cannu
372 5277 424 5328 llS.
433 5276 551 5328 Δηὼ-Λ
563 5278 673 5339 immas
681 5276 731 5326 lis.
743 5276 813 5328 Amb.
826 5275 861 5312 -⁸
872 5274 939 5341 Virg.
948 5275 1029 5342 eclog.
1038 5275 1070 5327 tv
1080 5315 1088 5338 ,
1100 5293 1122 5326 r.
1139 5282 1147 5325 1
1159 5286 1185 5328 et
1194 5274 1375 5343 tq.-⁴loan·,
1387 5289 1484 5343 capu,
1497 5291 1520 5326 r.
1532 5277 1548 5326 ll
1558 5271 1791 5340 accreverat),
