<?xml version="1.0" encoding="UTF-8"?>
<!DOCTYPE html PUBLIC "-//W3C//DTD XHTML 1.0 Transitional//EN"
    "http://www.w3.org/TR/xhtml1/DTD/xhtml1-transitional.dtd">
<html xmlns="http://www.w3.org/1999/xhtml" xml:lang="en" lang="en">
 <head>
  <title>
</title>
<meta http-equiv="Content-Type" content="text/html;charset=utf-8" />
  <meta name='ocr-system' content='tesseract 3.04.00' />
  <meta name='ocr-capabilities' content='ocr_page ocr_carea ocr_par ocr_line ocrx_word'/>
</head>
<body>
  <div class='ocr_page' id='page_1' title='image "./petriablardiope01despgoog_0089.png"; bbox 0 0 4522 6102; ppageno 0'>
   <div class='ocr_carea' id='block_1_1' title="bbox 464 549 1609 624">
    <p class='ocr_par' dir='ltr' id='par_1_1' title="bbox 464 549 1609 624">
     <span class='ocr_line' id='line_1_1' title="bbox 464 549 1609 624; baseline 0.001 -3"><span class='ocrx_word' id='word_1_1' title='bbox 464 550 512 621; x_wconf 73' lang='lat'><strong>74</strong></span> <span class='ocrx_word' id='word_1_2' title='bbox 890 551 1015 623; x_wconf 81' lang='lat' dir='ltr'>PETRI</span> <span class='ocrx_word' id='word_1_3' title='bbox 1045 549 1277 623; x_wconf 72' lang='lat' dir='ltr'><strong>Aeatxtttu</strong></span> <span class='ocrx_word' id='word_1_4' title='bbox 1304 551 1359 624; x_wconf 83' lang='grc' dir='ltr'><strong>ΕΤ</strong></span> <span class='ocrx_word' id='word_1_5' title='bbox 1384 552 1609 623; x_wconf 86' lang='lat' dir='ltr'><strong>HELOlSSAE</strong></span> 
     </span>
    </p>
   </div>
   <div class='ocr_carea' id='block_1_2' title="bbox 397 691 2049 4749">
    <p class='ocr_par' dir='ltr' id='par_1_2' title="bbox 397 691 2049 4749">
     <span class='ocr_line' id='line_1_2' title="bbox 463 691 2042 792; baseline 0.001 -31"><span class='ocrx_word' id='word_1_6' title='bbox 463 715 547 762; x_wconf 90' lang='lat' dir='ltr'><strong>nem</strong></span> <span class='ocrx_word' id='word_1_7' title='bbox 566 707 732 780; x_wconf 87' lang='lat' dir='ltr'><strong>noverat,</strong></span> <span class='ocrx_word' id='word_1_8' title='bbox 755 693 889 764; x_wconf 88' lang='lat' dir='ltr'><strong>nullam</strong></span> <span class='ocrx_word' id='word_1_9' title='bbox 906 692 1057 764; x_wconf 90' lang='lat' dir='ltr'><strong>domurn</strong></span> <span class='ocrx_word' id='word_1_10' title='bbox 1078 693 1263 765; x_wconf 88' lang='lat' dir='ltr'><strong>habuerat.</strong></span> <span class='ocrx_word' id='word_1_11' title='bbox 1281 699 1320 764; x_wconf 93' lang='lat' dir='ltr'><strong>ln</strong></span> <span class='ocrx_word' id='word_1_12' title='bbox 1340 693 1423 792; x_wconf 88' lang='lat' dir='ltr'><strong>ipsis</strong></span> <span class='ocrx_word' id='word_1_13' title='bbox 1436 692 1612 764; x_wconf 85' lang='lat' dir='ltr'><strong>cubilibus</strong></span> <span class='ocrx_word' id='word_1_14' title='bbox 1626 692 1798 776; x_wconf 79' lang='lat' dir='ltr'><strong>serarum,</strong></span> <span class='ocrx_word' id='word_1_15' title='bbox 1820 693 1856 762; x_wconf 90' lang='lat' dir='ltr'><strong>in</strong></span> <span class='ocrx_word' id='word_1_16' title='bbox 1872 693 1957 790; x_wconf 89' lang='lat' dir='ltr'><strong>ipsis</strong></span> <span class='ocrx_word' id='word_1_17' title='bbox 1967 691 2042 764; x_wconf 84' lang='lat' dir='ltr'><strong>lati·</strong></span> 
     </span>
     <span class='ocr_line' id='line_1_3' title="bbox 463 808 2043 900; baseline 0.002 -22"><span class='ocrx_word' id='word_1_18' title='bbox 463 808 554 880; x_wconf 88' lang='lat' dir='ltr'><strong>bulis</strong></span> <span class='ocrx_word' id='word_1_19' title='bbox 566 809 762 900; x_wconf 87' lang='lat' dir='ltr'><strong>latronum,</strong></span> <span class='ocrx_word' id='word_1_20' title='bbox 784 810 844 881; x_wconf 90' lang='lat' dir='ltr'><strong>ubi</strong></span> <span class='ocrx_word' id='word_1_21' title='bbox 857 836 925 883; x_wconf 91' lang='lat' dir='ltr'><strong>nec</strong></span> <span class='ocrx_word' id='word_1_22' title='bbox 943 813 1121 883; x_wconf 88' lang='lat' dir='ltr'><strong>nominari</strong></span> <span class='ocrx_word' id='word_1_23' title='bbox 1133 816 1229 884; x_wconf 89' lang='lat' dir='ltr'><strong>Deus</strong></span> <span class='ocrx_word' id='word_1_24' title='bbox 1246 811 1354 900; x_wconf 90' lang='lat' dir='ltr'><strong>solet,</strong></span> <span class='ocrx_word' id='word_1_25' title='bbox 1371 812 1531 882; x_wconf 91' lang='lat' dir='ltr'><strong>divinum</strong></span> <span class='ocrx_word' id='word_1_26' title='bbox 1553 813 1693 883; x_wconf 82' lang='lat' dir='ltr'><strong>erexisti</strong></span> <span class='ocrx_word' id='word_1_27' title='bbox 1706 810 1992 899; x_wconf 88' lang='lat' dir='ltr'><strong>tabernaculum,</strong></span> <span class='ocrx_word' id='word_1_28' title='bbox 2008 825 2043 882; x_wconf 92' lang='lat' dir='ltr'><strong>et</strong></span> 
     </span>
     <span class='ocr_line' id='line_1_4' title="bbox 462 930 2042 1032; baseline 0.003 -34"><span class='ocrx_word' id='word_1_29' title='bbox 462 931 610 1028; x_wconf 87' lang='lat' dir='ltr'><strong>Spititus</strong></span> <span class='ocrx_word' id='word_1_30' title='bbox 624 934 734 1002; x_wconf 87' lang='lat' dir='ltr'><strong>sancti</strong></span> <span class='ocrx_word' id='word_1_31' title='bbox 746 935 933 1030; x_wconf 89' lang='lat' dir='ltr'><strong>proprium</strong></span> <span class='ocrx_word' id='word_1_32' title='bbox 946 932 1135 1004; x_wconf 73' lang='lat' dir='ltr'><strong>dedicasti*</strong></span> <span class='ocrx_word' id='word_1_33' title='bbox 1150 933 1336 1032; x_wconf 88' lang='lat' dir='ltr'><strong>templum.</strong></span> <span class='ocrx_word' id='word_1_34' title='bbox 1352 932 1445 1003; x_wconf 88' lang='lat' dir='ltr'><strong>Nihil</strong></span> <span class='ocrx_word' id='word_1_35' title='bbox 1455 932 1501 1004; x_wconf 86' lang='lat' dir='ltr'><strong>ad</strong></span> <span class='ocrx_word' id='word_1_36' title='bbox 1514 932 1585 1004; x_wconf 91' lang='lat' dir='ltr'><strong>hoc</strong></span> <span class='ocrx_word' id='word_1_37' title='bbox 1595 930 1844 1003; x_wconf 74' lang='lat' dir='ltr'><strong>aedificandum</strong></span> <span class='ocrx_word' id='word_1_38' title='bbox 1862 955 1905 1003; x_wconf 87' lang='lat' dir='ltr'><strong>ex</strong></span> <span class='ocrx_word' id='word_1_39' title='bbox 1919 953 2042 1026; x_wconf 79' lang='lat' dir='ltr'><strong>regum</strong></span> 
     </span>
     <span class='ocr_line' id='line_1_5' title="bbox 463 1049 2042 1151; baseline 0.001 -33"><span class='ocrx_word' id='word_1_40' title='bbox 463 1049 515 1119; x_wconf 90' lang='lat' dir='ltr'><strong>vel</strong></span> <span class='ocrx_word' id='word_1_41' title='bbox 534 1051 735 1150; x_wconf 76' lang='lat' dir='ltr'>principum</span> <span class='ocrx_word' id='word_1_42' title='bbox 760 1051 888 1149; x_wconf 91' lang='lat' dir='ltr'><strong>opibus</strong></span> <span class='ocrx_word' id='word_1_43' title='bbox 911 1053 1079 1143; x_wconf 88' lang='lat' dir='ltr'><strong>intulisti,</strong></span> <span class='ocrx_word' id='word_1_44' title='bbox 1101 1079 1214 1150; x_wconf 90' lang='lat' dir='ltr'><strong>quum</strong></span> <span class='ocrx_word' id='word_1_45' title='bbox 1235 1053 1388 1150; x_wconf 90' lang='lat' dir='ltr'><strong>plurima</strong></span> <span class='ocrx_word' id='word_1_46' title='bbox 1403 1077 1525 1151; x_wconf 85' lang='lat' dir='ltr'><strong>posses</strong></span> <span class='ocrx_word' id='word_1_47' title='bbox 1551 1068 1588 1124; x_wconf 91' lang='lat' dir='ltr'><strong>et</strong></span> <span class='ocrx_word' id='word_1_48' title='bbox 1611 1053 1783 1140; x_wconf 89' lang='lat' dir='ltr'><strong>maxima,</strong></span> <span class='ocrx_word' id='word_1_49' title='bbox 1809 1066 1850 1122; x_wconf 90' lang='lat' dir='ltr'><strong>ut</strong></span> <span class='ocrx_word' id='word_1_50' title='bbox 1868 1049 2042 1148; x_wconf 88' lang='lat' dir='ltr'><strong>quidquid</strong></span> 
     </span>
     <span class='ocr_line' id='line_1_6' title="bbox 462 1167 2041 1269; baseline 0.003 -31"><span class='ocrx_word' id='word_1_51' title='bbox 462 1167 577 1258; x_wconf 84' lang='lat' dir='ltr'><strong>fieret,</strong></span> <span class='ocrx_word' id='word_1_52' title='bbox 600 1169 662 1241; x_wconf 90' lang='lat' dir='ltr'><strong>tibi</strong></span> <span class='ocrx_word' id='word_1_53' title='bbox 680 1171 746 1242; x_wconf 89' lang='lat' dir='ltr'><strong>soli</strong></span> <span class='ocrx_word' id='word_1_54' title='bbox 763 1187 881 1269; x_wconf 88' lang='lat' dir='ltr'><strong>posset</strong></span> <span class='ocrx_word' id='word_1_55' title='bbox 893 1172 1033 1244; x_wconf 88' lang='lat' dir='ltr'><strong>ascribi.</strong></span> <span class='ocrx_word' id='word_1_56' title='bbox 1049 1173 1174 1245; x_wconf 76' lang='lat' dir='ltr'>Clerici</span> <span class='ocrx_word' id='word_1_57' title='bbox 1194 1175 1267 1244; x_wconf 90' lang='lat' dir='ltr'><strong>sive</strong></span> <span class='ocrx_word' id='word_1_58' title='bbox 1284 1172 1462 1244; x_wconf 81' lang='lat' dir='ltr'><strong>scholares</strong></span> <span class='ocrx_word' id='word_1_59' title='bbox 1485 1173 1557 1244; x_wconf 93' lang='lat' dir='ltr'><strong>huc</strong></span> <span class='ocrx_word' id='word_1_60' title='bbox 1576 1172 1738 1244; x_wconf 79' lang='lat' dir='ltr'><strong>certatim</strong></span> <span class='ocrx_word' id='word_1_61' title='bbox 1755 1171 1801 1243; x_wconf 90' lang='lat' dir='ltr'><strong>ad</strong></span> <span class='ocrx_word' id='word_1_62' title='bbox 1818 1171 2041 1268; x_wconf 80' lang='lat' dir='ltr'><strong>disciplinam</strong></span> 
     </span>
     <span class='ocr_line' id='line_1_7' title="bbox 462 1289 2042 1388; baseline 0.005 -34"><span class='ocrx_word' id='word_1_63' title='bbox 462 1301 558 1357; x_wconf 90' lang='lat' dir='ltr'><strong>tuam</strong></span> <span class='ocrx_word' id='word_1_64' title='bbox 576 1289 800 1360; x_wconf 77' lang='lat' dir='ltr'><strong>confluentes</strong></span> <span class='ocrx_word' id='word_1_65' title='bbox 824 1293 945 1363; x_wconf 91' lang='lat' dir='ltr'><strong>omnia</strong></span> <span class='ocrx_word' id='word_1_66' title='bbox 965 1291 1212 1364; x_wconf 87' lang='lat' dir='ltr'><strong>ministrabant</strong></span> <span class='ocrx_word' id='word_1_67' title='bbox 1231 1293 1447 1380; x_wconf 89' lang='lat' dir='ltr'><strong>necessaria;</strong></span> <span class='ocrx_word' id='word_1_68' title='bbox 1469 1292 1584 1388; x_wconf 89' lang='lat' dir='ltr'><strong>etqui</strong></span> <span class='ocrx_word' id='word_1_69' title='bbox 1607 1291 1654 1363; x_wconf 93' lang='lat' dir='ltr'><strong>de</strong></span> <span class='ocrx_word' id='word_1_70' title='bbox 1678 1289 1858 1362; x_wconf 88' lang='lat' dir='ltr'><strong>beneficiis</strong></span> <span class='ocrx_word' id='word_1_71' title='bbox 1877 1289 2042 1362; x_wconf 79' lang='lat' dir='ltr'><strong>vivebant</strong></span> 
     </span>
     <span class='ocr_line' id='line_1_8' title="bbox 461 1407 2039 1508; baseline 0.002 -31"><span class='ocrx_word' id='word_1_72' title='bbox 461 1407 723 1499; x_wconf 89' lang='lat' dir='ltr'><strong>ecclesiasticis,</strong></span> <span class='ocrx_word' id='word_1_73' title='bbox 743 1434 810 1482; x_wconf 91' lang='lat' dir='ltr'><strong>nec</strong></span> <span class='ocrx_word' id='word_1_74' title='bbox 831 1409 1030 1483; x_wconf 88' lang='lat' dir='ltr'><strong>oblationes</strong></span> <span class='ocrx_word' id='word_1_75' title='bbox 1045 1411 1161 1483; x_wconf 85' lang='lat' dir='ltr'><strong>facere</strong></span> <span class='ocrx_word' id='word_1_76' title='bbox 1179 1427 1378 1500; x_wconf 88' lang='lat' dir='ltr'><strong>noverant,</strong></span> <span class='ocrx_word' id='word_1_77' title='bbox 1404 1411 1467 1484; x_wconf 87' lang='lat' dir='ltr'><strong>sed</strong></span> <span class='ocrx_word' id='word_1_78' title='bbox 1491 1411 1687 1508; x_wconf 87' lang='lat' dir='ltr'><strong>suscipere,</strong></span> <span class='ocrx_word' id='word_1_79' title='bbox 1714 1411 1829 1506; x_wconf 89' lang='lat' dir='ltr'><strong>etqui</strong></span> <span class='ocrx_word' id='word_1_80' title='bbox 1852 1431 1979 1480; x_wconf 80' lang='lat' dir='ltr'><strong>manus</strong></span> <span class='ocrx_word' id='word_1_81' title='bbox 1994 1411 2039 1480; x_wconf 88' lang='lat' dir='ltr'><strong>ad</strong></span> 
     </span>
     <span class='ocr_line' id='line_1_9' title="bbox 460 1527 2040 1626; baseline 0.003 -30"><span class='ocrx_word' id='word_1_82' title='bbox 460 1527 724 1626; x_wconf 88' lang='lat' dir='ltr'><strong>suscipiendum</strong></span> <span class='ocrx_word' id='word_1_83' title='bbox 744 1553 818 1601; x_wconf 92' lang='lat' dir='ltr'><strong>non</strong></span> <span class='ocrx_word' id='word_1_84' title='bbox 842 1529 889 1602; x_wconf 88' lang='lat' dir='ltr'><strong>ad</strong></span> <span class='ocrx_word' id='word_1_85' title='bbox 908 1531 1068 1603; x_wconf 90' lang='lat' dir='ltr'><strong>dandum</strong></span> <span class='ocrx_word' id='word_1_86' title='bbox 1085 1530 1304 1620; x_wconf 78' lang='lat' dir='ltr'><strong>habuerant,</strong></span> <span class='ocrx_word' id='word_1_87' title='bbox 1322 1532 1380 1602; x_wconf 90' lang='lat' dir='ltr'><strong>hic</strong></span> <span class='ocrx_word' id='word_1_88' title='bbox 1399 1534 1435 1603; x_wconf 92' lang='lat' dir='ltr'><strong>in</strong></span> <span class='ocrx_word' id='word_1_89' title='bbox 1456 1530 1698 1603; x_wconf 82' lang='lat' dir='ltr'><strong>oblationibus</strong></span> <span class='ocrx_word' id='word_1_90' title='bbox 1714 1528 1884 1602; x_wconf 81' lang='lat' dir='ltr'><strong>iaciendis</strong></span> <span class='ocrx_word' id='word_1_91' title='bbox 1901 1529 2040 1625; x_wconf 84' lang='lat' dir='ltr'><strong>prodigi</strong></span> 
     </span>
     <span class='ocr_line' id='line_1_10' title="bbox 459 1649 2041 1750; baseline 0.003 -34"><span class='ocrx_word' id='word_1_92' title='bbox 459 1661 566 1743; x_wconf 90' lang='lat' dir='ltr'><strong>atque</strong></span> <span class='ocrx_word' id='word_1_93' title='bbox 584 1649 780 1745; x_wconf 90' lang='lat' dir='ltr'><strong>importuni</strong></span> <span class='ocrx_word' id='word_1_94' title='bbox 791 1649 935 1722; x_wconf 88' lang='lat' dir='ltr'><strong>fiebant.</strong></span> <span class='ocrx_word' id='word_1_95' title='bbox 952 1655 1025 1722; x_wconf 85' lang='lat' dir='ltr'><strong>Tua</strong></span> <span class='ocrx_word' id='word_1_96' title='bbox 1038 1652 1173 1748; x_wconf 87' lang='lat' dir='ltr'><strong>itaque,</strong></span> <span class='ocrx_word' id='word_1_97' title='bbox 1192 1677 1273 1724; x_wconf 89' lang='lat' dir='ltr'><strong>vere</strong></span> <span class='ocrx_word' id='word_1_98' title='bbox 1286 1667 1346 1722; x_wconf 86' lang='lat' dir='ltr'><strong>tua</strong></span> <span class='ocrx_word' id='word_1_99' title='bbox 1359 1651 1436 1723; x_wconf 84' lang='lat' dir='ltr'><strong>haec</strong></span> <span class='ocrx_word' id='word_1_100' title='bbox 1448 1665 1501 1722; x_wconf 91' lang='lat' dir='ltr'><strong>est</strong></span> <span class='ocrx_word' id='word_1_101' title='bbox 1512 1652 1657 1750; x_wconf 87' lang='lat' dir='ltr'><strong>proprie</strong></span> <span class='ocrx_word' id='word_1_102' title='bbox 1670 1652 1706 1722; x_wconf 90' lang='lat' dir='ltr'><strong>in</strong></span> <span class='ocrx_word' id='word_1_103' title='bbox 1721 1665 1844 1721; x_wconf 89' lang='lat' dir='ltr'><strong>sancto</strong></span> <span class='ocrx_word' id='word_1_104' title='bbox 1856 1651 2041 1748; x_wconf 90' lang='lat' dir='ltr'><strong>proposito</strong></span> 
     </span>
     <span class='ocr_line' id='line_1_11' title="bbox 460 1766 2041 1868; baseline 0.003 -33"><span class='ocrx_word' id='word_1_105' title='bbox 460 1766 600 1838; x_wconf 91' lang='lat' dir='ltr'><strong>novella</strong></span> <span class='ocrx_word' id='word_1_106' title='bbox 620 1767 791 1864; x_wconf 87' lang='lat' dir='ltr'><strong>plantatio</strong></span> <span class='ocrx_word' id='word_1_107' title='bbox 802 1772 831 1856; x_wconf 86' lang='lat'><strong>²,</strong></span> <span class='ocrx_word' id='word_1_108' title='bbox 848 1771 949 1865; x_wconf 90' lang='lat' dir='ltr'><strong>cujus</strong></span> <span class='ocrx_word' id='word_1_109' title='bbox 962 1770 1082 1842; x_wconf 90' lang='lat' dir='ltr'><strong>adhuc</strong></span> <span class='ocrx_word' id='word_1_110' title='bbox 1097 1772 1227 1842; x_wconf 84' lang='lat' dir='ltr'><strong>teneris</strong></span> <span class='ocrx_word' id='word_1_111' title='bbox 1244 1773 1396 1843; x_wconf 80' lang='lat' dir='ltr'><strong>maxime</strong></span> <span class='ocrx_word' id='word_1_112' title='bbox 1412 1769 1542 1868; x_wconf 87' lang='lat' dir='ltr'><strong>plantis</strong></span> <span class='ocrx_word' id='word_1_113' title='bbox 1560 1769 1746 1865; x_wconf 85' lang='lat' dir='ltr'><strong>frequens,</strong></span> <span class='ocrx_word' id='word_1_114' title='bbox 1769 1784 1807 1841; x_wconf 92' lang='lat' dir='ltr'><strong>ut</strong></span> <span class='ocrx_word' id='word_1_115' title='bbox 1827 1767 2014 1868; x_wconf 87' lang='lat' dir='ltr'><strong>proficiant</strong></span> <span class='ocrx_word' id='word_1_116' title='bbox 2032 1824 2041 1855; x_wconf 89' lang='lat'><strong>,</strong></span> 
     </span>
     <span class='ocr_line' id='line_1_12' title="bbox 460 1888 2041 1988; baseline 0.005 -35"><span class='ocrx_word' id='word_1_117' title='bbox 460 1888 654 1958; x_wconf 88' lang='lat' dir='ltr'><strong>necessaria</strong></span> <span class='ocrx_word' id='word_1_118' title='bbox 673 1902 726 1958; x_wconf 90' lang='lat' dir='ltr'><strong>est</strong></span> <span class='ocrx_word' id='word_1_119' title='bbox 739 1889 907 1984; x_wconf 81' lang='lat' dir='ltr'><strong>irrigatio.</strong></span> <span class='ocrx_word' id='word_1_120' title='bbox 924 1891 1014 1961; x_wconf 86' lang='lat' dir='ltr'><strong>Satis</strong></span> <span class='ocrx_word' id='word_1_121' title='bbox 1033 1917 1075 1961; x_wconf 88' lang='lat' dir='ltr'><strong>ex</strong></span> <span class='ocrx_word' id='word_1_122' title='bbox 1087 1891 1165 1988; x_wconf 88' lang='lat' dir='ltr'><strong>ipsa</strong></span> <span class='ocrx_word' id='word_1_123' title='bbox 1183 1891 1325 1962; x_wconf 82' lang='lat' dir='ltr'><strong>feminei</strong></span> <span class='ocrx_word' id='word_1_124' title='bbox 1340 1915 1442 1962; x_wconf 89' lang='lat' dir='ltr'><strong>sexus</strong></span> <span class='ocrx_word' id='word_1_125' title='bbox 1462 1906 1589 1962; x_wconf 84' lang='lat' dir='ltr'><strong>natura</strong></span> <span class='ocrx_word' id='word_1_126' title='bbox 1606 1889 1732 1960; x_wconf 81' lang='lat' dir='ltr'><strong>debilis</strong></span> <span class='ocrx_word' id='word_1_127' title='bbox 1746 1908 1799 1960; x_wconf 87' lang='lat' dir='ltr'><strong>cst</strong></span> <span class='ocrx_word' id='word_1_128' title='bbox 1816 1890 1892 1960; x_wconf 81' lang='lat' dir='ltr'><strong>haec</strong></span> <span class='ocrx_word' id='word_1_129' title='bbox 1904 1889 2041 1986; x_wconf 88' lang='lat' dir='ltr'><strong>planta-</strong></span> 
     </span>
     <span class='ocr_line' id='line_1_13' title="bbox 460 2006 2041 2108; baseline 0.003 -33"><span class='ocrx_word' id='word_1_130' title='bbox 460 2006 522 2094; x_wconf 90' lang='lat' dir='ltr'><strong>tio,</strong></span> <span class='ocrx_word' id='word_1_131' title='bbox 537 2021 572 2077; x_wconf 93' lang='lat' dir='ltr'><strong>et</strong></span> <span class='ocrx_word' id='word_1_132' title='bbox 585 2022 638 2078; x_wconf 90' lang='lat' dir='ltr'><strong>est</strong></span> <span class='ocrx_word' id='word_1_133' title='bbox 649 2007 802 2098; x_wconf 87' lang='lat' dir='ltr'><strong>infirma,</strong></span> <span class='ocrx_word' id='word_1_134' title='bbox 823 2012 959 2081; x_wconf 87' lang='lat' dir='ltr'><strong>etiamsi</strong></span> <span class='ocrx_word' id='word_1_135' title='bbox 969 2015 980 2048; x_wconf 81' lang='lat'><strong>³</strong></span> <span class='ocrx_word' id='word_1_136' title='bbox 992 2035 1066 2082; x_wconf 91' lang='lat' dir='ltr'><strong>non</strong></span> <span class='ocrx_word' id='word_1_137' title='bbox 1080 2027 1171 2084; x_wconf 91' lang='lat' dir='ltr'><strong>esset</strong></span> <span class='ocrx_word' id='word_1_138' title='bbox 1185 2037 1291 2082; x_wconf 87' lang='lat' dir='ltr'><strong>nova.</strong></span> <span class='ocrx_word' id='word_1_139' title='bbox 1311 2012 1414 2083; x_wconf 92' lang='lat' dir='ltr'><strong>Unde</strong></span> <span class='ocrx_word' id='word_1_140' title='bbox 1427 2011 1687 2108; x_wconf 87' lang='lat' dir='ltr'><strong>diligentiorem</strong></span> <span class='ocrx_word' id='word_1_141' title='bbox 1701 2009 1877 2081; x_wconf 89' lang='lat' dir='ltr'><strong>culturam</strong></span> <span class='ocrx_word' id='word_1_142' title='bbox 1889 2011 1994 2106; x_wconf 89' lang='lat' dir='ltr'><strong>exigit</strong></span> <span class='ocrx_word' id='word_1_143' title='bbox 2007 2026 2041 2082; x_wconf 91' lang='lat' dir='ltr'><strong>et</strong></span> 
     </span>
     <span class='ocr_line' id='line_1_14' title="bbox 459 2126 2041 2230; baseline 0.003 -36"><span class='ocrx_word' id='word_1_144' title='bbox 459 2126 752 2222; x_wconf 79' lang='lat' dir='ltr'><strong>frequentiorem,</strong></span> <span class='ocrx_word' id='word_1_145' title='bbox 764 2129 863 2225; x_wconf 85' lang='lat' dir='ltr'><strong>juxta</strong></span> <span class='ocrx_word' id='word_1_146' title='bbox 874 2131 962 2201; x_wconf 93' lang='lat' dir='ltr'><strong>illud</strong></span> <span class='ocrx_word' id='word_1_147' title='bbox 980 2130 1154 2229; x_wconf 77' lang='lat' dir='ltr'><strong>apostoli‘</strong></span> <span class='ocrx_word' id='word_1_148' title='bbox 1171 2161 1178 2200; x_wconf 79' lang='grc' dir='ltr'>ι</span> <span class='ocrx_word' id='word_1_149' title='bbox 1198 2162 1215 2197; x_wconf 78' lang='grc' dir='ltr'>α</span> <span class='ocrx_word' id='word_1_150' title='bbox 1235 2136 1308 2228; x_wconf 85' lang='lat' dir='ltr'><strong>Ego</strong></span> <span class='ocrx_word' id='word_1_151' title='bbox 1321 2131 1490 2230; x_wconf 77' lang='lat' dir='ltr'><strong>plantavi,</strong></span> <span class='ocrx_word' id='word_1_152' title='bbox 1509 2130 1635 2228; x_wconf 77' lang='lat' dir='ltr'><strong>Apollo</strong></span> <span class='ocrx_word' id='word_1_153' title='bbox 1649 2131 1792 2226; x_wconf 83' lang='lat' dir='ltr'><strong>rigavit,</strong></span> <span class='ocrx_word' id='word_1_154' title='bbox 1807 2133 1904 2201; x_wconf 89' lang='lat' dir='ltr'><strong>Deus</strong></span> <span class='ocrx_word' id='word_1_155' title='bbox 1923 2145 2041 2200; x_wconf 88' lang='lat' dir='ltr'><strong>autem</strong></span> 
     </span>
     <span class='ocr_line' id='line_1_15' title="bbox 460 2249 2042 2351; baseline 0.003 -35"><span class='ocrx_word' id='word_1_156' title='bbox 460 2249 718 2322; x_wconf 87' lang='lat' dir='ltr'><strong>incrementum</strong></span> <span class='ocrx_word' id='word_1_157' title='bbox 731 2251 840 2323; x_wconf 90' lang='lat' dir='ltr'><strong>dedit.</strong></span> <span class='ocrx_word' id='word_1_158' title='bbox 859 2281 876 2318; x_wconf 78' lang='lat' dir='ltr'><strong>n</strong></span> <span class='ocrx_word' id='word_1_159' title='bbox 890 2252 1111 2324; x_wconf 87' lang='lat' dir='ltr'><strong>Plantaverat</strong></span> <span class='ocrx_word' id='word_1_160' title='bbox 1124 2253 1306 2351; x_wconf 89' lang='lat' dir='ltr'><strong>apostolus</strong></span> <span class='ocrx_word' id='word_1_161' title='bbox 1320 2269 1426 2349; x_wconf 88' lang='lat' dir='ltr'><strong>atque</strong></span> <span class='ocrx_word' id='word_1_162' title='bbox 1439 2252 1648 2323; x_wconf 80' lang='lat' dir='ltr'><strong>fundaverat</strong></span> <span class='ocrx_word' id='word_1_163' title='bbox 1658 2253 1694 2323; x_wconf 89' lang='lat' dir='ltr'><strong>in</strong></span> <span class='ocrx_word' id='word_1_164' title='bbox 1711 2250 1781 2322; x_wconf 87' lang='lat' dir='ltr'><strong>fide</strong></span> <span class='ocrx_word' id='word_1_165' title='bbox 1795 2275 1859 2348; x_wconf 92' lang='lat' dir='ltr'><strong>per</strong></span> <span class='ocrx_word' id='word_1_166' title='bbox 1871 2249 2042 2348; x_wconf 80' lang='lat' dir='ltr'><strong>praedica-</strong></span> 
     </span>
     <span class='ocr_line' id='line_1_16' title="bbox 460 2369 2042 2471; baseline 0.001 -33"><span class='ocrx_word' id='word_1_167' title='bbox 460 2369 564 2440; x_wconf 89' lang='lat' dir='ltr'><strong>tionis</strong></span> <span class='ocrx_word' id='word_1_168' title='bbox 587 2396 658 2442; x_wconf 87' lang='lat' dir='ltr'><strong>suae</strong></span> <span class='ocrx_word' id='word_1_169' title='bbox 682 2373 880 2444; x_wconf 88' lang='lat' dir='ltr'><strong>doctrinam</strong></span> <span class='ocrx_word' id='word_1_170' title='bbox 898 2374 1119 2462; x_wconf 91' lang='lat' dir='ltr'><strong>Corinthios,</strong></span> <span class='ocrx_word' id='word_1_171' title='bbox 1148 2374 1277 2471; x_wconf 89' lang='lat' dir='ltr'><strong>quibus</strong></span> <span class='ocrx_word' id='word_1_172' title='bbox 1301 2373 1489 2445; x_wconf 88' lang='lat' dir='ltr'><strong>scribebat.</strong></span> <span class='ocrx_word' id='word_1_173' title='bbox 1520 2375 1702 2468; x_wconf 71' lang='lat' dir='ltr'><strong>[ligaverat</strong></span> <span class='ocrx_word' id='word_1_174' title='bbox 1728 2371 1959 2471; x_wconf 87' lang='lat' dir='ltr'><strong>postmodum</strong></span> <span class='ocrx_word' id='word_1_175' title='bbox 1981 2395 2042 2442; x_wconf 90' lang='lat' dir='ltr'><strong>eos</strong></span> 
     </span>
     <span class='ocr_line' id='line_1_17' title="bbox 459 2491 2041 2594; baseline 0.003 -35"><span class='ocrx_word' id='word_1_176' title='bbox 459 2491 569 2586; x_wconf 86' lang='lat' dir='ltr'><strong>ipsius</strong></span> <span class='ocrx_word' id='word_1_177' title='bbox 587 2494 738 2589; x_wconf 87' lang='lat' dir='ltr'><strong>apostoli</strong></span> <span class='ocrx_word' id='word_1_178' title='bbox 761 2495 955 2592; x_wconf 89' lang='lat' dir='ltr'><strong>discipulus</strong></span> <span class='ocrx_word' id='word_1_179' title='bbox 977 2496 1102 2594; x_wconf 75' lang='lat' dir='ltr'><strong>Apollo</strong></span> <span class='ocrx_word' id='word_1_180' title='bbox 1123 2499 1230 2568; x_wconf 86' lang='lat' dir='ltr'><strong>sacris</strong></span> <span class='ocrx_word' id='word_1_181' title='bbox 1250 2495 1574 2584; x_wconf 89' lang='lat' dir='ltr'><strong>exhortationibus,</strong></span> <span class='ocrx_word' id='word_1_182' title='bbox 1593 2510 1627 2566; x_wconf 90' lang='lat' dir='ltr'><strong>et</strong></span> <span class='ocrx_word' id='word_1_183' title='bbox 1644 2496 1694 2565; x_wconf 90' lang='lat' dir='ltr'><strong>sic</strong></span> <span class='ocrx_word' id='word_1_184' title='bbox 1712 2496 1764 2565; x_wconf 89' lang='lat' dir='ltr'><strong>eis</strong></span> <span class='ocrx_word' id='word_1_185' title='bbox 1781 2495 2041 2564; x_wconf 73' lang='lat' dir='ltr'><strong>incrementu-</strong></span> 
     </span>
     <span class='ocr_line' id='line_1_18' title="bbox 459 2612 2041 2711; baseline 0.002 -32"><span class='ocrx_word' id='word_1_186' title='bbox 459 2612 627 2682; x_wconf 83' lang='lat' dir='ltr'><strong>virtututn</strong></span> <span class='ocrx_word' id='word_1_187' title='bbox 649 2613 769 2685; x_wconf 91' lang='lat' dir='ltr'><strong>divina</strong></span> <span class='ocrx_word' id='word_1_188' title='bbox 793 2614 915 2710; x_wconf 83' lang='lat' dir='ltr'><strong>largita</strong></span> <span class='ocrx_word' id='word_1_189' title='bbox 937 2629 990 2686; x_wconf 91' lang='lat' dir='ltr'><strong>est</strong></span> <span class='ocrx_word' id='word_1_190' title='bbox 1009 2617 1129 2711; x_wconf 89' lang='lat' dir='ltr'><strong>gratia.</strong></span> <span class='ocrx_word' id='word_1_191' title='bbox 1152 2617 1240 2686; x_wconf 90' lang='lat' dir='ltr'><strong>Vitis</strong></span> <span class='ocrx_word' id='word_1_192' title='bbox 1260 2614 1382 2686; x_wconf 82' lang='lat' dir='ltr'><strong>alienae</strong></span> <span class='ocrx_word' id='word_1_193' title='bbox 1401 2616 1560 2703; x_wconf 88' lang='lat' dir='ltr'><strong>vineam,</strong></span> <span class='ocrx_word' id='word_1_194' title='bbox 1580 2638 1688 2709; x_wconf 83' lang='lat' dir='ltr'><strong>quam</strong></span> <span class='ocrx_word' id='word_1_195' title='bbox 1706 2637 1782 2684; x_wconf 90' lang='lat' dir='ltr'><strong>non</strong></span> <span class='ocrx_word' id='word_1_196' title='bbox 1801 2613 1983 2710; x_wconf 84' lang='lat' dir='ltr'><strong>plantasti,</strong></span> <span class='ocrx_word' id='word_1_197' title='bbox 2006 2613 2041 2682; x_wconf 92' lang='lat' dir='ltr'><strong>in</strong></span> 
     </span>
     <span class='ocr_line' id='line_1_19' title="bbox 460 2732 2041 2830; baseline 0.003 -32"><span class='ocrx_word' id='word_1_198' title='bbox 460 2732 731 2802; x_wconf 88' lang='lat' dir='ltr'><strong>amaritudinem</strong></span> <span class='ocrx_word' id='word_1_199' title='bbox 754 2733 815 2804; x_wconf 93' lang='lat' dir='ltr'><strong>tibi</strong></span> <span class='ocrx_word' id='word_1_200' title='bbox 836 2757 1062 2824; x_wconf 89' lang='lat' dir='ltr'><strong>conversam,</strong></span> <span class='ocrx_word' id='word_1_201' title='bbox 1079 2733 1384 2804; x_wconf 89' lang='lat' dir='ltr'><strong>admonitionibus</strong></span> <span class='ocrx_word' id='word_1_202' title='bbox 1397 2757 1489 2830; x_wconf 86' lang='lat' dir='ltr'><strong>saepe</strong></span> <span class='ocrx_word' id='word_1_203' title='bbox 1504 2734 1631 2822; x_wconf 87' lang='lat' dir='ltr'><strong>cassis,</strong></span> <span class='ocrx_word' id='word_1_204' title='bbox 1648 2747 1684 2804; x_wconf 88' lang='lat' dir='ltr'><strong>et</strong></span> <span class='ocrx_word' id='word_1_205' title='bbox 1705 2734 1812 2804; x_wconf 89' lang='lat' dir='ltr'><strong>sacris</strong></span> <span class='ocrx_word' id='word_1_206' title='bbox 1827 2733 1955 2802; x_wconf 82' lang='lat' dir='ltr'><strong>frustra</strong></span> <span class='ocrx_word' id='word_1_207' title='bbox 1967 2755 2041 2802; x_wconf 88' lang='lat' dir='ltr'><strong>ser·</strong></span> 
     </span>
     <span class='ocr_line' id='line_1_20' title="bbox 457 2851 2043 2950; baseline 0.003 -31"><span class='ocrx_word' id='word_1_208' title='bbox 457 2851 623 2922; x_wconf 88' lang='lat' dir='ltr'><strong>monibus</strong></span> <span class='ocrx_word' id='word_1_209' title='bbox 636 2852 779 2923; x_wconf 86' lang='lat' dir='ltr'><strong>excolis.</strong></span> <span class='ocrx_word' id='word_1_210' title='bbox 794 2853 890 2938; x_wconf 85' lang='lat' dir='ltr'><strong>Quid</strong></span> <span class='ocrx_word' id='word_1_211' title='bbox 904 2869 971 2924; x_wconf 86' lang='lat' dir='ltr'><strong>tuae</strong></span> <span class='ocrx_word' id='word_1_212' title='bbox 982 2852 1114 2925; x_wconf 90' lang='lat' dir='ltr'><strong>debeas</strong></span> <span class='ocrx_word' id='word_1_213' title='bbox 1128 2854 1293 2943; x_wconf 88' lang='lat' dir='ltr'><strong>attende,</strong></span> <span class='ocrx_word' id='word_1_214' title='bbox 1310 2855 1371 2950; x_wconf 90' lang='lat' dir='ltr'><strong>qui</strong></span> <span class='ocrx_word' id='word_1_215' title='bbox 1385 2853 1435 2924; x_wconf 93' lang='lat' dir='ltr'><strong>sic</strong></span> <span class='ocrx_word' id='word_1_216' title='bbox 1447 2877 1570 2924; x_wconf 89' lang='lat' dir='ltr'><strong>curam</strong></span> <span class='ocrx_word' id='word_1_217' title='bbox 1584 2851 1762 2950; x_wconf 89' lang='lat' dir='ltr'><strong>impendis</strong></span> <span class='ocrx_word' id='word_1_218' title='bbox 1774 2851 1905 2923; x_wconf 85' lang='lat' dir='ltr'><strong>alienae.</strong></span> <span class='ocrx_word' id='word_1_219' title='bbox 1928 2855 2043 2924; x_wconf 80' lang='lat' dir='ltr'><strong>Duces</strong></span> 
     </span>
     <span class='ocr_line' id='line_1_21' title="bbox 457 2971 2043 3070; baseline 0 -30"><span class='ocrx_word' id='word_1_220' title='bbox 457 2986 491 3040; x_wconf 89' lang='lat' dir='ltr'><strong>et</strong></span> <span class='ocrx_word' id='word_1_221' title='bbox 509 2971 682 3043; x_wconf 90' lang='lat' dir='ltr'><strong>admones</strong></span> <span class='ocrx_word' id='word_1_222' title='bbox 701 2971 865 3062; x_wconf 88' lang='lat' dir='ltr'><strong>rebelles,</strong></span> <span class='ocrx_word' id='word_1_223' title='bbox 889 2998 956 3044; x_wconf 92' lang='lat' dir='ltr'><strong>nec</strong></span> <span class='ocrx_word' id='word_1_224' title='bbox 976 2973 1130 3070; x_wconf 85' lang='lat' dir='ltr'><strong>proficis.</strong></span> <span class='ocrx_word' id='word_1_225' title='bbox 1153 2980 1292 3044; x_wconf 89' lang='lat' dir='ltr'><strong>Frustra</strong></span> <span class='ocrx_word' id='word_1_226' title='bbox 1314 2989 1397 3044; x_wconf 89' lang='lat' dir='ltr'><strong>ante</strong></span> <span class='ocrx_word' id='word_1_227' title='bbox 1413 2997 1543 3069; x_wconf 87' lang='lat' dir='ltr'><strong>porcos</strong></span> <span class='ocrx_word' id='word_1_228' title='bbox 1563 2973 1673 3042; x_wconf 90' lang='lat' dir='ltr'><strong>divini</strong></span> <span class='ocrx_word' id='word_1_229' title='bbox 1692 2971 1823 3068; x_wconf 85' lang='lat' dir='ltr'><strong>eloquii</strong></span> <span class='ocrx_word' id='word_1_230' title='bbox 1840 2973 2043 3068; x_wconf 87' lang='lat' dir='ltr'><strong>margaritas</strong></span> 
     </span>
     <span class='ocr_line' id='line_1_22' title="bbox 460 3090 2038 3190; baseline -0.002 -29"><span class='ocrx_word' id='word_1_231' title='bbox 460 3093 605 3187; x_wconf 88' lang='lat' dir='ltr'><strong>spargis.</strong></span> <span class='ocrx_word' id='word_1_232' title='bbox 634 3094 705 3178; x_wconf 84' lang='lat' dir='ltr'><strong>Qui</strong></span> <span class='ocrx_word' id='word_1_233' title='bbox 729 3092 915 3163; x_wconf 87' lang='lat' dir='ltr'><strong>obstinatis</strong></span> <span class='ocrx_word' id='word_1_234' title='bbox 939 3109 1036 3163; x_wconf 86' lang='lat' dir='ltr'><strong>tanta</strong></span> <span class='ocrx_word' id='word_1_235' title='bbox 1055 3091 1254 3190; x_wconf 90' lang='lat' dir='ltr'><strong>impendis,</strong></span> <span class='ocrx_word' id='word_1_236' title='bbox 1276 3092 1364 3188; x_wconf 87' lang='lat' dir='ltr'><strong>quid</strong></span> <span class='ocrx_word' id='word_1_237' title='bbox 1388 3091 1637 3163; x_wconf 89' lang='lat' dir='ltr'><strong>obedientibus</strong></span> <span class='ocrx_word' id='word_1_238' title='bbox 1662 3091 1791 3162; x_wconf 89' lang='lat' dir='ltr'><strong>debeas</strong></span> <span class='ocrx_word' id='word_1_239' title='bbox 1822 3090 2006 3162; x_wconf 89' lang='lat' dir='ltr'><strong>considera</strong></span> <span class='ocrx_word' id='word_1_240' title='bbox 2017 3095 2038 3158; x_wconf 84' lang='lat'><strong>⁸.</strong></span> 
     </span>
     <span class='ocr_line' id='line_1_23' title="bbox 462 3209 2042 3309; baseline -0.001 -29"><span class='ocrx_word' id='word_1_241' title='bbox 462 3211 534 3296; x_wconf 84' lang='lat' dir='ltr'><strong>Qui</strong></span> <span class='ocrx_word' id='word_1_242' title='bbox 546 3225 643 3281; x_wconf 90' lang='lat' dir='ltr'><strong>tanta</strong></span> <span class='ocrx_word' id='word_1_243' title='bbox 657 3209 819 3281; x_wconf 82' lang='lat' dir='ltr'><strong>hostibus</strong></span> <span class='ocrx_word' id='word_1_244' title='bbox 830 3211 982 3308; x_wconf 87' lang='lat' dir='ltr'><strong>largiris,</strong></span> <span class='ocrx_word' id='word_1_245' title='bbox 999 3211 1087 3309; x_wconf 87' lang='lat' dir='ltr'><strong>quid</strong></span> <span class='ocrx_word' id='word_1_246' title='bbox 1101 3209 1239 3282; x_wconf 86' lang='lat' dir='ltr'><strong>filiabus</strong></span> <span class='ocrx_word' id='word_1_247' title='bbox 1253 3210 1384 3282; x_wconf 89' lang='lat' dir='ltr'><strong>debeas</strong></span> <span class='ocrx_word' id='word_1_248' title='bbox 1400 3211 1582 3283; x_wconf 86' lang='lat' dir='ltr'><strong>meditare.</strong></span> <span class='ocrx_word' id='word_1_249' title='bbox 1606 3217 1718 3307; x_wconf 78' lang='lat' dir='ltr'><strong>Atque</strong></span> <span class='ocrx_word' id='word_1_250' title='bbox 1733 3225 1772 3281; x_wconf 92' lang='lat' dir='ltr'><strong>ut</strong></span> <span class='ocrx_word' id='word_1_251' title='bbox 1785 3225 1927 3282; x_wconf 74' lang='lat' dir='ltr'><strong>caeteras</strong></span> <span class='ocrx_word' id='word_1_252' title='bbox 1937 3210 2042 3280; x_wconf 89' lang='lat' dir='ltr'><strong>omit·</strong></span> 
     </span>
     <span class='ocr_line' id='line_1_24' title="bbox 462 3329 2044 3428; baseline -0.001 -30"><span class='ocrx_word' id='word_1_253' title='bbox 462 3345 554 3415; x_wconf 87' lang='lat' dir='ltr'><strong>tam,</strong></span> <span class='ocrx_word' id='word_1_254' title='bbox 575 3344 710 3424; x_wconf 88' lang='lat' dir='ltr'><strong>quanto</strong></span> <span class='ocrx_word' id='word_1_255' title='bbox 729 3355 812 3426; x_wconf 90' lang='lat' dir='ltr'><strong>erga</strong></span> <span class='ocrx_word' id='word_1_256' title='bbox 827 3345 931 3400; x_wconf 88' lang='lat' dir='ltr'><strong>mete</strong></span> <span class='ocrx_word' id='word_1_257' title='bbox 949 3329 1160 3426; x_wconf 87' lang='lat' dir='ltr'><strong>obligaveris</strong></span> <span class='ocrx_word' id='word_1_258' title='bbox 1174 3329 1296 3401; x_wconf 92' lang='lat' dir='ltr'><strong>debito</strong></span> <span class='ocrx_word' id='word_1_259' title='bbox 1311 3384 1320 3419; x_wconf 91' lang='lat'><strong>,</strong></span> <span class='ocrx_word' id='word_1_260' title='bbox 1337 3355 1449 3428; x_wconf 86' lang='lat' dir='ltr'><strong>pensa</strong></span> <span class='ocrx_word' id='word_1_261' title='bbox 1466 3356 1473 3397; x_wconf 94' lang='lat'><strong>:</strong></span> <span class='ocrx_word' id='word_1_262' title='bbox 1492 3345 1528 3399; x_wconf 89' lang='lat' dir='ltr'><strong>ut</strong></span> <span class='ocrx_word' id='word_1_263' title='bbox 1542 3329 1643 3426; x_wconf 93' lang='lat' dir='ltr'><strong>quod</strong></span> <span class='ocrx_word' id='word_1_264' title='bbox 1656 3329 1794 3400; x_wconf 90' lang='lat' dir='ltr'><strong>devotis</strong></span> <span class='ocrx_word' id='word_1_265' title='bbox 1808 3331 2044 3400; x_wconf 90' lang='lat' dir='ltr'><strong>communiter</strong></span> 
     </span>
     <span class='ocr_line' id='line_1_25' title="bbox 465 3447 2043 3546; baseline 0.001 -30"><span class='ocrx_word' id='word_1_266' title='bbox 465 3447 573 3519; x_wconf 90' lang='lat' dir='ltr'><strong>debes</strong></span> <span class='ocrx_word' id='word_1_267' title='bbox 592 3447 750 3538; x_wconf 86' lang='lat' dir='ltr'><strong>feminis,</strong></span> <span class='ocrx_word' id='word_1_268' title='bbox 780 3452 891 3522; x_wconf 79' lang='lat' dir='ltr'><strong>unicae</strong></span> <span class='ocrx_word' id='word_1_269' title='bbox 921 3465 988 3520; x_wconf 71' lang='lat' dir='ltr'><strong>tute</strong></span> <span class='ocrx_word' id='word_1_270' title='bbox 1006 3451 1170 3521; x_wconf 90' lang='lat' dir='ltr'><strong>devotius</strong></span> <span class='ocrx_word' id='word_1_271' title='bbox 1189 3449 1316 3520; x_wconf 89' lang='lat' dir='ltr'><strong>solvas.</strong></span> <span class='ocrx_word' id='word_1_272' title='bbox 1338 3452 1437 3536; x_wconf 92' lang='lat' dir='ltr'><strong>Quot</strong></span> <span class='ocrx_word' id='word_1_273' title='bbox 1453 3465 1574 3521; x_wconf 90' lang='lat' dir='ltr'><strong>autem</strong></span> <span class='ocrx_word' id='word_1_274' title='bbox 1596 3465 1632 3520; x_wconf 90' lang='lat' dir='ltr'><strong>et</strong></span> <span class='ocrx_word' id='word_1_275' title='bbox 1651 3465 1805 3546; x_wconf 87' lang='lat' dir='ltr'><strong>quantos</strong></span> <span class='ocrx_word' id='word_1_276' title='bbox 1825 3463 1990 3520; x_wconf 88' lang='lat' dir='ltr'><strong>tractatus</strong></span> <span class='ocrx_word' id='word_1_277' title='bbox 2008 3449 2043 3518; x_wconf 91' lang='lat' dir='ltr'><strong>in</strong></span> 
     </span>
     <span class='ocr_line' id='line_1_26' title="bbox 397 3567 2044 3659; baseline 0.001 -22"><span class='ocrx_word' id='word_1_278' title='bbox 397 3615 401 3622; x_wconf 90' lang='lat'>-</span> <span class='ocrx_word' id='word_1_279' title='bbox 465 3567 649 3657; x_wconf 88' lang='lat' dir='ltr'><strong>doctrina,</strong></span> <span class='ocrx_word' id='word_1_280' title='bbox 672 3569 724 3640; x_wconf 88' lang='lat' dir='ltr'><strong>vel</strong></span> <span class='ocrx_word' id='word_1_281' title='bbox 744 3571 1008 3659; x_wconf 83' lang='lat' dir='ltr'><strong>exhortatione,</strong></span> <span class='ocrx_word' id='word_1_282' title='bbox 1031 3593 1090 3642; x_wconf 91' lang='lat' dir='ltr'><strong>seu</strong></span> <span class='ocrx_word' id='word_1_283' title='bbox 1106 3572 1211 3642; x_wconf 91' lang='lat' dir='ltr'><strong>etiam</strong></span> <span class='ocrx_word' id='word_1_284' title='bbox 1227 3570 1473 3641; x_wconf 88' lang='lat' dir='ltr'><strong>consolatione</strong></span> <span class='ocrx_word' id='word_1_285' title='bbox 1491 3585 1694 3641; x_wconf 89' lang='lat' dir='ltr'><strong>sanctarum</strong></span> <span class='ocrx_word' id='word_1_286' title='bbox 1709 3570 1919 3640; x_wconf 84' lang='lat' dir='ltr'><strong>seminarum</strong></span> <span class='ocrx_word' id='word_1_287' title='bbox 1934 3569 2044 3638; x_wconf 90' lang='lat' dir='ltr'><strong>sancti</strong></span> 
     </span>
     <span class='ocr_line' id='line_1_27' title="bbox 465 3687 2045 3786; baseline -0.001 -28"><span class='ocrx_word' id='word_1_288' title='bbox 465 3703 585 3784; x_wconf 86' lang='lat' dir='ltr'><strong>patres</strong></span> <span class='ocrx_word' id='word_1_289' title='bbox 614 3691 977 3776; x_wconf 82' lang='lat' dir='ltr'><strong>consummaverint⁸,</strong></span> <span class='ocrx_word' id='word_1_290' title='bbox 1011 3704 1046 3761; x_wconf 90' lang='lat' dir='ltr'><strong>et</strong></span> <span class='ocrx_word' id='word_1_291' title='bbox 1069 3707 1202 3786; x_wconf 90' lang='lat' dir='ltr'><strong>quanta</strong></span> <span class='ocrx_word' id='word_1_292' title='bbox 1231 3715 1293 3762; x_wconf 91' lang='lat' dir='ltr'><strong>eos</strong></span> <span class='ocrx_word' id='word_1_293' title='bbox 1316 3690 1497 3786; x_wconf 88' lang='lat' dir='ltr'><strong>diligentia</strong></span> <span class='ocrx_word' id='word_1_294' title='bbox 1524 3689 1813 3785; x_wconf 87' lang='lat' dir='ltr'><strong>composuerint,</strong></span> <span class='ocrx_word' id='word_1_295' title='bbox 1835 3702 1894 3758; x_wconf 89' lang='lat' dir='ltr'><strong>tua</strong></span> <span class='ocrx_word' id='word_1_296' title='bbox 1920 3687 2045 3758; x_wconf 86' lang='lat' dir='ltr'><strong>melius</strong></span> 
     </span>
     <span class='ocr_line' id='line_1_28' title="bbox 467 3807 2046 3909; baseline 0 -33"><span class='ocrx_word' id='word_1_297' title='bbox 467 3807 671 3880; x_wconf 82' lang='lat' dir='ltr'><strong>excellentia</strong></span> <span class='ocrx_word' id='word_1_298' title='bbox 696 3835 805 3906; x_wconf 87' lang='lat' dir='ltr'><strong>quarn</strong></span> <span class='ocrx_word' id='word_1_299' title='bbox 831 3826 951 3881; x_wconf 89' lang='lat' dir='ltr'><strong>nostra</strong></span> <span class='ocrx_word' id='word_1_300' title='bbox 972 3812 1147 3909; x_wconf 83' lang='lat' dir='ltr'><strong>parvitas⁷</strong></span> <span class='ocrx_word' id='word_1_301' title='bbox 1168 3812 1280 3881; x_wconf 92' lang='lat' dir='ltr'><strong>novit.</strong></span> <span class='ocrx_word' id='word_1_302' title='bbox 1307 3811 1408 3881; x_wconf 87' lang='lat' dir='ltr'><strong>Unde</strong></span> <span class='ocrx_word' id='word_1_303' title='bbox 1431 3834 1506 3881; x_wconf 91' lang='lat' dir='ltr'><strong>non</strong></span> <span class='ocrx_word' id='word_1_304' title='bbox 1525 3808 1699 3881; x_wconf 90' lang='lat' dir='ltr'><strong>mediocri</strong></span> <span class='ocrx_word' id='word_1_305' title='bbox 1721 3808 1955 3879; x_wconf 88' lang='lat' dir='ltr'><strong>admiratione</strong></span> <span class='ocrx_word' id='word_1_306' title='bbox 1978 3831 2046 3876; x_wconf 90' lang='lat' dir='ltr'><strong>no·</strong></span> 
     </span>
     <span class='ocr_line' id='line_1_29' title="bbox 466 3927 2047 4025; baseline -0.001 -29"><span class='ocrx_word' id='word_1_307' title='bbox 466 3943 545 3998; x_wconf 72' lang='lat' dir='ltr'><strong>strae</strong></span> <span class='ocrx_word' id='word_1_308' title='bbox 559 3944 681 3999; x_wconf 85' lang='lat' dir='ltr'><strong>tenera</strong></span> <span class='ocrx_word' id='word_1_309' title='bbox 692 3929 935 4000; x_wconf 89' lang='lat' dir='ltr'><strong>conversionis</strong></span> <span class='ocrx_word' id='word_1_310' title='bbox 949 3929 1047 4001; x_wconf 91' lang='lat' dir='ltr'><strong>initia</strong></span> <span class='ocrx_word' id='word_1_311' title='bbox 1060 3945 1121 4001; x_wconf 92' lang='lat' dir='ltr'><strong>tua</strong></span> <span class='ocrx_word' id='word_1_312' title='bbox 1130 3931 1203 4024; x_wconf 91' lang='lat' dir='ltr'><strong>jam</strong></span> <span class='ocrx_word' id='word_1_313' title='bbox 1217 3929 1356 4000; x_wconf 89' lang='lat' dir='ltr'><strong>dudum</strong></span> <span class='ocrx_word' id='word_1_314' title='bbox 1366 3929 1499 4000; x_wconf 92' lang='lat' dir='ltr'><strong>oblivio</strong></span> <span class='ocrx_word' id='word_1_315' title='bbox 1515 3930 1640 4016; x_wconf 91' lang='lat' dir='ltr'><strong>movit,</strong></span> <span class='ocrx_word' id='word_1_316' title='bbox 1657 3927 1757 4025; x_wconf 89' lang='lat' dir='ltr'><strong>quod</strong></span> <span class='ocrx_word' id='word_1_317' title='bbox 1770 3952 1837 3998; x_wconf 92' lang='lat' dir='ltr'><strong>nec</strong></span> <span class='ocrx_word' id='word_1_318' title='bbox 1849 3927 2047 3998; x_wconf 88' lang='lat' dir='ltr'><strong>reverentia</strong></span> 
     </span>
     <span class='ocr_line' id='line_1_30' title="bbox 469 4047 2047 4146; baseline 0 -30"><span class='ocrx_word' id='word_1_319' title='bbox 469 4049 557 4136; x_wconf 86' lang='lat' dir='ltr'><strong>Dei,</strong></span> <span class='ocrx_word' id='word_1_320' title='bbox 580 4071 645 4119; x_wconf 91' lang='lat' dir='ltr'><strong>nec</strong></span> <span class='ocrx_word' id='word_1_321' title='bbox 658 4071 780 4120; x_wconf 86' lang='lat' dir='ltr'><strong>amore</strong></span> <span class='ocrx_word' id='word_1_322' title='bbox 799 4051 927 4139; x_wconf 82' lang='lat' dir='ltr'><strong>trostri,</strong></span> <span class='ocrx_word' id='word_1_323' title='bbox 948 4073 1014 4120; x_wconf 91' lang='lat' dir='ltr'><strong>nec</strong></span> <span class='ocrx_word' id='word_1_324' title='bbox 1034 4065 1239 4120; x_wconf 88' lang='lat' dir='ltr'><strong>sanctorum</strong></span> <span class='ocrx_word' id='word_1_325' title='bbox 1254 4064 1396 4144; x_wconf 89' lang='lat' dir='ltr'><strong>patrum</strong></span> <span class='ocrx_word' id='word_1_326' title='bbox 1414 4049 1583 4146; x_wconf 86' lang='lat' dir='ltr'><strong>exemplis</strong></span> <span class='ocrx_word' id='word_1_327' title='bbox 1595 4049 1801 4120; x_wconf 87' lang='lat' dir='ltr'><strong>admonitus</strong></span> <span class='ocrx_word' id='word_1_328' title='bbox 1814 4047 2047 4118; x_wconf 86' lang='lat' dir='ltr'><strong>fluctuantem</strong></span> 
     </span>
     <span class='ocr_line' id='line_1_31' title="bbox 470 4165 2048 4266; baseline -0.001 -29"><span class='ocrx_word' id='word_1_329' title='bbox 470 4191 528 4237; x_wconf 90' lang='lat' dir='ltr'><strong>me</strong></span> <span class='ocrx_word' id='word_1_330' title='bbox 550 4171 675 4263; x_wconf 85' lang='lat' dir='ltr'><strong>etjam</strong></span> <span class='ocrx_word' id='word_1_331' title='bbox 700 4167 839 4239; x_wconf 89' lang='lat' dir='ltr'><strong>diutino</strong></span> <span class='ocrx_word' id='word_1_332' title='bbox 863 4193 1016 4241; x_wconf 87' lang='lat' dir='ltr'><strong>moerore</strong></span> <span class='ocrx_word' id='word_1_333' title='bbox 1042 4169 1262 4257; x_wconf 84' lang='lat' dir='ltr'><strong>confectam,</strong></span> <span class='ocrx_word' id='word_1_334' title='bbox 1290 4167 1346 4237; x_wconf 91' lang='lat' dir='ltr'><strong>vel</strong></span> <span class='ocrx_word' id='word_1_335' title='bbox 1375 4191 1540 4239; x_wconf 89' lang='lat' dir='ltr'><strong>sermone</strong></span> <span class='ocrx_word' id='word_1_336' title='bbox 1568 4183 1796 4266; x_wconf 87' lang='lat' dir='ltr'><strong>praesentem,</strong></span> <span class='ocrx_word' id='word_1_337' title='bbox 1824 4166 1880 4238; x_wconf 90' lang='lat' dir='ltr'><strong>vel</strong></span> <span class='ocrx_word' id='word_1_338' title='bbox 1898 4165 2048 4264; x_wconf 89' lang='lat' dir='ltr'><strong>epistola</strong></span> 
     </span>
     <span class='ocr_line' id='line_1_32' title="bbox 468 4285 2049 4385; baseline -0.002 -26"><span class='ocrx_word' id='word_1_339' title='bbox 468 4289 650 4359; x_wconf 87' lang='lat' dir='ltr'><strong>absentem</strong></span> <span class='ocrx_word' id='word_1_340' title='bbox 664 4288 841 4360; x_wconf 87' lang='lat' dir='ltr'><strong>consolari</strong></span> <span class='ocrx_word' id='word_1_341' title='bbox 858 4291 1076 4360; x_wconf 79' lang='lat' dir='ltr'><strong>tentaveris⁸.</strong></span> <span class='ocrx_word' id='word_1_342' title='bbox 1095 4290 1159 4359; x_wconf 93' lang='lat' dir='ltr'><strong>Cui</strong></span> <span class='ocrx_word' id='word_1_343' title='bbox 1176 4287 1323 4385; x_wconf 88' lang='lat' dir='ltr'><strong>quidem</strong></span> <span class='ocrx_word' id='word_1_344' title='bbox 1342 4302 1441 4358; x_wconf 88' lang='lat' dir='ltr'><strong>tanto</strong></span> <span class='ocrx_word' id='word_1_345' title='bbox 1456 4302 1491 4358; x_wconf 91' lang='lat' dir='ltr'><strong>te</strong></span> <span class='ocrx_word' id='word_1_346' title='bbox 1509 4288 1645 4383; x_wconf 89' lang='lat' dir='ltr'><strong>majore</strong></span> <span class='ocrx_word' id='word_1_347' title='bbox 1664 4287 1786 4360; x_wconf 92' lang='lat' dir='ltr'><strong>debito</strong></span> <span class='ocrx_word' id='word_1_348' title='bbox 1804 4287 1946 4359; x_wconf 84' lang='lat' dir='ltr'><strong>noveris</strong></span> <span class='ocrx_word' id='word_1_349' title='bbox 1959 4285 2049 4357; x_wconf 90' lang='lat' dir='ltr'><strong>ohli-</strong></span> 
     </span>
     <span class='ocr_line' id='line_1_33' title="bbox 468 4407 2046 4510; baseline -0.003 -29"><span class='ocrx_word' id='word_1_350' title='bbox 468 4425 611 4505; x_wconf 80' lang='lat' dir='ltr'><strong>gatum,</strong></span> <span class='ocrx_word' id='word_1_351' title='bbox 632 4425 767 4508; x_wconf 87' lang='lat' dir='ltr'><strong>quanto</strong></span> <span class='ocrx_word' id='word_1_352' title='bbox 788 4426 822 4481; x_wconf 90' lang='lat' dir='ltr'><strong>te</strong></span> <span class='ocrx_word' id='word_1_353' title='bbox 841 4411 991 4510; x_wconf 85' lang='lat' dir='ltr'><strong>amplius</strong></span> <span class='ocrx_word' id='word_1_354' title='bbox 1010 4409 1177 4508; x_wconf 89' lang='lat' dir='ltr'><strong>nuptialis</strong></span> <span class='ocrx_word' id='word_1_355' title='bbox 1199 4407 1331 4481; x_wconf 85' lang='lat' dir='ltr'><strong>foedere</strong></span> <span class='ocrx_word' id='word_1_356' title='bbox 1350 4410 1561 4480; x_wconf 89' lang='lat' dir='ltr'><strong>sacramenti</strong></span> <span class='ocrx_word' id='word_1_357' title='bbox 1578 4424 1716 4480; x_wconf 88' lang='lat' dir='ltr'><strong>constat</strong></span> <span class='ocrx_word' id='word_1_358' title='bbox 1735 4433 1811 4480; x_wconf 88' lang='lat' dir='ltr'><strong>esse</strong></span> <span class='ocrx_word' id='word_1_359' title='bbox 1836 4409 2021 4479; x_wconf 87' lang='lat' dir='ltr'><strong>astrictum</strong></span> <span class='ocrx_word' id='word_1_360' title='bbox 2037 4435 2046 4493; x_wconf 92' lang='lat'>;</span> 
     </span>
     <span class='ocr_line' id='line_1_34' title="bbox 467 4527 2049 4628; baseline -0.003 -27"><span class='ocrx_word' id='word_1_361' title='bbox 467 4547 503 4602; x_wconf 87' lang='lat' dir='ltr'><strong>et</strong></span> <span class='ocrx_word' id='word_1_362' title='bbox 521 4556 565 4602; x_wconf 90' lang='lat' dir='ltr'><strong>eo</strong></span> <span class='ocrx_word' id='word_1_363' title='bbox 587 4545 621 4601; x_wconf 91' lang='lat' dir='ltr'><strong>te</strong></span> <span class='ocrx_word' id='word_1_364' title='bbox 636 4531 746 4628; x_wconf 86' lang='lat' dir='ltr'><strong>magis</strong></span> <span class='ocrx_word' id='word_1_365' title='bbox 768 4529 855 4600; x_wconf 86' lang='lat' dir='ltr'><strong>mihi</strong></span> <span class='ocrx_word' id='word_1_366' title='bbox 869 4529 1088 4616; x_wconf 87' lang='lat' dir='ltr'><strong>obnoxium,</strong></span> <span class='ocrx_word' id='word_1_367' title='bbox 1109 4552 1183 4625; x_wconf 81' lang='lat' dir='ltr'><strong>quo</strong></span> <span class='ocrx_word' id='word_1_368' title='bbox 1202 4544 1236 4600; x_wconf 89' lang='lat' dir='ltr'><strong>te</strong></span> <span class='ocrx_word' id='word_1_369' title='bbox 1254 4551 1411 4626; x_wconf 88' lang='lat' dir='ltr'><strong>semper,</strong></span> <span class='ocrx_word' id='word_1_370' title='bbox 1432 4543 1473 4598; x_wconf 92' lang='lat' dir='ltr'><strong>ut</strong></span> <span class='ocrx_word' id='word_1_371' title='bbox 1491 4527 1658 4598; x_wconf 91' lang='lat' dir='ltr'><strong>omnibus</strong></span> <span class='ocrx_word' id='word_1_372' title='bbox 1676 4543 1792 4626; x_wconf 90' lang='lat' dir='ltr'><strong>patet,</strong></span> <span class='ocrx_word' id='word_1_373' title='bbox 1810 4527 2049 4598; x_wconf 87' lang='lat' dir='ltr'><strong>immoderato</strong></span> 
     </span>
     <span class='ocr_line' id='line_1_35' title="bbox 470 4649 2049 4749; baseline -0.003 -26"><span class='ocrx_word' id='word_1_374' title='bbox 470 4675 591 4724; x_wconf 87' lang='lat' dir='ltr'><strong>amone</strong></span> <span class='ocrx_word' id='word_1_375' title='bbox 607 4652 792 4749; x_wconf 86' lang='lat' dir='ltr'><strong>complexa</strong></span> <span class='ocrx_word' id='word_1_376' title='bbox 809 4677 902 4722; x_wconf 91' lang='lat' dir='ltr'><strong>sum.</strong></span> <span class='ocrx_word' id='word_1_377' title='bbox 925 4651 1065 4741; x_wconf 89' lang='lat' dir='ltr'><strong>Nosti&#39;,</strong></span> <span class='ocrx_word' id='word_1_378' title='bbox 1085 4649 1306 4738; x_wconf 86' lang='lat' dir='ltr'><strong>charissime,</strong></span> <span class='ocrx_word' id='word_1_379' title='bbox 1330 4664 1508 4722; x_wconf 90' lang='lat' dir='ltr'><strong>noverunt</strong></span> <span class='ocrx_word' id='word_1_380' title='bbox 1531 4674 1677 4738; x_wconf 90' lang='lat' dir='ltr'><strong>omnes,</strong></span> <span class='ocrx_word' id='word_1_381' title='bbox 1698 4665 1832 4746; x_wconf 86' lang='lat' dir='ltr'><strong>quanta</strong></span> <span class='ocrx_word' id='word_1_382' title='bbox 1850 4650 1886 4719; x_wconf 88' lang='lat' dir='ltr'><strong>in</strong></span> <span class='ocrx_word' id='word_1_383' title='bbox 1906 4665 1940 4720; x_wconf 94' lang='lat' dir='ltr'><strong>te</strong></span> <span class='ocrx_word' id='word_1_384' title='bbox 1958 4649 2049 4719; x_wconf 88' lang='lat' dir='ltr'><strong>arni·</strong></span> 
     </span>
    </p>
   </div>
   <div class='ocr_carea' id='block_1_3' title="bbox 469 4919 2053 5229">
    <p class='ocr_par' dir='ltr' id='par_1_3' title="bbox 469 4919 2053 5229">
     <span class='ocr_line' id='line_1_36' title="bbox 505 4919 2053 4984; baseline -0.001 -14"><span class='ocrx_word' id='word_1_385' title='bbox 505 4923 648 4982; x_wconf 71' lang='lat' dir='ltr'><strong>‘decepisti</strong></span> <span class='ocrx_word' id='word_1_386' title='bbox 666 4919 735 4969; x_wconf 85' lang='lat' dir='ltr'><strong>ttttS.</strong></span> <span class='ocrx_word' id='word_1_387' title='bbox 748 4919 875 4972; x_wconf 80' lang='lat' dir='ltr'><strong>-¹Novo</strong></span> <span class='ocrx_word' id='word_1_388' title='bbox 890 4925 1000 4980; x_wconf 81' lang='lat' dir='ltr'><strong>colonia,</strong></span> <span class='ocrx_word' id='word_1_389' title='bbox 1013 4933 1054 4971; x_wconf 83' lang='lat' dir='ltr'><strong>tau</strong></span> <span class='ocrx_word' id='word_1_390' title='bbox 1067 4937 1128 4972; x_wconf 82' lang='lat' dir='ltr'><strong>noae</strong></span> <span class='ocrx_word' id='word_1_391' title='bbox 1141 4925 1242 4984; x_wconf 81' lang='lat' dir='ltr'><strong>planta-</strong></span> <span class='ocrx_word' id='word_1_392' title='bbox 1276 4922 1300 4971; x_wconf 90' lang='lat' dir='ltr'><strong>ia</strong></span> <span class='ocrx_word' id='word_1_393' title='bbox 1327 4921 1482 4972; x_wconf 84' lang='lat' dir='ltr'><strong>editionibus.</strong></span> <span class='ocrx_word' id='word_1_394' title='bbox 1504 4950 1536 4960; x_wconf 93' lang='lat'>-</span> <span class='ocrx_word' id='word_1_395' title='bbox 1556 4923 1565 4948; x_wconf 77' lang='lat'>¹</span> <span class='ocrx_word' id='word_1_396' title='bbox 1591 4924 1703 4972; x_wconf 76' lang='lat' dir='ltr'><strong>Tanaitas</strong></span> <span class='ocrx_word' id='word_1_397' title='bbox 1732 4921 1803 4972; x_wconf 83' lang='lat' dir='ltr'><strong>llllS.</strong></span> <span class='ocrx_word' id='word_1_398' title='bbox 1829 4947 1857 4956; x_wconf 85' lang='lat'><strong>·-</strong></span> <span class='ocrx_word' id='word_1_399' title='bbox 1886 4919 1897 4947; x_wconf 86' lang='lat'>⁸</span> <span class='ocrx_word' id='word_1_400' title='bbox 1924 4921 2053 4970; x_wconf 79' lang='lat' dir='ltr'><strong>Stadueria</strong></span> 
     </span>
     <span class='ocr_line' id='line_1_37' title="bbox 471 5001 2052 5074; baseline 0.001 -19"><span class='ocrx_word' id='word_1_401' title='bbox 471 5011 503 5055; x_wconf 78' lang='lat' dir='ltr'><strong>tr&#39;o</strong></span> <span class='ocrx_word' id='word_1_402' title='bbox 517 5003 703 5056; x_wconf 57' lang='lat' dir='ltr'><strong>lim-&#39;Sic</strong></span> <span class='ocrx_word' id='word_1_403' title='bbox 717 5005 828 5055; x_wconf 58' lang='lat' dir='ltr'><strong>lla-Eat</strong></span> <span class='ocrx_word' id='word_1_404' title='bbox 845 5011 955 5068; x_wconf 78' lang='lat' dir='ltr'><strong>infima,</strong></span> <span class='ocrx_word' id='word_1_405' title='bbox 970 5012 1014 5058; x_wconf 67' lang='grc' dir='ltr'><strong>θαι·</strong></span> <span class='ocrx_word' id='word_1_406' title='bbox 1034 5023 1082 5057; x_wconf 81' lang='lat' dir='ltr'><strong>non</strong></span> <span class='ocrx_word' id='word_1_407' title='bbox 1103 5019 1164 5058; x_wconf 74' lang='lat' dir='ltr'><strong>erret</strong></span> <span class='ocrx_word' id='word_1_408' title='bbox 1179 5019 1243 5056; x_wconf 75' lang='lat' dir='ltr'><strong>noae</strong></span> <span class='ocrx_word' id='word_1_409' title='bbox 1276 5003 1347 5056; x_wconf 66' lang='lat' dir='ltr'><strong>llls.</strong></span> <span class='ocrx_word' id='word_1_410' title='bbox 1364 5031 1397 5044; x_wconf 87' lang='lat'><strong>·-</strong></span> <span class='ocrx_word' id='word_1_411' title='bbox 1414 5005 1425 5034; x_wconf 77' lang='lat'><strong>⁹</strong></span> <span class='ocrx_word' id='word_1_412' title='bbox 1441 5007 1523 5058; x_wconf 69' lang='lat' dir='ltr'><strong>Nostra·</strong></span> <span class='ocrx_word' id='word_1_413' title='bbox 1542 5021 1670 5074; x_wconf 70' lang='lat' dir='ltr'><strong>pmpmm</strong></span> <span class='ocrx_word' id='word_1_414' title='bbox 1692 5007 1781 5072; x_wconf 74' lang='lat' dir='ltr'><strong>legitur</strong></span> <span class='ocrx_word' id='word_1_415' title='bbox 1797 5006 1823 5055; x_wconf 89' lang='lat' dir='ltr'><strong>in</strong></span> <span class='ocrx_word' id='word_1_416' title='bbox 1842 5003 1912 5056; x_wconf 74' lang='lat' dir='ltr'><strong>laub.</strong></span> <span class='ocrx_word' id='word_1_417' title='bbox 1930 5013 1955 5054; x_wconf 76' lang='lat' dir='ltr'><strong>et</strong></span> <span class='ocrx_word' id='word_1_418' title='bbox 1973 5001 2052 5053; x_wconf 73' lang='lat' dir='ltr'><strong>haul.</strong></span> 
     </span>
     <span class='ocr_line' id='line_1_38' title="bbox 473 5089 1341 5159; baseline 0.003 -19"><span class='ocrx_word' id='word_1_419' title='bbox 473 5091 537 5140; x_wconf 77' lang='lat' dir='ltr'><strong>Edit.</strong></span> <span class='ocrx_word' id='word_1_420' title='bbox 553 5089 623 5140; x_wconf 77' lang='lat' dir='ltr'><strong>hmb.</strong></span> <span class='ocrx_word' id='word_1_421' title='bbox 639 5089 814 5140; x_wconf 76' lang='lat' dir='ltr'><strong>-‘Gorltttlt.</strong></span> <span class='ocrx_word' id='word_1_422' title='bbox 830 5093 856 5150; x_wconf 82' lang='lat' dir='ltr'><strong>t,</strong></span> <span class='ocrx_word' id='word_1_423' title='bbox 876 5107 923 5159; x_wconf 90' lang='lat' dir='ltr'><strong>cap</strong></span> <span class='ocrx_word' id='word_1_424' title='bbox 951 5092 1245 5153; x_wconf 56' lang='lat' dir='ltr'><strong>111,v.t.u⁸tnpe-</strong></span> <span class='ocrx_word' id='word_1_425' title='bbox 1279 5091 1341 5143; x_wconf 82' lang='lat' dir='ltr'><strong>Edd.</strong></span> 
     </span>
     <span class='ocr_line' id='line_1_39' title="bbox 469 5174 1246 5229; baseline 0.003 -3"><span class='ocrx_word' id='word_1_426' title='bbox 469 5191 537 5226; x_wconf 80' lang='lat' dir='ltr'><strong>crore</strong></span> <span class='ocrx_word' id='word_1_427' title='bbox 552 5191 619 5226; x_wconf 80' lang='lat' dir='ltr'><strong>verra</strong></span> <span class='ocrx_word' id='word_1_428' title='bbox 642 5174 713 5226; x_wconf 71' lang='lat' dir='ltr'><strong>RMS.</strong></span> <span class='ocrx_word' id='word_1_429' title='bbox 723 5202 756 5213; x_wconf 95' lang='lat'><em>-</em></span> <span class='ocrx_word' id='word_1_430' title='bbox 766 5175 776 5203; x_wconf 83' lang='lat'>⁸</span> <span class='ocrx_word' id='word_1_431' title='bbox 788 5175 828 5226; x_wconf 89' lang='lat' dir='ltr'><strong>Sic</strong></span> <span class='ocrx_word' id='word_1_432' title='bbox 845 5176 914 5226; x_wconf 80' lang='lat' dir='ltr'><strong>auu.</strong></span> <span class='ocrx_word' id='word_1_433' title='bbox 922 5203 939 5214; x_wconf 87' lang='lat'>-</span> <span class='ocrx_word' id='word_1_434' title='bbox 948 5178 1166 5229; x_wconf 73' lang='lat' dir='ltr'><strong>Consummaven&#39;nt</strong></span> <span class='ocrx_word' id='word_1_435' title='bbox 1176 5175 1246 5229; x_wconf 84' lang='lat' dir='ltr'><strong>deest</strong></span> 
     </span>
    </p>
   </div>
   <div class='ocr_carea' id='block_1_4' title="bbox 0 0 2269 6100">
    <p class='ocr_par' dir='ltr' id='par_1_4' title="bbox 0 0 2269 6100">
     <span class='ocr_line' id='line_1_40' title="bbox 0 0 2269 6100; baseline 0 0"><span class='ocrx_word' id='word_1_436' title='bbox 0 0 2269 6100; x_wconf 95' lang='lat' dir='ltr'><strong> </strong></span> 
     </span>
    </p>
   </div>
  </div>
 </body>
</html>
