4600 6098
944 629 1178 701 EPlSTOLAE.
1808 627 1847 698 9l

279 745 462 833 laudatum
480 764 662 836 inmitatis¹
681 788 765 835 aura
783 767 939 837 ventilet.
962 772 1074 839 Nemo
1100 769 1283 841 medicine
1304 768 1437 865 peritus
1460 767 1663 838 interiorem
1687 764 1852 838 morbum

281 905 323 950 ex
346 883 526 954 exterioris
547 882 688 954 habitus
711 885 929 983 inspectione
952 885 1133 981 dijudicat.
1156 888 1256 958 Nulla
1283 885 1457 984 quidquid
1479 885 1594 956 meriti
1617 883 1713 983 apud
1738 890 1852 956 Deum

281 999 462 1090 obtinent,
483 1027 562 1099 quae
580 1003 741 1102 reprobis
759 1029 857 1100 aeque
885 1020 924 1075 ut
951 1005 1068 1076 electis
1094 1007 1299 1077 communia
1322 1020 1415 1076 sunt.
1438 1009 1518 1075 Haec
1543 1019 1660 1076 autem
1685 1028 1727 1075 ea
1748 1019 1851 1094 sunt,

280 1146 358 1217 quae
380 1125 532 1194 exterius
555 1139 724 1220 aguntur,
744 1149 822 1221 quae
845 1123 932 1196 nulli
957 1140 1161 1196 sanctorum
1187 1141 1259 1196 tam
1283 1125 1440 1195 studiose
1465 1139 1656 1221 peragunt,
1681 1139 1854 1220 quantum

280 1239 483 1336 hypocritae.
509 1271 525 1308 n
542 1246 693 1312 Pravum
717 1256 771 1314 est
790 1267 854 1312 cor
879 1243 1057 1332 bominiS,
1087 1259 1122 1314 et
1146 1241 1370 1314 inscrutabile
1395 1243 1499 1312 etiam
1525 1269 1532 1311 :
1561 1243 1639 1338 quis
1665 1259 1855 1338 cognoscet

280 1357 405 1428 itlud’?
419 1387 437 1426 u
453 1365 515 1430 Et:
531 1364 648 1432 «Sunt
659 1361 722 1432 viae
736 1361 979 1458 hominisque
992 1363 1157 1434 videntur
1174 1376 1275 1434 rectae
1293 1389 1299 1431 :
1315 1360 1505 1431 novissima
1516 1375 1635 1430 autem
1643 1359 1735 1431 illius
1744 1360 1854 1432 dedu·

279 1492 365 1547 cunt
386 1477 433 1547 ad
454 1494 605 1550 mortem
616 1483 639 1547 ⁸.
658 1508 674 1544 u
690 1481 930 1550 Temerarium
948 1495 1001 1552 est
1020 1483 1054 1550 in
1074 1504 1118 1552 eo
1128 1479 1302 1576 judicium
1323 1477 1497 1565 bominis,
1518 1477 1615 1573 quod
1634 1475 1756 1549 divino
1780 1494 1853 1549 tan-

279 1607 354 1662 tum
383 1611 581 1666 reservatur
608 1597 773 1668 examini.
803 1597 905 1670 Unde
928 1614 963 1669 et
987 1600 1156 1698 scriptum
1174 1603 1265 1670 est⁸:
1286 1627 1303 1664 α
1319 1601 1369 1668 Ne
1394 1595 1590 1668 laudaveris
1615 1594 1798 1668 hominem
1816 1599 1853 1669 in

280 1713 362 1782 vita.
381 1741 399 1780 u
421 1718 471 1784 Ne
489 1729 575 1786 tunc
592 1714 755 1788 videlicet
771 1716 954 1788 bominem
968 1716 1111 1806 laudes,
1126 1718 1213 1788 dum
1232 1716 1413 1788 laudando
1425 1715 1539 1786 lacere
1552 1737 1626 1784 non
1640 1711 1853 1786 laudabilem

279 1847 391 1928 potes.
421 1835 533 1904 Tanto
560 1847 679 1905 autem
707 1835 793 1905 mihi
821 1851 880 1906 tua
905 1834 981 1906 laus
1005 1838 1041 1906 in
1067 1862 1124 1907 me
1149 1833 1381 1935 periculosior
1409 1847 1478 1923 est,
1500 1847 1634 1930 quanto
1651 1833 1804 1929 gratior:
1820 1851 1854 1906 et

280 1967 380 2022 tanto
397 1951 548 2048 amplius
566 1976 608 2024 en
625 1956 748 2050 capior
765 1969 800 2025 et
817 1955 987 2045 delector,
1004 1969 1138 2052 quanto
1156 1954 1306 2052 amplius
1322 1932 1390 2024 ¹tibi
1407 1977 1471 2052 per
1483 1953 1604 2022 omnia
1620 1951 1759 2048 plaeere
1777 1968 1855 2023 stu-

282 2069 364 2140 deo.
385 2071 500 2160 lime,
517 2070 685 2164 obsecro,
705 2097 846 2173 semper
863 2072 908 2144 de
927 2098 984 2144 me
1003 2073 1122 2172 potius
1143 2097 1251 2171 quam
1272 2069 1452 2161 confidas,
1469 2085 1509 2142 ut
1525 2085 1586 2141 tua
1604 2094 1744 2166 semper
1762 2068 1856 2141 solli·

281 2188 438 2260 citudine
454 2191 613 2286 adjuver.
637 2197 737 2264 Nunc
757 2217 843 2292 vero
861 2195 1037 2292 praecipue
1055 2193 1254 2266 timendum
1267 2208 1336 2281 est,
1354 2192 1415 2266 ubi
1434 2191 1573 2262 nullum
1595 2192 1858 2261 incontinentiae

281 2333 366 2380 mere
385 2325 543 2410 superest
561 2313 598 2384 in
617 2327 651 2386 te
670 2313 879 2386 remedium.
904 2313 994 2386 Nolo
1016 2338 1074 2386 me
1096 2312 1142 2384 ad
1164 2315 1330 2384 virtutem
1348 2312 1558 2400 exhortans,
1581 2308 1679 2380 etad
1701 2335 1858 2407 pugnam

279 2453 497 2525 provocans,
509 2432 627 2504 <licus⁸
643 2461 651 2502 ι
667 2465 684 2500 «
700 2436 788 2504 Nam
802 2435 913 2504 virtus
924 2435 961 2503 in
976 2431 1178 2504 infirmitate
1191 2431 1385 2530 perficitur,
1401 2459 1418 2497 u
1434 2433 1487 2501 et⁰
1502 2460 1519 2498 u
1536 2434 1613 2499 Non
1628 2428 1858 2500 coronabitur

279 2551 345 2620 nisi
359 2553 422 2646 qui
434 2551 588 2648 legitime
601 2553 798 2624 certaverit.
814 2579 831 2618 u
848 2557 927 2623 Non
942 2576 1062 2650 quaero
1081 2575 1253 2623 coronam
1267 2553 1431 2624 victoriae.
1449 2549 1537 2620 Satis
1551 2562 1604 2619 est
1621 2547 1709 2619 mihi
1722 2549 1858 2646 pericu-

279 2667 353 2739 lum
373 2671 514 2740 evitare.
539 2671 661 2742 Tutius
683 2671 834 2741 evitatur
851 2671 1066 2768 periculum,
1088 2693 1195 2767 quam
1215 2669 1447 2740 committitur
1463 2665 1607 2738 bellum.
1633 2669 1857 2763 Quocunque

280 2812 337 2859 me
355 2787 485 2884 angulo
511 2789 589 2860 coeli
612 2793 707 2861 Deus
725 2789 897 2878 collocet,
923 2792 1005 2862 satis
1026 2787 1113 2860 mihi
1130 2789 1243 2860 faciet.
1262 2787 1384 2860 Nullus
1402 2786 1451 2858 ibi
1472 2787 1638 2883 cuiquam
1662 2783 1853 2874 invidebit,

280 2929 392 3002 quum
425 2907 568 3004 singulis
599 2908 697 3004 quod
727 2908 912 2979 habebunt
941 2907 1126 2980 suffecerit.
1161 2907 1226 2978 Cui
1253 2907 1399 3002 quidem
1426 2903 1573 2976 consilio
1602 2917 1725 2974 nostro
1751 2918 1791 2972 ut
1813 2928 1855 2973 ex

281 3028 488 3098 auctoritate
505 3051 648 3124 quoque
665 3025 776 3097 robur
793 3027 1002 3124 adjungam,
1019 3027 1162 3098 beatum
1177 3025 1362 3096 audiamus
1376 3023 1652 3119 Hieronymum'
1669 3047 1676 3089 :
1696 3049 1713 3086 α
1731 3025 1856 3091 Fateor

283 3145 556 3218 imbecillitatem
580 3170 717 3236 meam,
738 3147 824 3218 nolo
838 3173 901 3245 spe
920 3147 1076 3220 victoriae
1097 3171 1277 3243 pugnare,
1301 3170 1346 3216 ne
1366 3143 1514 3242 perdam
1536 3141 1727 3238 aliquando
1745 3141 1855 3212 victo-

282 3267 382 3336 riam.
404 3293 421 3330 η
440 3265 536 3352 Quid
553 3291 694 3338 necesse
712 3281 765 3337 est
783 3281 878 3338 centa
896 3265 1094 3358 dimittere,
1116 3282 1151 3339 et
1168 3269 1302 3336 incerto
1323 3263 1468 3334 sectari?

316 3502 454 3555 'struens
475 3503 545 3556 ΒΙΒ.
566 3533 594 3544 -
612 3506 622 3534 ¹
642 3509 741 3562 Im..
767 3523 823 3573 etp.
847 3523 911 3568 xm,
931 3525 954 3558 v.
977 3511 1002 3558 ll.
1020 3533 1050 3544 -
1084 3499 1851 3569 'eoml.tt‚up.1n‚v.9.-·menapum.

283 3587 790 3656 ’trov.,erp.m,v.12.-⁴ucett.,
809 3607 910 3658 cap-rr,
929 3596 1053 3646 v.to.-
1086 3593 1223 3656 -'opp.,
1236 3601 1254 3642 t.
1267 3590 1345 3656 lV,p.
1358 3589 1415 3638 288.
