4486 6100
556 631 645 704 CUM
673 634 798 706 PE'llll
826 633 1056 707 ABAELtttttt
1082 634 1404 708 sonunomntts.
1700 631 1771 705 275

196 777 338 874 pleatis,
355 777 420 848 nisi
436 779 580 877 insuper
594 777 728 877 aliquid
747 777 863 872 gratiae
883 775 1010 848 debitis
1031 777 1247 881 adjungatis,
1264 779 1354 849 sicut
1365 776 1415 848 illi
1429 777 1581 866 faciunt,
1597 776 1659 872 qui
1673 777 1773 871 virgi·

195 896 370 990 nitativel
387 901 612 972 continentiae
637 899 798 986 student,
821 900 942 969 virtuti
963 923 1188 996 nequaquam
1206 899 1272 970 sub
1290 914 1467 998 praecepto
1492 898 1770 997 compreliensae.

195 1017 356 1114 Denique
380 1043 446 1089 nec
464 1019 523 1090 illa
545 1018 717 1118 beneficia
740 1018 927 1116 gentilibus
958 1019 1111 1116 praestita
1140 1034 1212 1091 tam
1239 1021 1365 1092 missus
1393 1019 1505 1091 lacere
1523 1021 1637 1107 venit,
1667 1041 1775 1116 quam

196 1137 382 1226 invitatus,
398 1153 432 1209 et
452 1143 552 1237 quasi
564 1139 729 1238 precibus
749 1139 792 1211 nd
818 1137 893 1210 haac
911 1137 1048 1235 agenda
1071 1155 1214 1212 tractus.
1240 1138 1349 1227 Quod
1362 1163 1447 1210 vero
1465 1139 1534 1210 illis
1557 1139 1777 1253 predicatio·

198 1281 280 1328 nem
293 1257 486 1348 subtraxit,
501 1283 593 1355 quos
605 1258 650 1330 ad
663 1259 908 1357 poenitentiam
918 1259 968 1328 sic
982 1259 1085 1330 luisse
1096 1259 1358 1331 convertendos
1369 1274 1527 1349 testatur,
1550 1263 1777 1357 nequaquam

198 1377 447 1476 cogimurper
468 1377 540 1448 hoc
566 1378 666 1450 lateri
688 1401 751 1450 eos
774 1380 807 1448 in
840 1377 907 1450 hac
931 1380 1138 1476 poenitentia
1161 1394 1448 1478 perseveraturos
1477 1394 1517 1451 ut
1545 1379 1774 1452 salvarentur.

199 1496 300 1568 lllulti
316 1497 450 1595 quippe
462 1497 557 1570 leves
572 1511 655 1568 sunt
674 1497 856 1586 homines,
870 1499 931 1594 qui
950 1499 995 1570 ad
1007 1500 1222 1596 poenitentiae
1233 1501 1548 1598 compunctionem
1567 1499 1668 1571 facile
1686 1525 1780 1571 com·

171 1651 174 1658 ⁴
199 1631 400 1703 moventur,
415 1633 450 1688 et
468 1616 594 1688 eadem
608 1617 789 1706 facilitate,
808 1618 909 1715 quasi
932 1617 978 1689 ad
994 1619 1167 1690 vomitum
1187 1635 1422 1709 revertentes,
1444 1621 1479 1691 iu
1495 1618 1607 1708 mala,
1629 1644 1707 1714 quae
1721 1621 1781 1692 lle·

198 1751 341 1822 verant,
362 1735 592 1808 relabuntur:
612 1751 646 1808 et
659 1761 772 1834 quum
789 1739 950 1809 auditutn
972 1739 1120 1810 verbum
1143 1739 1403 1837 praedicationis
1415 1740 1519 1812 avide
1540 1742 1778 1838 susceperint,

199 1855 402 1927 firmitatem
423 1879 495 1927 non
521 1855 654 1928 hebent
668 1856 817 1947 radicis,
842 1873 880 1928 ut
903 1861 939 1928 in
959 1883 1003 1930 eo
1026 1875 1270 1957 perseverent,
1296 1861 1394 1956 quod
1416 1862 1600 1959 coeperint.
1623 1861 1730 1948 Quod
1754 1864 1782 1932 si

199 1977 307 2046 etiam
327 2001 505 2073 ponamus
526 1977 604 2047 illos
628 1977 674 2048 ad
693 1978 979 2075 praedicationem
1011 1981 1155 2050 Domini
1182 1979 1288 2052 luisse
1309 1981 1572 2053 convertendos
1594 1997 1700 2079 atque
1718 1981 1783 2052 sal-

200 2096 362 2186 vandos,
383 2097 513 2194 quibus
542 2113 661 2169 tamen
688 2097 950 2195 praedicationis
975 2101 1122 2196 gratiam
1140 2099 1312 2172 subtraxit
1330 2129 1337 2169 :
1356 2063 1466 2199 pines
1484 2103 1601 2200 ipsum
1626 2118 1699 2191 est,
1721 2127 1785 2174 cur

201 2214 273 2288 hoc
291 2217 405 2288 facere
420 2241 494 2290 non
514 2215 727 2306 decreverit,
743 2219 805 2315 qui
824 2218 917 2290 nihil·
933 2221 1009 2290 sine
1031 2221 1168 2292 ratione
1188 2220 1291 2310 iacit3
1310 2223 1402 2293 sicut
1423 2221 1468 2293 de
1494 2226 1600 2308 Esau,
1625 2224 1683 2294 cui
1707 2222 1786 2293 sub-

200 2351 311 2407 tracta
326 2348 378 2407 est
391 2339 520 2433 gratia,
537 2339 769 2435 quaestionem
788 2338 974 2436 Apostolus
993 2341 1121 2428 movit,
1139 2356 1173 2411 et
1187 2367 1266 2412 eam
1280 2341 1512 2413 indiscussam
1531 2343 1683 2440 reliquit.

746 2552 927 2600 Pronum
952 2551 1117 2622 Hunotssffi
1143 2555 1239 2600 XXVl.

252 2693 492 2780 Quaerendum
507 2693 613 2762 etiam
628 2692 780 2780 videtur,
801 2715 875 2789 quo
896 2695 1080 2788 mysterio,
1106 2694 1161 2765 vel
1178 2717 1249 2790 qua
1275 2679 1411 2764 ratione
1437 2695 1612 2764 Dominus
1634 2696 1668 2764 in
1691 2693 1788 2764 ficul-

204 2835 273 2884 nea
287 2835 448 2908 quaerens
462 2813 635 2900 fructum,
652 2827 690 2882 et
704 2837 778 2882 non
799 2814 1001 2902 inveniens,
1022 2813 1191 2911 qnando,
1209 2828 1248 2884 ut
1260 2817 1397 2884 Marcus
1416 2815 1479 2884 ait¹
1495 2867 1503 2899 ,
1520 2838 1594 2884 non
1612 2829 1687 2884 erut
1699 2829 1788 2885 tem·

204 2954 272 3030 pus
284 2930 453 3021 ficorum,
479 2933 557 3004 eam
573 2948 690 3004 tamen
710 2957 771 3004 sna
786 2933 1035 3005 maledictione
1046 2959 1250 3031 percussam
1267 2935 1440 3006 continuo
1454 2934 1569 3006 effecit
1583 2935 1736 3022 aridam,
1751 2949 1790 3006 ut

204 3053 376 3152 deinceps
389 3053 540 3126 arelacta
553 3069 796 3152 permaneret,
818 3069 1048 3154 tunquamex
1066 3055 1171 3153 culpa
1192 3069 1407 3152 quacunque
1430 3054 1582 3143 arboris,
1605 3055 1698 3126 hanc
1717 3078 1789 3126 ma·

202 3174 434 3246 ledictionem
451 3176 488 3244 in
508 3199 587 3245 eam
602 3175 808 3246 intorsisset.
897 3271 900 3280 Ι

786 3338 787 3344 ¹
823 3365 957 3436 Solutt‘o
975 3364 1168 3437 Abaelurda'.

260 3531 387 3619 Arbor,
409 3533 484 3602 sinc
499 3532 614 3602 lructu
629 3545 787 3628 reperta,
813 3529 931 3600 iudaea
950 3545 1002 3600 est
1019 3555 1086 3627 pro
1108 3555 1170 3600 sua
1190 3531 1345 3627 nequitia
1364 3547 1450 3602 tunc
1468 3557 1487 3602 a
1503 3533 1658 3602 Domino
1672 3555 1794 3628 repro·

203 3651 309 3740 lanta,
331 3651 470 3722 utboni
488 3653 606 3750 operis
621 3652 735 3754 lpuctu
754 3641 884 3748 privari
909 3665 1114 3740 mereretur,
1141 3642 1366 3749 nequaquam
1386 3675 1644 3748 recognoscens
1662 3675 1732 3721 suae
1745 3651 1795 3718 vi·

203 3773 383 3844 sitationis
408 3788 560 3873 tempus.
585 3773 698 3869 Culpa
719 3785 836 3844 autem
859 3772 933 3866 ejus
951 3770 1096 3859 accidit,
1119 3772 1219 3867 quod
1248 3788 1334 3843 tunc
1356 3788 1496 3871 tempus
1520 3773 1697 3843 fructuum
1719 3771 1794 3866 ejus

202 3919 288 3966 non
299 3894 398 3966 luerit
410 3923 418 3965 ι
430 3894 577 3993 quaudo
588 3893 751 3966 videlicet
764 3891 953 3999 dominicae
965 3891 1225 3990 predicationis
1238 3895 1384 3989 gratiam
1399 3893 1466 3964 sibi
1479 3892 1636 3986 oblatam
1650 3891 1790 3990 repulit.

748 4105 928 4152 PROBLEMA
954 4103 1120 4151 HELOlSSAE
1148 4104 1256 4149 xxvlt.

258 4243 358 4332 Quid
375 4247 456 4334 est’,
476 4275 493 4312 a
508 4246 622 4316 oratio
640 4245 716 4340 ejus
733 4243 793 4315 fiat
807 4245 842 4315 in
859 4243 1099 4341 peccatumla

826 4427 959 4498 Salutio
984 4379 1180 4498 Alaelardrs

257 4605 318 4672 lta
334 4603 370 4672 in
394 4602 587 4699 reprobum
606 4626 749 4674 sensum
767 4600 947 4689 tradatur,
975 4615 1013 4672 ut
1036 4601 1147 4696 magis
1168 4599 1271 4696 eligat
1295 4623 1397 4670 orare
1415 4597 1559 4698 nociva,
1582 4622 1690 4693 quam
1715 4621 1797 4696 pro·

193 4721 353 4807 flatura,
370 4735 405 4792 et
423 4720 584 4793 obtinere
610 4719 773 4820 precibus
793 4743 851 4808 ea,
872 4743 950 4815 quae
968 4719 1016 4790 ad
1033 4733 1217 4816 peccatum
1243 4719 1353 4814 magis
1374 4717 1599 4816 pertrahant,
1622 4741 1731 4814 quarn
1751 4717 1797 4788 ad

188 4839 368 4912 salutem
381 4841 590 4939 perducant.

231 5085 242 5110 ⁸
270 5081 370 5144 Uare,
383 5099 437 5149 cap.
452 5100 490 5146 xi,
501 5100 523 5132 r.
540 5085 580 5132 tt.
591 5107 617 5118 -
636 5079 645 5106 ¹
661 5081 748 5132 Psalm.
761 5096 866 5142 ctur,r.
880 5082 903 5128 l.
