4588 6106
483 604 552 673 178
585 603 586 608 ’
916 608 1043 678 PETRI
1072 607 1302 678 xnAEmnnt
1329 607 1384 676 ET
1408 606 1635 678 HELOlSSAE

481 743 591 832 tibus,
621 743 676 816 vel
705 743 920 841 quibuslibet
948 747 1238 837 advenientibus,
1264 762 1295 818 et
1322 747 1368 818 de
1388 749 1430 818 iis
1456 745 1663 818 nuntiandis
1686 743 1740 815 vel
1761 742 1984 816 adducendis
2005 742 2065 815 ubi

481 877 665 961 oporteat,
684 863 777 938 etde
795 888 881 936 cura
898 866 1157 966 hospitalitatis,
1176 871 1276 940 Hane
1289 882 1390 940 aetate
1408 882 1443 938 et
1455 881 1575 936 mente
1588 864 1775 936 discretam
1791 888 1867 935 esse
1882 864 2063 952 convenit,

481 998 519 1054 ut
536 985 621 1054 sciat
636 984 795 1082 accipere
817 1009 1028 1084 responsum
1045 1003 1084 1060 et
1102 986 1277 1076 reddere,
1296 1002 1331 1059 et
1349 988 1411 1084 qui
1429 985 1484 1060 vel
1504 984 1655 1082 qualiter
1672 982 1888 1081 suscipiendi
1904 983 1996 1072 sint,
2021 1007 2066 1052 art

482 1127 555 1174 non
574 1103 667 1192 sint,
688 1103 895 1200 dijudicare.
917 1111 968 1178 Ex
991 1133 1063 1205 qna
1085 1109 1239 1180 maxime
1261 1124 1430 1205 tauquam
1445 1133 1488 1178 ex
1500 1104 1674 1178 vestibulo
1691 1105 1837 1176 Domini
1862 1104 2066 1200 religionem

481 1225 686 1295 monasterii
704 1225 867 1298 decorari
884 1245 1046 1327 oportet,
1063 1257 1177 1328 quum
1195 1229 1240 1302 ab
1259 1232 1334 1328 ipsa
1353 1230 1427 1325 ejus
1446 1229 1571 1300 notitia
1584 1227 1739 1326 incipiat.
1757 1229 1808 1298 Sit
1821 1228 1926 1322 igitur
1937 1225 2066 1298 blanda

481 1341 620 1433 verbis,
640 1345 734 1416 mitis
758 1345 939 1444 alloquio,
971 1365 1010 1420 ut
1032 1353 1067 1420 in
1094 1349 1150 1421 his
1172 1375 1318 1447 qnoque
1340 1375 1431 1447 quos
1454 1348 1662 1436 excluserit,
1688 1347 1915 1418 convenienti
1931 1344 2066 1418 reddita

482 1461 618 1534 ratione
637 1463 846 1538 charitatem
872 1468 1012 1540 studeat
1040 1468 1340 1542 aedifica1·e.llinc
1366 1469 1462 1539 enim
1492 1469 1665 1566 scriptum
1690 1471 1764 1538 est²
1795 1493 1803 1536 ε
1836 1465 2067 1562 «Responsio

483 1578 599 1651 mollis
618 1581 743 1680 frangit
762 1585 875 1675 iram,
897 1612 1014 1659 sermo
1033 1589 1144 1660 dttrus
1160 1589 1305 1660 suscitat
1322 1587 1491 1660 furorem.
1513 1616 1530 1655 u
1556 1591 1599 1668 Et
1612 1585 1741 1658 alibi²:
1761 1616 1778 1654 a
1795 1584 1952 1656 Verbum
1965 1582 2067 1654 dulce

484 1700 696 1798 multiplicat
711 1706 864 1792 amicos,
887 1723 922 1777 et
941 1709 1075 1804 mitigat
1093 1708 1268 1780 inimicos.
1287 1737 1305 1777 n
1328 1713 1407 1807 lpse
1425 1732 1570 1805 quoque
1584 1707 1709 1805 saepius
1727 1730 1901 1804 pauperes
1919 1703 2064 1794 videns,

435 1887 438 1896 ,
485 1819 682 1917 meliusque
691 1847 923 1919 cognoscens,
935 1829 1043 1924 siqua
1057 1829 1107 1899 eis
1120 1828 1166 1899 de
1181 1828 1268 1900 cibis
1283 1843 1345 1899 aut
1355 1828 1573 1900 vestimentis
1587 1825 1831 1898 distribuenda
1845 1839 1940 1912 sunt,
1957 1823 2068 1896 distri·

484 1939 593 2011 huet:
614 1955 687 2012 tam
708 1942 784 2039 ipsa
804 1968 1019 2043 veroquam
1041 1963 1174 2020 caeterse
1188 1947 1376 2037 officiales,
1404 1948 1434 2018 si
1458 1947 1625 2043 suffragio
1648 1944 1705 2016 vel
1726 1944 1852 2016 solatio
1872 1944 2069 2042 aliquarum

486 2061 666 2157 eguerint,
697 2061 828 2134 dentur
854 2066 905 2136 eis
931 2066 1168 2140 adiaeonissa
1185 2069 1333 2140 vicariae.
1360 2072 1457 2155 Quas
1478 2069 1656 2168 praecipue
1673 2065 1719 2138 de
1738 2066 1918 2136 conversis
1940 2068 2070 2136 assumi

486 2183 675 2272 convenit,
695 2183 875 2281 nealiqua
892 2211 1050 2284 unquam
1074 2188 1283 2259 monialium
1308 2189 1438 2259 divinis
1460 2187 1551 2258 desit
1577 2186 1722 2274 ciliciis,
1749 2185 1821 2256 sive
1839 2184 1995 2283 capitulo
2017 2185 2071 2256 vel

487 2299 686 2372 refectorio.
704 2303 969 2376 Domunculam
980 2305 1080 2401 juxta
1092 2320 1235 2405 portam
1247 2306 1398 2392 habeat,
1419 2307 1457 2378 in
1471 2331 1543 2403 qua
1555 2309 1632 2404 ipsa
1645 2305 1700 2376 vel
1714 2304 1792 2399 ejus
1804 2304 1932 2374 vicaria
1945 2318 2071 2401 presto

487 2421 527 2490 sit
547 2445 688 2519 semper
700 2421 992 2514 advenientibus,
1021 2426 1082 2497 ubi
1099 2427 1205 2498 etiam
1225 2427 1347 2498 otiosae
1370 2452 1445 2498 non
1464 2439 1654 2514 maneant,
1675 2440 1710 2497 et
1737 2439 1836 2496 tanto
1860 2423 2013 2521 amplius
2030 2425 2072 2494 si-

489 2539 597 2610 lentio
621 2540 811 2630 studeant,
832 2559 968 2640 quanto
986 2569 1108 2616 earnm
1128 2545 1324 2641 loquacitas
1351 2546 1407 2618 his
1429 2570 1575 2642 quoque
1597 2545 1660 2642 qui
1681 2540 1782 2616 'extra
1808 2558 1911 2633 sunt,
1939 2541 2073 2614 facilius

486 2673 606 2756 potest
622 2659 857 2735 innotescere.
885 2663 998 2763 Ipsius
1026 2664 1185 2763 prolecto
1205 2680 1259 2736 est
1281 2691 1356 2736 non
1376 2665 1493 2736 solum
1512 2663 1699 2752 homines,
1722 2687 1814 2760 quos
1831 2677 1996 2760 oportet,
2024 2687 2074 2734 ar-

488 2803 588 2868 cere;
608 2782 842 2854 verumetiam
863 2807 1026 2855 rumores
1051 2784 1192 2883 penitus
1217 2784 1423 2866 excludere,
1446 2810 1492 2856 ne
1510 2784 1557 2856 ad
1579 2800 1798 2856 conventum
1818 2796 1951 2852 temere
1974 2781 2071 2853 dele-

487 2915 622 2990 rantur,
639 2915 675 2972 et
689 2900 734 2972 ab
748 2902 823 2998 ipsa
837 2915 891 2972 est
904 2903 1118 2999 exigendum
1130 2904 1304 3002 quidquid
1319 2905 1356 2976 in
1370 2904 1440 2976 hoc
1452 2928 1598 3001 quoque
1613 2903 1716 2975 fuerit
1728 2927 1924 2974 excessum.
1940 2901 2073 2999 Siquid

489 3045 573 3092 vero
587 3021 738 3092 audierit
756 3021 855 3118 quod
873 3024 963 3094 scitu
981 3049 1073 3122 opus
1092 3024 1160 3114 sit,
1184 3025 1231 3096 ad
1249 3025 1486 3097 diaconissam
1505 3038 1640 3096 secreto
1662 3025 1810 3110 referet,
1832 3037 1873 3100 nt
1884 3023 1958 3120 ipsa
1970 3035 2073 3120 super

488 3142 578 3229 boc,
604 3142 633 3211 si
650 3139 786 3238 placet.
807 3141 991 3214 deliberet.
1013 3147 1095 3214 Mox
1124 3159 1242 3216 autem
1270 3159 1310 3216 ut
1332 3145 1379 3216 ad
1401 3160 1542 3242 portam
1564 3143 1744 3241 pulsatum
1767 3142 1825 3214 vel
1846 3142 2073 3214 inclamatum

490 3261 613 3350 luerit,
635 3285 712 3356 quae
725 3275 853 3357 praesto
873 3276 925 3332 est
943 3277 1075 3358 quaerat
1093 3287 1114 3332 a
1136 3263 1468 3359 supervenientibus
1482 3264 1544 3361 qui
1556 3265 1647 3352 sint,
1668 3276 1730 3334 aut
1747 3262 1835 3360 quid
1848 3262 1976 3352 velint,
1993 3285 2073 3360 por·

492 3395 648 3478 tamque,
663 3380 691 3450 si
704 3381 917 3476 oportuerit,
933 3381 1052 3452 statim
1064 3383 1210 3478 aperiat,
1232 3399 1272 3454 ut
1285 3382 1513 3456 advenientes
1526 3385 1705 3482 suscipiat.
1717 3382 1817 3454 Solas
1829 3383 1963 3481 quippe
1977 3382 2073 3454 lemi-

492 3525 555 3570 nas
580 3501 674 3572 intus
697 3493 869 3597 hospitari
893 3499 1022 3572 licebit.
1044 3503 1119 3572 Viri
1145 3517 1265 3573 autem
1290 3503 1335 3574 ad
1363 3504 1561 3576 monachos
1582 3503 1790 3601 dirigentur.
1818 3501 1943 3574 Nullus
1960 3505 2074 3599 itaque

491 3621 608 3717 aliqua
626 3619 673 3690 de
696 3643 800 3691 causa
815 3620 910 3690 intus
923 3619 1152 3709 admittetur,
1175 3623 1242 3692 nisi
1264 3621 1427 3694 consulta
1450 3625 1548 3721 prius
1565 3638 1602 3694 et
1615 3624 1764 3720 jubente
1783 3622 1994 3716 diaconissa.
2014 3627 2074 3693 Fe·

494 3741 598 3814 minis
610 3756 729 3812 autem
741 3740 857 3810 statim
870 3738 1005 3838 patebit
1018 3742 1192 3814 introitus.
1210 3745 1491 3841 Susceptasvero
1504 3742 1665 3832 feminas,
1680 3769 1742 3816 seu
1757 3746 1852 3816 viros
1864 3765 2076 3840 quacunque

493 3863 680 3934 occasione
698 3863 919 3932 introeuntes
936 3862 1093 3958 portaria
1106 3863 1142 3934 in
1156 3862 1283 3934 cellula
1297 3888 1517 3960 suapausare
1528 3867 1552 3953 ⁸,
1571 3865 1695 3954 faciet,
1715 3865 1833 3938 donec
1846 3890 1867 3936 a
1880 3863 2076 3936 diaconissa

495 3981 548 4054 vel
567 3980 775 4068 sororibus,
793 3979 822 4050 si
840 3981 1079 4053 necessarium
1105 3996 1159 4054 est
1176 3983 1232 4054 vel
1253 3998 1519 4081 opportunum,
1549 3985 1599 4056 eis
1618 3999 1836 4058 occurratur.
1861 3983 2076 4080 Pauperibus

496 4126 579 4174 vero
601 4126 680 4199 qnae
707 4100 889 4172 ablutione
911 4102 1045 4200 pedum
1066 4102 1247 4200 indigent,
1275 4103 1368 4176 hanc
1390 4129 1536 4201 quoque
1560 4105 1807 4204 hospitalitatis
1832 4105 1981 4202 gratiam
2003 4104 2076 4202 ipsa

493 4223 692 4294 diaconissa
712 4245 775 4291 sen
793 4245 936 4292 sorores
957 4221 1145 4319 diligenter
1167 4221 1368 4295 exhibeant.
1391 4227 1480 4296 Nam
1499 4239 1534 4296 et
1554 4226 1741 4322 Apostolus
1754 4252 1797 4298 ex
1811 4225 1881 4296 boe
1902 4223 2077 4322 precipue

492 4341 722 4413 humanitatis
736 4339 909 4438 obsequio
924 4341 1039 4414 dictus
1053 4356 1106 4414 est
1125 4343 1308 4416 diaconus
1325 4344 1424 4417 Sicut
1441 4345 1478 4416 in
1493 4347 1584 4416 Vitis
1596 4371 1742 4443 quoque
1759 4352 1910 4416 Petrum
1932 4342 2076 4441 quidam

493 4467 653 4565 ipsorum
676 4464 859 4554 meminit,
886 4463 1031 4538 dicens*
1055 4493 1063 4536 :
1089 4470 1274 4563 «Propter
1293 4480 1329 4539 te
1344 4466 1457 4540 homo
1476 4467 1629 4540 salvator
1646 4469 1757 4540 lactus
1776 4469 1969 4556 diaeonus,
1993 4489 2078 4564 pne·

494 4586 638 4680 cmgens
652 4608 690 4656 se
703 4583 829 4673 linteo,
846 4584 931 4656 lavit
942 4583 1052 4683 pedes
1066 4583 1338 4682 discipulorum,
1352 4587 1562 4685 praecipiens
1575 4589 1624 4660 eis
1636 4589 1784 4662 fratrum
1797 4587 1908 4686 pedes
1922 4587 2076 4658 lavare.»

497 4704 585 4774 Hinc
600 4704 789 4801 Apostolus
803 4705 850 4776 de
863 4704 1062 4775 diaconissa
1080 4705 1263 4794 meminit,
1282 4706 1426 4778 dicens‘
1444 4736 1451 4778 :
1475 4739 1492 4775 a
1508 4710 1544 4780 Si
1557 4709 1710 4808 hospitio
1726 4710 1881 4806 recepit,
1897 4707 1926 4779 si
1938 4719 2078 4778 sancto·

495 4847 573 4894 rum
589 4823 700 4918 pedes
711 4824 807 4895 lauit.
829 4854 845 4891 u
870 4827 914 4894 Et
931 4825 1007 4920 ipse
1024 4825 1199 4897 Dominus
1217 4852 1224 4894 :
1250 4855 1267 4892 a
1283 4831 1440 4924 Hospes,
1460 4857 1478 4896 u
1502 4829 1618 4926 inquit
1630 4833 1659 4918 ⁸,
1679 4860 1696 4896 a
1712 4853 1827 4917 eram,
1843 4843 1879 4900 et
1892 4825 2079 4922 collegistis

529 5133 537 5159 ⁸
556 5137 642 5194 Pron,
656 5151 711 5202 cap.
726 5153 767 5194 xv,
784 5153 806 5186 v.
826 5143 890 5188 1.-
903 5135 1014 5198 'Eccli.,
1035 5155 1090 5206 cap.
1109 5156 1148 5198 rr,
1166 5155 1188 5187 v.
1211 5140 1235 5189 b.
1250 5166 1275 5175 -
1290 5101 1419 5198 ‘noi-crs,
1437 5139 1507 5190 ans.
1522 5165 1549 5174 —
1565 5139 1575 5165 ⁶
1594 5141 1638 5192 tn.
1664 5143 1779 5198 Panum,
1799 5139 1842 5190 tib.
1862 5137 1911 5196 l'l,
1934 5153 1959 5202 p.
1980 5137 2037 5188 658.
2048 5162 2080 5174 -

497 5225 512 5247 ³·
522 5223 622 5274 limosis.
637 5225 662 5282 l,
675 5239 730 5290 cap.
745 5241 768 5284 r,
781 5241 803 5276 v.
820 5229 895 5275 10.-
907 5225 916 5252 ⁸
926 5227 1022 5290 ttanh,
1033 5243 1087 5293 cap.
1101 5243 1159 5288 ur,
1174 5243 1196 5277 v.
1213 5227 1253 5277 ³5.
