4496 6102
422 545 494 618 436
1020 557 1150 630 PETRI
1176 559 1409 632 ABAELARDl

424 691 467 760 Et
482 713 555 761 non
576 691 714 764 sinebat
731 708 770 765 ut
787 695 976 793 quisquam
995 698 1200 771 transferret
1216 722 1358 799 vesper
1374 698 1560 798 ternplum.
1578 704 1621 771 Et
1634 723 1748 798 quum
1761 725 1908 800 vespera
1923 705 2010 776 facta

424 826 531 898 esset,
551 811 857 910 egrediebatur-de
875 816 1060 889 civitate.»
1077 823 1121 891 Et
1137 819 1223 890 abiit
1240 845 1382 892 rursum
1398 820 1435 891 in
1450 820 1675 910 bethaniam,
1692 821 1784 892 sicut
1800 821 1905 894 refert
1924 827 2011 895 Mat·

357 972 362 984 ·
423 928 551 1019 thaeus,
571 931 692 1029 ibique
706 937 847 1008 mansit.
870 939 913 1008 Et
928 937 1003 1010 haec
1017 940 1173 1012 secunda
1188 939 1246 1012 die
1259 964 1280 1012 a
1294 939 1412 1012 hamis
1426 939 1646 1030 Palmarum,
1661 940 1734 1013 hoc
1752 956 1804 1013 est
1818 941 1876 1012 die
1890 947 2009 1033 Lnnae,

422 1053 512 1123 sicut
527 1056 667 1128 Marcus
683 1055 823 1147 scribit,
842 1074 938 1156 gesta
952 1060 1107 1133 fuerunt.
1122 1060 1218 1149 Quid
1229 1075 1304 1153 est,
1319 1061 1475 1134 Domine
1488 1067 1589 1153 Jesu,
1605 1061 1706 1160 quod
1718 1064 1877 1135 esuriens
1890 1089 2009 1156 mane,

422 1171 542 1242 cibum
560 1174 687 1270 quaeris
706 1176 743 1246 in
763 1175 913 1269 arbore,
933 1205 1042 1276 quem
1058 1206 1130 1280 prae
1149 1181 1317 1254 omnibus
1333 1196 1473 1254 constat
1490 1207 1567 1256 esse
1585 1183 1729 1255 solitum
1744 1182 1932 1280 jejunare?
1946 1187 2012 1256 Ne·

423 1293 556 1365 minem
576 1295 834 1396 discipulorum
850 1299 999 1395 legimns
1015 1316 1101 1373 tunc
1119 1303 1272 1392 esurire,
1291 1301 1356 1374 sed
1372 1315 1408 1374 te
1427 1301 1556 1374 solum.
1578 1301 1800 1374 Ministrabas
1817 1302 1894 1374 aliis
1914 1305 2012 1401 qnod

423 1413 486 1486 tibi
505 1441 602 1490 nunc
620 1419 843 1530 indulgebas:
857 1422 1003 1518 Jejunus
1022 1423 1097 1496 aliis
1115 1421 1355 1514 ministrabas,
1376 1438 1412 1496 et
1428 1425 1587 1496 esuriens
1605 1422 1799 1523 discipulos
1816 1423 2011 1512 reficiebas,

423 1541 485 1637 qui
511 1541 711 1614 ministrare
736 1567 906 1634 veneras,
936 1569 1011 1616 non
1038 1546 1241 1617 ministrari.
1271 1549 1447 1644 Pauperes
1470 1536 1653 1635 fortassis,
1678 1545 1744 1616 etsi
1768 1561 2010 1643 spontaneos,

422 1655 598 1731 habueras
621 1657 792 1758 hospites.
822 1664 979 1735 Nimium
1001 1665 1188 1763 reputasti,
1214 1664 1314 1762 quod
1337 1663 1433 1762 larga
1458 1689 1583 1736 eorum
1609 1679 1799 1763 paupertas
1824 1663 2014 1764 discipulos

422 1779 554 1851 refecit.
584 1781 775 1878 Pepercisti
793 1783 963 1884 impensae
985 1785 1082 1858 solus
1107 1784 1344 1877 abstinendo,
1364 1809 1432 1886 pro
1453 1811 1527 1883 quo
1548 1786 1712 1883 imPensa
1734 1787 1856 1858 omnia
1878 1802 2015 1858 constat

297 1905 301 1914 “
423 1923 511 1972 esse.
528 1898 655 1972 Cibum
673 1905 822 2000 requiris
839 1905 876 1976 in
895 1905 1046 1996 arbore,
1067 1931 1175 2003 quem
1193 1920 1320 1978 natura
1337 1919 1465 2010 sponte
1481 1903 1656 2003 praebeat‚
1677 1929 1752 1977 non
1771 1929 1880 2001 quem
1896 1904 2014 1976 homi·

423 2042 512 2089 num
535 2035 709 2117 praeparet
733 2047 836 2114 cura,
865 2040 926 2096 aut
949 2027 1012 2122 qui
1034 2024 1203 2122 largiores
1225 2038 1352 2124 augeat
1370 2049 1551 2124 expensas.
1574 2025 1710 2112 Quaeris
1727 2023 1850 2120 utique
1868 2022 2011 2111 cibum,

425 2141 486 2214 ubi
507 2155 624 2213 certus
642 2165 680 2214 es
697 2168 925 2242 nequaquam
943 2146 1069 2220 haberi
1082 2173 1178 2219 eum.
1196 2151 1274 2218 Non
1294 2169 1378 2243 ergo
1393 2145 1429 2217 id
1443 2171 1513 2244 pro
1532 2146 1725 2219 refectione
1742 2145 1937 2243 corporali,
1952 2149 2015 2219 sed

425 2261 535 2358 magis
552 2287 621 2360 pro
640 2266 809 2360 mysterio
827 2266 913 2362 agis.
931 2268 1073 2367 Quippe
1086 2291 1199 2366 quum
1212 2291 1287 2338 non
1300 2268 1459 2363 ignores,
1479 2285 1554 2337 non
1572 2281 1659 2336 tunc
1678 2279 1819 2363 tempus
1836 2289 1913 2336 esse
1931 2263 2015 2338 fico·

386 2428 390 2434 ·
425 2408 518 2454 rum.
533 2387 717 2481 Tanquam
730 2387 839 2459 iratus
853 2385 1034 2461 maledicis
1048 2388 1183 2480 arbori,
1201 2387 1301 2487 quod
1316 2387 1472 2460 fructum
1483 2411 1557 2458 non
1569 2385 1716 2476 habeat,
1734 2411 1778 2457 eo
1794 2399 1914 2457 tamen
1928 2403 2015 2460 tem·

424 2525 513 2600 pore
525 2528 600 2600 quo
614 2505 812 2580 secundum
827 2522 990 2580 naturam
1004 2531 1232 2607 nequaquam
1246 2507 1378 2580 habere
1393 2505 1559 2579 dehebat.
1576 2505 1764 2578 Maledicta
1776 2506 1895 2577 statim
1908 2511 2012 2594 aruit,

426 2637 461 2694 et
484 2627 681 2720 potentiam
708 2627 950 2701 maledicentis
967 2628 1152 2702 invisibilis
1168 2629 1297 2717 sensit,
1319 2643 1355 2700 et
1374 2628 1475 2725 quasi
1494 2627 1662 2699 damnata
1681 2643 1734 2699 est
1749 2652 1828 2725 quae
1845 2651 1920 2698 non
1940 2653 2013 2700 me·

425 2745 506 2816 ruit.
529 2750 601 2819 Cur
617 2747 694 2821 ital
712 2752 878 2823 Domine.
906 2755 1138 2849 Nequaquam
1159 2750 1196 2822 id
1213 2747 1441 2840 crudelitate,
1471 2746 1535 2820 sed
1560 2751 1672 2845 magis
1697 2751 1828 2849 pietate
1849 2750 2015 2822 novimus

425 2880 560 2962 gestum
578 2894 666 2942 esse.
692 2869 745 2942 Ad
769 2886 943 2968 terrorem
964 2870 1174 2962 hominum,
1196 2885 1232 2942 et
1253 2871 1517 2969 correptionem
1540 2869 1717 2941 malorum
1738 2885 1876 2968 gestum
1900 2885 1955 2941 est
1978 2871 2014 2941 in

424 2985 571 3080 arbore,
592 2994 692 3096 quod
714 2993 912 3091 gerendum
935 3007 1010 3066 erat
1028 2993 1063 3064 in
1083 2991 1243 3065 homine.
1267 2990 1431 3063 Exhibita
1456 3007 1509 3065 est
1532 2993 1644 3064 virtus
1666 2993 1833 3092 potentiae
1848 2993 1885 3063 in
1903 3018 1944 3066 re
1961 2996 2015 3064 in·

424 3112 598 3204 sensibili,
627 3117 728 3213 cujus
752 3115 887 3188 offensa
906 3115 1024 3188 caveri
1049 3113 1174 3187 debuit
1192 3139 1211 3187 a
1229 3112 1405 3187 rationali.
1422 3115 1536 3186 Factis
1555 3129 1681 3206 terret,
1704 3113 1819 3189 verbis
1838 3113 1946 3188 docet
1962 3119 2015 3188 in·

423 3235 606 3308 credulam
625 3236 787 3336 plebem,
808 3263 854 3310 ne
875 3239 911 3309 in
933 3262 994 3309 sua
1020 3236 1152 3310 malitia
1177 3229 1318 3336 pereat,
1342 3259 1451 3333 quam
1478 3235 1582 3308 etiatn
1607 3233 1740 3308 crebris
1761 3235 2015 3308 miraculorum

423 3354 605 3429 beneficiis
622 3357 668 3428 ad
685 3359 933 3457 poenitentiam
960 3359 1095 3430 invitat.
1120 3363 1198 3457 lpse
1220 3357 1366 3454 angelus
1388 3356 1526 3430 consilii
1546 3356 1675 3456 quibua
1693 3373 1810 3458 potest
1827 3358 1946 3432 modis
1969 3389 2016 3436 ne
2051 3341 2055 3348 ⁵

424 3491 591 3570 pereant,
617 3477 771 3550 consulit
793 3478 975 3576 perituris,
998 3493 1037 3549 ut
1063 3476 1119 3550 vel
1147 3479 1359 3575 poenitentes
1386 3477 1578 3568 salventur,
1602 3477 1658 3550 vel
1677 3478 1932 3551 inexcusabiles
1952 3479 2015 3553 da-

425 3595 540 3665 mnari
558 3613 774 3670 mereantur.
792 3602 835 3669 Et
851 3597 928 3670 haec
945 3598 1092 3696 quidem
1110 3599 1147 3671 in
1166 3599 1323 3672 secunda
1346 3613 1442 3696 gesta
1461 3613 1544 3671 sunt
1565 3598 1660 3670 feria.

473 3717 539 3788 Die
556 3733 676 3790 autem
696 3719 818 3810 tertio,
840 3721 931 3792 sicut
947 3724 1086 3793 Marcus
1105 3735 1139 3794 et
1156 3720 1339 3794 Matthaeus
1352 3721 1529 3812 referunt,
1544 3746 1689 3820 qnuma
1704 3723 1871 3796 Bethania
1885 3722 2015 3796 rediret

425 3839 704 3938 lerosolymam,
734 3842 903 3918 viderunt
931 3842 1094 3943 discipuli
1125 3842 1314 3916 arefactam
1350 3841 1553 3916 ficulneam.
1581 3849 1623 3916 Et
1650 3845 1857 3918 recordatus
1892 3850 2016 3918 Petrus

425 3959 512 4032 dixit
526 3959 571 4032 ad
586 3965 722 4032 lesum¹
739 3990 747 4032 :
764 3991 782 4031 u
800 3963 907 4052 Rabi,
925 3986 1007 4035 ecee
1025 3960 1117 4033 licus
1137 3964 1195 4034 cni
1214 3961 1424 4035 maledixisti
1445 3964 1549 4035 aruit.
1567 3991 1584 4030 a
1609 3967 1652 4035 Et
1671 3989 1784 4061 quum
1802 3966 1956 4038 venisset
1978 3969 2015 4038 in

424 4081 618 4181 templum,
640 4097 866 4154 accesserunt
882 4082 927 4153 ad
944 4107 1028 4153 eum
1045 4081 1237 4154 docentem
1257 4082 1434 4181 principes
1457 4081 1703 4174 sacerdotum,
1724 4098 1760 4155 et
1776 4085 1933 4156 seniores
1951 4109 2017 4182 po·

424 4203 512 4301 puli.
535 4201 672 4290 Quibus
690 4203 766 4300 ipse
783 4203 886 4302 plura
904 4205 941 4274 in
960 4201 1141 4301 parabolis
1154 4202 1314 4293 locutus,
1341 4216 1376 4274 et
1394 4200 1505 4274 multa
1523 4204 1573 4276 eis
1591 4203 1840 4303 improperans
1854 4221 2015 4303 peccata,

423 4323 576 4419 graviter
587 4347 650 4396 eos
660 4337 786 4412 contra
799 4349 837 4394 se
848 4324 1063 4415 commovit,
1077 4324 1177 4422 quod
1192 4325 1363 4397 maturius
1378 4323 1590 4423 perficerent
1602 4324 1702 4422 quod
1715 4324 1762 4396 de
1777 4339 1892 4397 morte
1905 4327 2018 4424 ipsius

424 4459 661 4520 tractaverant
671 4473 678 4516 ι
689 4447 751 4543 qui
759 4446 927 4547 deinceps
936 4471 1049 4543 quum
1061 4445 1273 4544 egressusde
1286 4445 1420 4546 templo
1433 4447 1499 4520 iret
1510 4447 1547 4518 in
1561 4461 1722 4520 montem
1729 4448 2011 4534 scilicetOliveti,

424 4569 516 4641 sicut
535 4565 718 4638 Matthaeus
734 4582 770 4639 et
786 4571 924 4640 Marcus
948 4581 1110 4666 patenter
1134 4569 1334 4657 insinuaut,
1353 4566 1579 4641 adnectendo
1597 4567 1763 4641 videlieet
1778 4569 1877 4667 quod
1895 4567 1945 4640 ibi
1959 4593 2017 4641 se·

426 4685 521 4762 dens¹
531 4687 725 4789 discipulos
738 4688 884 4762 doceret
893 4740 902 4779 ,
919 4713 1012 4760 unus
1025 4688 1284 4788 discipulorum
1299 4691 1347 4760 ait
1360 4673 1427 4760 illi·
1442 4718 1450 4759 :
1468 4690 1675 4787 «Magister,
1696 4691 1814 4788 aspice
1827 4687 1950 4788 quales
1965 4689 2018 4762 la·

425 4812 526 4910 pides
538 4827 573 4884 et
586 4811 709 4910 quales
723 4826 943 4884 structurae.»
962 4812 1028 4883 Cui
1039 4811 1225 4910 respondit
1236 4815 1357 4884 lesus:
1376 4810 1515 4883 «Vides
1532 4811 1596 4882 has
1609 4835 1736 4884 omnes
1747 4835 1894 4908 magnas
1904 4809 2019 4883 adifi-

429 4961 447 4999 a
462 4933 640 5004 cationes?
659 4935 739 5004 Non
756 4932 977 5031 relinquetur
994 4931 1083 5032 lapis
1103 4956 1211 5031 super
1237 4929 1391 5031 lapidem
1418 4931 1480 5029 qui
1501 4954 1575 5002 non
1595 4929 1845 5004 destruatur.»
1872 4931 2019 5004 Deinde

460 5193 467 5220 ¹
487 5191 574 5256 llere,
588 5209 642 5259 cap.
653 5210 692 5255 ιι,
702 5209 726 5245 v.
738 5193 908 5256 21.-llatth.‚
921 5210 976 5261 cap.
990 5157 1312 5260 r11,v.2⁰.-¹Matth.,
1327 5207 1382 5259 cap.
1395 5207 1497 5256 ntur.
1509 5191 1655 5253 2.·llarc.‚
1667 5207 1724 5258 cap.
1737 5206 1795 5252 xro,
1805 5205 1830 5241 v.
1843 5194 1866 5239 t.
