4520 6104
885 591 1123 666 EPlSTOLAE.
1723 607 1795 678 235

212 728 296 800 darn
318 751 474 826 namque
492 729 528 800 in
547 753 591 802 eo
609 728 758 802 hebraeis
780 734 910 831 scripta
923 734 1081 834 linguam
1097 762 1223 811 eorum
1240 739 1426 838 exigebant
1440 769 1448 812 z
1463 743 1626 839 quaedam
1637 744 1798 820 similiter

212 874 256 921 ex
276 850 326 920 eis
346 849 485 946 graecis,
507 850 670 947 quadam
690 853 868 944 romanis,
886 858 1040 955 propriis
1063 882 1188 931 eorum
1207 859 1354 960 linguis,
1375 862 1421 934 ad
1435 888 1527 961 quos
1538 862 1794 962 dirigebantur,
1840 925 1846 936 .

213 967 320 1040 scribi
349 993 492 1042 necesse
520 970 609 1043 fuit..
625 973 784 1044 Primum
803 973 958 1070 quidem
981 978 1211 1080 Evangelium
1235 979 1434 1052 secundum
1454 983 1682 1076 Mattlraeum,
1707 987 1799 1057 sicut

212 1086 387 1178 Hebraeis,
402 1088 452 1160 sic
463 1088 629 1162 hebraice
642 1092 760 1188 primo
778 1094 1029 1192 scriptumest.
1053 1098 1247 1195 Epistulam
1267 1123 1413 1198 quoque
1433 1100 1532 1174 Pauli
1545 1101 1590 1174 ad
1604 1103 1795 1196 Hebraeos,

214 1220 250 1278 et
266 1206 388 1280 Jacobi
406 1207 452 1280 ad
474 1208 667 1282 duodecim
693 1211 811 1284 tribus·
830 1216 905 1308 jam
930 1213 1106 1313 dispersas
1119 1271 1129 1308 ,
1155 1232 1190 1290 et
1218 1220 1313 1290 Petri
1338 1219 1517 1312 similiter,
1551 1237 1586 1294 et
1606 1224 1798 1296 nonnullas
1920 1302 1921 1305 ,

213 1327 371 1400 fortassis
386 1328 472 1402 alias
489 1330 617 1404 eadem
634 1333 771 1405 ratione
790 1348 928 1405 constat
947 1360 1023 1408 esse
1041 1339 1187 1434 scriptas
1205 1337 1383 1410 hebraice.
1402 1339 1454 1411 Ad
1475 1344 1618 1414 Graecos
1631 1367 1716 1414 vero
1731 1345 1797 1417 tria

215 1447 405 1544 Evangelia
423 1474 535 1546 graece
551 1452 632 1548 quis
649 1451 787 1524 dubitet
812 1479 887 1524 esse
903 1455 1068 1552 scripta,
1097 1471 1133 1528 et
1159 1481 1392 1555 quascunque
1410 1459 1576 1558 epistolas
1601 1477 1676 1534 tam
1699 1465 1798 1536 Pauli

214 1588 324 1660 quam
343 1581 551 1640 caeterorum
570 1569 616 1640 ad
634 1594 696 1642 eos
714 1571 927 1662 destinatas,
943 1596 1011 1645 nec
1027 1598 1102 1646 non
1116 1575 1415 1673 etApoculypsim
1427 1579 1473 1650 ad
1487 1595 1623 1677 septem
1635 1582 1799 1654 ecclesias

213 1688 466 1762 asemissas?
491 1695 606 1762 Unam
634 1715 721 1763 vero
742 1693 788 1764 ad
817 1697 996 1766 Romanos
1023 1697 1191 1794 scriptam
1218 1697 1317 1770 Pauli
1339 1700 1505 1772 novimus
1527 1702 1736 1798 epistolam,
1760 1721 1799 1776 ut

214 1829 347 1904 parum
365 1831 385 1880 a
402 1808 509 1881 nobis
527 1801 660 1884 hahere
678 1835 748 1882 nos
763 1813 878 1884 latini
905 1813 1119 1911 gloriemur,
1148 1831 1184 1888 et
1212 1831 1387 1914 quantum
1414 1818 1519 1890 nobis
1544 1819 1696 1892 aliorum
1718 1839 1802 1896 sunt

212 1924 385 1998 doctrine
411 1933 616 2003 necessaria
640 1933 857 2030 cogitemus;
880 1935 1029 2032 quas-ad
1049 1936 1197 2035 plenum
1214 1938 1244 2008 si
1273 1961 1488 2036 cognoscere
1506 1940 1736 2032 studeamus,
1764 1943 1800 2014 in

211 2047 291 2143 ipso
308 2045 406 2119 fonte
427 2051 538 2148 magis
561 2077 671 2149 quam
687 2055 727 2124 in
744 2054 866 2126 rivulis
890 2054 1163 2128 translationum
1192 2058 1441 2157 perquirendae
1463 2075 1547 2131 sunt
1572 2087 1580 2130 ι
1608 2065 1801 2159 praesertim

213 2191 327 2262 quum
356 2193 480 2242 earum
509 2170 654 2245 diversa
679 2175 928 2248 translationes
945 2176 1220 2274 ambiguitatem
1247 2179 1380 2276 magis,
1412 2163 1522 2277 quam
1537 2180 1801 2253 certitudinem

212 2285 339 2360 lectori
356 2308 538 2386 generent.
561 2297 641 2366 Nou
658 2295 755 2367 enim
776 2295 875 2368 facile
895 2311 947 2369 est
966 2297 1123 2390 idioma,
1144 2299 1254 2372 idest
1276 2300 1530 2399 proprietatem
1557 2301 1801 2400 cujuscunque

213 2405 359 2504 linguae,
378 2410 469 2483 sicut
486 2427 522 2484 et
542 2437 652 2511 supra
673 2415 923 2507 meminimus,
946 2416 1214 2490 translationem
1232 2441 1372 2491 servare
1383 2473 1393 2510 ,
1416 2434 1452 2491 et
1472 2417 1518 2490 ad
1535 2419 1673 2516 singula
1691 2418 1800 2491 fidam

215 2526 546 2627 interpretationem
563 2533 839 2608 accommodare
868 2563 876 2606 ε
906 2551 948 2608 ut
973 2537 1138 2634 quaelibet
1153 2538 1200 2610 ita
1216 2539 1414 2638 exprimere
1433 2539 1611 2638 possimus
1635 2537 1672 2610 in
1699 2561 1801 2636 pere·

215 2647 338 2743 griua,
363 2652 454 2724 sicut
481 2652 575 2725 dicta
598 2670 683 2727 sunt
708 2655 745 2726 in
762 2657 908 2754 pmpria
925 2656 1056 2755 lingua.
1079 2663 1168 2730 Nam
1185 2659 1275 2731 etin
1297 2683 1369 2730 una
1387 2657 1508 2756 lingua
1529 2681 1641 2756 quum
1668 2657 1802 2755 aliquid

214 2791 395 2865 exponere
419 2798 485 2873 per
509 2773 606 2846 aliud
627 2774 817 2867 volumus,
846 2801 939 2874 saepe
959 2775 1164 2870 deficimus,
1194 2803 1307 2876 quum
1327 2778 1478 2851 verbum
1495 2779 1682 2878 proprium
1702 2778 1803 2876 quod

214 2891 370 2987 apertius
388 2891 425 2964 id
447 2895 644 2992 exprimere
662 2897 791 2993 possit,
813 2919 889 2968 non
905 2895 1112 2969 habeamus.
1139 2898 1310 2970 Novimus
1325 2912 1362 2968 et
1378 2896 1523 2969 beatum
1542 2898 1801 2994 Hieronymum

212 3009 387 3108 apudeos
404 3015 580 3113 praecipue
596 3017 705 3088 trium
721 3015 851 3088 harum
869 3016 1070 3114 linguarum
1089 3018 1266 3117 peritum,
1293 3017 1447 3089 multum
1462 3019 1499 3090 in
1513 3015 1801 3089 translationibus

215 3132 305 3222 suis,
326 3147 364 3206 et
379 3134 417 3204 in
434 3137 701 3209 commentariis
717 3160 840 3211 earum
858 3162 879 3208 a
899 3162 936 3210 se
955 3139 1034 3235 ipso
1054 3161 1316 3235 nonnunquam
1332 3136 1516 3210 dissidere.
1531 3140 1631 3236 Saepe
1643 3161 1800 3236 namque

214 3251 253 3322 in
272 3255 563 3350 expositionibus
574 3257 646 3328 suis
667 3257 754 3329 dicit
775 3284 783 3328 ε
807 3285 826 3326 u
839 3258 897 3329 Sic
913 3257 1067 3330 hahetur
1085 3258 1122 3328 in
1139 3256 1300 3348 hebreo,
1314 3285 1334 3326 a
1350 3256 1451 3355 quod
1463 3271 1582 3329 tamen
1595 3258 1632 3328 in
1652 3257 1800 3330 transla-

215 3372 375 3445 tionibus
402 3376 477 3472 ejus
498 3376 697 3448 secundum
717 3376 949 3469 hebraicum,
979 3391 1019 3450 ut
1041 3378 1193 3476 ipsemet
1210 3378 1353 3468 asserit,
1385 3377 1485 3450 lactis
1511 3401 1587 3448 non
1611 3379 1797 3475 reperitur.

215 3493 314 3578 Quid
333 3496 436 3591 igitur
455 3498 606 3587 mirum,
629 3499 659 3569 si
674 3498 805 3571 diversi
824 3501 1034 3598 interpretes
1052 3499 1099 3570 ab
1124 3500 1277 3571 invicem
1293 3498 1513 3597 discrepent,
1535 3498 1564 3569 si
1584 3521 1677 3569 unus
1695 3499 1802 3570 etiam

216 3637 479 3712 nonnunquam
499 3640 576 3688 ase
597 3615 778 3690 dissonare
796 3620 1022 3691 inveniatur?
1048 3620 1215 3716 Quisquis
1236 3643 1321 3717 ergo
1339 3620 1386 3690 de
1407 3618 1463 3690 his
1483 3632 1599 3690 certus
1618 3642 1693 3690 esse
1710 3616 1801 3690 desi-

216 3732 340 3823 derat,
368 3760 442 3806 non
460 3735 505 3806 sit
520 3750 711 3808 contentus
731 3762 823 3834 aqua
843 3736 970 3828 rivuli,
993 3738 1058 3811 sed
1074 3739 1265 3838 puritatem
1289 3738 1364 3834 ejus
1385 3735 1550 3817 delente
1569 3737 1745 3834 inquirat¹
1765 3752 1801 3809 et

215 3852 369 3925 hauriat.
389 3858 463 3925 Hac
481 3856 578 3926 enim
593 3857 730 3928 ratione
749 3871 785 3928 et
802 3856 984 3928 translatio
1003 3857 1097 3928 beati
1114 3857 1339 3952 Hieronymi,
1360 3880 1439 3952 quae
1455 3856 1649 3927 novissima
1665 3855 1746 3946 fuit,
1766 3871 1802 3929 et

216 3973 261 4044 de
279 3974 359 4071 ipso
377 3974 546 4047 hebraico
563 3975 620 4046 vel
642 3963 776 4073 graeco,
797 3991 905 4074 prout
921 3977 998 4074 ipse
1018 3975 1154 4074 potuit,
1178 3988 1350 4071 tanquam
1369 3973 1416 4046 ab
1435 3975 1572 4072 origine
1591 3975 1699 4046 sontis
1721 3973 1800 4047 dili·

215 4095 356 4190 gentius
372 4095 571 4190 requisivit,
592 4109 728 4166 veteres
741 4094 839 4192 apud
855 4119 923 4166 nos
941 4093 1187 4166 translationes
1203 4094 1403 4191 superavit:
1421 4108 1456 4166 et
1468 4093 1800 4192 supervenientibus

216 4215 339 4303 novis,
361 4213 453 4285 sicut
470 4215 507 4285 in
525 4213 602 4311 lege
620 4215 791 4312 scriptum
809 4230 880 4306 est,
901 4202 1020 4286 vetera
1039 4213 1197 4311 projecta
1212 4227 1307 4284 sunt.
1325 4211 1429 4284 Unde
1447 4227 1483 4284 et
1499 4210 1625 4284 Daniel
1637 4215 1668 4283 ¹:
1687 4241 1704 4280 u
1719 4218 1800 4284 Per-

218 4334 437 4426 transihunt,
454 4365 472 4403 a
490 4336 627 4433 inquit,
657 4334 858 4434 «plurimi,
879 4350 915 4408 et
923 4335 1114 4434 multiplex
1134 4335 1201 4406 erit
1219 4334 1376 4406 scientia.
1406 4361 1424 4400 a
1448 4333 1544 4404 Fecit
1561 4334 1800 4430 Hieronymus
1913 4377 1918 4387 ι

218 4479 283 4527 suo
301 4469 464 4554 tempore
484 4455 582 4553 quod
601 4455 739 4554 potuit,
761 4469 797 4527 et
811 4455 913 4553 quasi
934 4455 1031 4526 solus
1051 4455 1087 4525 in
1102 4452 1221 4551 lingua
1241 4451 1447 4551 peregrina,
1467 4475 1535 4522 nec
1554 4449 1714 4542 fidelem,
1737 4451 1800 4524 sed

209 4573 374 4668 judaeum
400 4574 537 4646 habens
563 4575 815 4674 interpretem,
841 4575 940 4670 cujus
966 4572 1096 4646 auxilio
1116 4572 1311 4672 plurimum
1329 4568 1529 4661 nitebatur,
1553 4570 1643 4642 sicut
1668 4571 1800 4669 etipse

215 4708 387 4782 testatur,
408 4693 529 4766 multis
547 4693 748 4792 displicuit,
767 4693 867 4791 quod
884 4693 1131 4766 translationes
1147 4693 1222 4789 jam
1235 4692 1343 4764 saetas
1356 4689 1519 4763 sulficere
1534 4713 1609 4762 non
1623 4688 1796 4763 credidit:

213 4829 254 4885 ct
273 4811 360 4912 quia
376 4815 527 4913 perstitit
542 4814 579 4885 in
595 4815 804 4913 proposito,
831 4814 915 4885 vicit
938 4812 1129 4909 adjuvante
1146 4816 1224 4884 Deo
1234 4864 1243 4902 ,
1272 4825 1443 4908 tanquam
1459 4807 1549 4880 illud
1567 4803 1801 4881 Ecclesiastici

211 4933 406 5007 attendens
421 4949 455 5007 et
473 4934 682 5033 complens³
702 4961 711 5004 ι
733 4963 751 5002 u
769 4933 822 5006 Ad
840 4933 976 5006 fontem
993 4932 1091 5005 unde
1110 4947 1241 5004 exeunt
1258 4931 1406 5002 flumina
1418 4943 1662 5021 revertuntur,
1678 4943 1719 5001 ut
1735 4929 1800 5001 ite·

255 5211 263 5238 ¹
285 5213 398 5290 Requtrat
409 5212 472 5265 Cud.
482 5212 547 5266 liet.
561 5239 591 5250 -
604 5211 614 5239 '
625 5211 699 5276 Dan,
714 5227 770 5279 cap.
783 5227 832 5273 ιιι,
843 5225 868 5262 r.
881 5213 906 5262 l.
922 5237 950 5248 -
961 5209 972 5238 ⁸
984 5211 1075 5271 Ereti„
1088 5224 1145 5277 cap.
1158 5225 1181 5270 1,
1192 5224 1216 5260 v.
1228 5211 1254 5260 t.
