4496 6102
735 621 780 695 ΙΝ
804 617 1135 694 snrwlnastttt
1160 619 1323 692 SERMO.
1748 619 1814 692 tot

239 759 335 832 mina
349 759 538 856 Babylonis
549 765 632 838 vitia
645 779 745 856 sunt,
761 764 890 863 quibus
907 762 1166 836 consentiendo
1185 762 1311 860 siquis
1328 786 1371 836 ea
1388 760 1589 850 intraverit,
1609 758 1656 831 ad
1675 759 1824 856 Babylo·

238 879 354 965 niam,
383 878 419 949 id
444 895 498 952 est
520 884 768 955 confusionem
788 882 930 973 defluit,
955 884 1037 979 quia
1061 881 1329 954 damnationem
1355 881 1514 953 incurrit.
1544 875 1658 948 Habet
1680 901 1826 975 quoque

240 999 360 1070 civitas
379 997 574 1074 electorum
596 1005 740 1102 propria
760 1005 925 1094 flumina,
947 1003 1138 1102 dequibus
1156 1005 1433 1100 scriptumest¹:
1454 1033 1470 1070 a
1488 1001 1659 1072 Fluminis
1672 1001 1826 1099 impetus

239 1115 389 1189 laetificat
401 1119 576 1194 civitatem
595 1119 671 1194 Dei.
692 1152 709 1191 u
728 1128 769 1194 Et
785 1128 949 1195 rursum¹
969 1153 977 1192 :
999 1148 1019 1190 aw
1032 1124 1102 1210 Qui
1125 1121 1238 1195 credit
1255 1125 1291 1194 in
1317 1148 1392 1210 me,
1414 1123 1506 1194 sicut
1521 1119 1606 1192 dicit
1623 1117 1823 1217 Scriptura,

241 1235 388 1306 llumina
404 1235 451 1307 de
468 1254 592 1312 ventre
614 1241 690 1335 ejus
708 1243 821 1314 fluent
843 1267 943 1340 aquae
959 1243 1059 1314 vivae.
1081 1269 1098 1308 n
1124 1241 1178 1313 Ad
1194 1241 1429 1314 differentiam
1447 1242 1552 1338 igitur
1566 1237 1696 1308 borum
1710 1237 1826 1309 bono·

241 1379 321 1424 rum
339 1354 540 1448 fluminum,
562 1362 668 1432 noxia
687 1361 833 1433 flumina
851 1377 934 1433 sunt
951 1361 1140 1460 Rabylonis
1153 1361 1268 1451 dicta,
1288 1361 1379 1433 sicut
1396 1375 1447 1433 est
1466 1360 1652 1458 gulositas,
1669 1357 1826 1446 luxuria,

241 1474 402 1563 avaritia,
422 1491 458 1546 et
474 1476 530 1548 his
543 1479 682 1551 similia.
707 1485 795 1567 Quae
808 1482 932 1578 utique
946 1498 1118 1579 tanquam
1136 1480 1283 1552 flumina
1304 1479 1492 1577 Babylonis
1510 1477 1632 1551 fideles
1646 1474 1829 1574 attendens

242 1606 310 1680 tes,
331 1619 557 1693 nequaquam
576 1599 652 1672 haee
679 1625 744 1698 per
766 1625 981 1674 consensum
1002 1604 1159 1674 intrant:
1183 1601 1245 1672 sed
1265 1604 1367 1698 quasi
1393 1603 1546 1700 desuper
1568 1596 1727 1670 sedendo
1750 1619 1830 1694 pre-

243 1726 365 1801 munt,
391 1712 478 1784 dum
499 1738 624 1788 eorum
645 1733 766 1790 motus
781 1720 882 1817 quasi
895 1721 1071 1818 quosdam
1086 1723 1363 1792 intumescentes
1376 1721 1505 1792 fluctus
1521 1720 1558 1790 in
1579 1718 1701 1816 seipsis
1720 1715 1830 1814 repri-

243 1846 364 1919 munt,
392 1835 578 1905 contrariis
600 1836 788 1910 virtutibus
807 1835 1144 1936 quasiquibusdam
1165 1839 1295 1935 navigii
1314 1840 1420 1910 remis
1444 1841 1539 1936 ipsos
1555 1860 1602 1906 ne
1619 1835 1831 1934 praevaleant

243 1948 499 2024 contendentes
508 1956 528 2022 ³.
553 1954 609 2024 Sic
627 1955 732 2051 igitur
750 1981 857 2055 super
874 1957 1023 2031 flumina
1048 1958 1211 2056 pestilera
1235 1956 1415 2046 sedentes,
1436 1981 1514 2055 quae
1528 1970 1698 2050 tanquam
1715 1952 1832 2025 obsta·

243 2067 363 2139 cutum
391 2084 426 2140 et
447 2072 743 2172 impedimentum
773 2078 969 2149 maximum
996 2078 1042 2148 ad
1059 2079 1245 2151 transitum
1268 2079 1388 2175 patriae
1409 2077 1633 2174 conspiciunt
1655 2096 1755 2144 more
1775 2096 1831 2142 ca·

243 2188 438 2282 ptivorum,
456 2191 491 2260 in
506 2193 755 2266 recordatione
768 2193 861 2266 illius
876 2219 895 2266 a
909 2220 979 2293 qua
993 2219 1030 2268 se
1044 2197 1162 2268 adhuc
1176 2195 1310 2267 differri
1322 2195 1458 2286 dolent,
1474 2195 1558 2266 llere
1572 2202 1828 2282 memorantur,

245 2330 356 2402 quum
370 2307 522 2382 dicitur:
548 2342 566 2380 «
585 2318 627 2385 Et
644 2315 822 2405 flevimus,
839 2316 927 2388 dum
945 2317 1216 2390 recordaremur
1233 2318 1304 2404 tui,
1323 2319 1422 2388 Sion.
1440 2346 1457 2385 s

293 2429 379 2500 Sion
406 2455 511 2502 mons
535 2449 607 2524 est,
634 2437 672 2506 in
696 2461 770 2533 quo
795 2439 916 2509 civitas
944 2438 1138 2510 Jerusalem
1159 2439 1224 2510 sita
1251 2453 1315 2510 est.
1347 2443 1413 2511 Per
1439 2441 1536 2512 hunc
1561 2466 1645 2539 ergo
1674 2456 1851 2529 montem
1896 2519 1900 2528 ,

245 2548 418 2622 celsitudo
442 2576 603 2650 supernae
626 2559 764 2654 patriae,
797 2558 834 2628 in
868 2571 1028 2654 quaest
1056 2557 1268 2648 Jerusalem,
1296 2559 1333 2630 id
1361 2575 1413 2631 est
1437 2563 1606 2632 continua
1630 2561 1719 2632 visio
1745 2583 1835 2632 verae

245 2671 358 2771 pacis,
380 2673 600 2769 exprimitur.
623 2677 732 2772 Cujus
750 2676 927 2749 desiderio
945 2676 1068 2752 fideles
1091 2679 1228 2751 accensi
1252 2678 1299 2749 ad
1321 2677 1418 2750 illam
1437 2679 1567 2776 jugiter
1589 2681 1690 2777 quasi
1711 2679 1855 2753 flentes·

245 2793 444 2890 suspirant,
465 2807 500 2864 et
518 2793 563 2866 de
583 2795 652 2866 hac
669 2795 760 2868 valle
782 2797 1020 2894 lacrymarum
1037 2813 1206 2894 tanquam
1228 2797 1273 2869 de
1294 2799 1496 2896 captivitate
1514 2798 1742 2896 babylonica,
1761 2827 1835 2898 quo

245 2913 398 3012 amplius
414 2914 655 2987 conscendere
672 2919 842 3016 cupiunt,
870 2918 1004 2990 differri
1029 2916 1074 2989 ab
1097 2917 1156 2988 illa
1180 2919 1320 3014 gravius
1346 2932 1504 3014 gemunt.
1533 2917 1634 2988 Ordo
1658 2943 1837 3015 congruus

245 3035 345 3132 prius
361 3032 485 3105 sedere
502 3058 609 3132 super
624 3035 789 3126 flumina,
806 3053 841 3109 et
858 3038 1091 3137 postmodum
1107 3021 1215 3109 fletus*
1225 3035 1424 3108 referuntur
1440 3036 1611 3123 lamenta,
1628 3038 1710 3134 quia
1729 3061 1838 3108 nemo

246 3156 335 3229 dum
357 3155 449 3226 vitiis
469 3137 665 3252 subjicitur,
689 3172 726 3230 et
748 3159 987 3257 voluptatibus
1008 3158 1228 3254 subjugatur,
1250 3159 1385 3254 erigere
1407 3181 1445 3229 se
1469 3181 1534 3255 per
1554 3157 1769 3230 desiderium
1791 3158 1837 3229 a'd

247 3298 439 3374 supernam
462 3276 555 3348 valet
578 3279 757 3350 civitatem
782 3306 789 3349 :
815 3304 883 3350 nec
907 3280 975 3350 nisi
999 3280 1097 3376 prius
1122 3302 1142 3349 a
1167 3277 1261 3349 malo
1285 3276 1520 3365 declinemus,
1547 3274 1652 3348 bonis
1670 3276 1838 3349 faciendis

248 3420 396 3493 operam
411 3395 549 3468 damus.
566 3401 749 3483 Quantum
776 3412 895 3470 autem
918 3397 1118 3492 voluptates
1144 3395 1253 3468 seculi
1271 3396 1405 3493 fugiant
1422 3395 1539 3484 electi,
1561 3420 1608 3466 ne
1633 3395 1839 3467 libidinibus

249 3517 437 3615 depressus
460 3520 599 3586 animus
624 3518 742 3587 minus
767 3540 804 3588 se
828 3515 988 3588 attollere
1007 3515 1055 3587 ad
1076 3540 1230 3613 superna
1252 3514 1382 3604 valeat,
1408 3516 1590 3612 sequentia
1614 3515 1835 3587 declarant⁸:

251 3667 270 3704 a
285 3642 326 3706 ln
343 3635 521 3726 salicibus,
534 3663 552 3704 a
571 3637 757 3733 inquiunt,
780 3668 797 3704 a
812 3639 850 3708 in
870 3637 989 3708 medio
1012 3637 1087 3732 ejus
1107 3636 1358 3735 suspendimus
1378 3661 1510 3733 organa
1528 3652 1663 3708 nostra.
1679 3663 1695 3702 u
1711 3636 1841 3708 Salices

249 3755 475 3827 infructuosa
488 3772 572 3827 sunt
583 3756 748 3844 arbores,
769 3770 804 3828 et
825 3757 860 3828 in
882 3754 1039 3826 humidis
1061 3755 1148 3826 locis
1168 3755 1373 3842 abundant,
1400 3754 1462 3826 ubi
1484 3754 1648 3827 diabolus
1662 3755 1762 3852 quasi
1782 3779 1841 3826 sus

248 3875 438 3947 immunda
459 3875 653 3965 volutatur,
677 3891 712 3947 et
733 3877 900 3972 quiescit3
927 3875 989 3972 qui
1013 3873 1091 3945 loca
1115 3875 1287 3970 inaquosa
1313 3875 1564 3971 perambulans
1585 3876 1744 3973 requiem
1766 3899 1841 3947 non

249 3996 399 4069 invenit.
422 3996 526 4068 Unde
546 3995 639 4068 bene
659 3999 695 4068 in
706 3996 955 4093 'descriptione
975 3994 1149 4065 Behemot
1168 3991 1338 4064 dicitur⁸2
1356 4023 1374 4061 a
1389 3994 1464 4065 Sub
1478 3993 1604 4065 umbra
1618 3994 1786 4065 dormivit
1805 3997 1841 4067 in

247 4133 390 4204 secreto
414 4118 622 4208 calami,‘in
643 4118 731 4190 locis
751 4116 994 4189 humentibus.
1011 4144 1029 4182 u
1043 4095 1271 4187 lnfructuosae
1288 4115 1407 4211 itaque
1428 4114 1665 4214 reproborum
1686 4133 1840 4208 mentes,

247 4243 290 4312 in
308 4241 407 4312 fluxu
426 4239 620 4311 carnalium
639 4237 863 4337 voluptatum
885 4211 1064 4326 radicatae,
1089 4234 1212 4309 salices
1232 4251 1313 4307 sunt
1336 4236 1373 4307 in·
1394 4234 1514 4307 medio
1535 4235 1724 4332 Babylonis
1744 4237 1844 4336 plan·

250 4373 350 4447 tatae,
367 4371 402 4429 et
415 4357 565 4429 carnalis
578 4357 873 4456 concupiscentiae
885 4357 977 4427 vitiis
995 4355 1155 4443 irretitae,
1173 4369 1279 4453 atque
1293 4355 1330 4426 in
1344 4353 1525 4452 profundo
1539 4354 1723 4444 vitiorum,
1744 4357 1844 4453 quod

250 4476 445 4574 Babylonis
467 4477 680 4575 intelligatur
699 4477 879 4566 medium,
899 4476 975 4572 jam
995 4475 1197 4549 submersae.
1227 4481 1323 4549 Inter
1344 4474 1431 4547 tales
1452 4474 1554 4547 electi
1575 4492 1841 4567 conversantes

138 4655 148 4670 .
247 4599 415 4697 quandiu
439 4623 592 4697 praesens
614 4599 684 4670 vita
711 4613 881 4696 tanquam
909 4620 989 4672 area
1014 4595 1176 4694 quaedam
1201 4620 1310 4694 grana
1337 4595 1442 4668 simul
1464 4596 1625 4668 continet
1649 4610 1685 4668 et
1706 4597 1842 4696 paleas,

245 4718 482 4818 strspendunt
494 4743 628 4816 organa
643 4743 727 4808 sua,
746 4717 834 4790 dum
848 4717 988 4790 fletibus
1004 4718 1115 4814 magis
1129 4731 1165 4789 et
1181 4715 1345 4789 lamentis
1358 4730 1541 4808 vacantes,
1558 4716 1737 4788 acanticis
1750 4719 1846 4789 exul·

245 4841 401 4913 tationis
420 4855 577 4930 cessant,
597 4855 670 4912 tam
692 4864 867 4912 aerumnas
885 4862 965 4910 suas
986 4837 1041 4909 vel
1062 4836 1270 4932 dilationem
1287 4838 1425 4936 patriae,
1451 4860 1559 4935 quam
1580 4836 1732 4909 aliorum
1749 4862 1846 4910 mor·

246 4975 331 5032 tem
350 4957 535 5032 deflentes.
561 4965 608 5031 Ut
625 4973 744 5032 autem
767 4981 900 5054 organa
923 4982 985 5030 sua
1008 4958 1100 5029 inter
1121 4955 1208 5029 tales
1230 4957 1468 5056 suspendant,
1493 4955 1564 5028 hoc
1585 4970 1638 5030 est
1658 4980 1679 5026 a
1698 4956 1848 5030 vocibus

293 5129 305 5156 ¹
323 5129 414 5181 Psalm.
425 5147 480 5193 xm,
493 5149 517 5186 t·
530 5135 554 5182 5.
563 5129 599 5166 ·-¹
611 5130 692 5191 loen„
705 5103 821 5196 capsrn,
833 5145 858 5180 r.
874 5131 955 5183 ³8.-
967 5129 978 5158 ⁸
988 5129 1164 5182 anundum
1175 5129 1246 5182 llmb.
1255 5128 1302 5166 --⁴
1312 5129 1402 5182 Psalm.
1412 5145 1517 5191 cxxxvi,
1530 5145 1554 5180 r.
1568 5132 1592 5182 2.
1603 5129 1792 5198 -“1οὸ,ωρ.
1807 5147 1847 5193 xi..

244 5233 278 5268 v.
300 5218 341 5269 lb.

382 5318 393 5366 t
1202 5319 1204 5322 '
1689 5309 1722 5370 st
