4522 6104
399 661 405 674 ,
458 575 530 649 652
968 635 973 644 .
1054 575 1182 647 emm
1208 573 1441 648 sunniam

508 745 526 783 n
545 719 589 784 Et
606 714 760 786 volatile.
783 742 800 782 a
820 719 870 784 Ex
885 739 959 810 quo
976 714 1153 811 liquidum
1169 732 1222 788 est
1237 732 1311 788 tam
1327 717 1440 814 pisces
1458 740 1566 812 quam
1586 715 1749 785 volucres
1769 737 1811 783 ex
1829 707 1931 809 aquis
1951 736 2032 809 pro·

456 849 594 908 creatos
610 834 743 905 babere
763 857 916 931 corpora
937 833 1096 930 ejusdem
1117 850 1269 924 naturae,
1292 859 1359 906 nec
1379 850 1516 908 tantam
1537 835 1610 905 vim
1633 833 1800 905 humanis
1823 829 2033 928 corporibus

456 953 502 1024 ad
518 953 774 1025 lasciviendum
791 979 916 1026 carnes
929 980 1056 1026 eorum
1071 956 1289 1046 ministrare,
1308 970 1480 1054 quantam
1495 979 1621 1027 carnes
1638 953 1858 1026 terrestrium
1875 953 2035 1024 animan·

455 1073 562 1162 tium,
581 1099 659 1170 quie
682 1099 765 1146 curn
789 1075 919 1146 nostris
941 1075 1154 1173 corporibus
1173 1076 1334 1172 ejusdem
1357 1091 1441 1148 sunt
1461 1089 1608 1147 naturae.
1635 1072 1737 1146 Unde
1759 1097 1826 1143 nec
1848 1070 2033 1143 monachis

454 1189 549 1264 beati
569 1192 748 1265 Benedicti
765 1193 886 1289 regula
904 1194 970 1266 ita¹
981 1219 1107 1266 carnes
1122 1194 1199 1266 illas
1218 1195 1310 1266 sicut
1324 1193 1392 1266 has
1405 1193 1602 1284 interdicit,
1619 1217 1732 1291 quum
1749 1190 1915 1263 videlicet
1926 1215 2031 1262 acar·

453 1309 558 1382 nibus
576 1326 719 1383 tantum
734 1313 1027 1411 quadrupedum,
1047 1339 1121 1386 non
1139 1310 1289 1386 aliarum
1305 1314 1484 1386 abstinere
1499 1314 1670 1412 praecipit.

503 1459 521 1497 n
545 1434 659 1529 Super
679 1448 832 1524 terram,
857 1434 924 1506 sub
947 1434 1290 1508 firmament0.coe1i.
1318 1463 1335 1502 n
1358 1435 1466 1522 Quod
1489 1435 1595 1524 dicit',
1615 1464 1633 1501 α
1656 1457 1763 1531 snper
1789 1449 1935 1518 terram,
1963 1429 2032 1501 sub

452 1547 680 1622 lirmameuto
706 1553 805 1644 coeli,
830 1583 846 1620 a
873 1580 947 1626 non
974 1553 1091 1626 solum
1116 1555 1163 1627 ad
1184 1555 1344 1643 volatile,
1367 1555 1430 1626 sed
1453 1555 1560 1626 etiam
1588 1553 1633 1626 ad
1655 1553 1782 1651 reptile
1807 1550 2031 1624 referendum
2096 1583 2099 1590 ⁴

450 1669 603 1760 videtur,
619 1673 647 1742 si
666 1672 830 1746 videlicet
846 1675 923 1772 ipsa
938 1699 1082 1772 quoque
1094 1675 1211 1748 sidera
1222 1676 1378 1748 animata
1394 1689 1576 1773 putentur,
1593 1678 1672 1772 lpsa
1683 1674 1816 1771 quippe
1830 1697 1943 1769 quum
1955 1673 2031 1742 sine

449 1789 600 1886 pedibus
618 1792 793 1884 serantur,
812 1794 996 1892 reptilibus
1008 1795 1233 1892 aggreganda
1244 1811 1363 1866 essent
1373 1796 1464 1866 sicut
1475 1809 1511 1866 et
1525 1795 1639 1891 pisces
1652 1821 1660 1863 :
1674 1792 1737 1864 sed
1754 1817 1866 1890 quum
1878 1791 1956 1887 ipsa
1967 1791 2032 1862 sub

450 1907 679 1984 firmamento
698 1913 777 1985 coeli
793 1939 1023 2013 nequaquam
1039 1917 1127 2006 sint,
1146 1931 1244 2013 patet
1260 1939 1303 1987 ea
1318 1914 1457 1986 excludi
1473 1913 1624 2012 perboc
1640 1912 1740 2009 quod
1756 1911 1903 1996 dicitur,
1930 1939 1948 1977 a
1967 1909 2032 1980 sub

449 2029 678 2104 firmamento
703 2034 796 2106 coeli.
821 2034 940 2108 »Tale
964 2051 1017 2108 est
1042 2059 1126 2133 ergo
1152 2035 1277 2133 reptile
1302 2051 1409 2134 atque
1433 2034 1579 2106 volatile
1602 2048 1775 2130 tanquam
1801 2031 1831 2102 si
1857 2031 2032 2101 diceretur

448 2150 581 2248 animal
597 2168 721 2248 aptum
739 2153 785 2226 ad
802 2155 1001 2252 rependum
1019 2157 1093 2227 sive
1108 2155 1307 2228 volandum
1327 2169 1601 2253 superterram,
1623 2153 1694 2225 hoc
1711 2165 1766 2224 est
1780 2152 1829 2222 ita
1845 2165 1884 2222 ut
1902 2166 2031 2221 terram

448 2293 522 2340 non
550 2273 747 2366 contingat.
774 2278 863 2345 Nam
884 2273 1118 2371 postmodum
1138 2299 1252 2371 quum
1272 2275 1360 2347 dicit
1383 2273 1523 2372 reptilia
1547 2289 1649 2345 terrae
1665 2273 1784 2370 potius
1801 2294 1912 2368 quam
1927 2293 2030 2368 snper

449 2402 598 2477 terram,
618 2391 781 2487 prolecto
796 2391 868 2463 hoc
883 2408 919 2465 et
935 2391 1030 2464 istud
1047 2394 1228 2490 reptilium
1244 2411 1355 2491 genus
1375 2393 1563 2490 diligenter
1583 2392 1818 2488 distinguunt.
1847 2389 2029 2461 Nonnullae

370 2507 374 2516 '
449 2531 532 2580 aves
544 2512 715 2607 aquaticae
726 2511 895 2584 dicuntur
906 2513 1015 2610 pedes
1026 2513 1173 2602 habere,
1188 2515 1236 2586 ita
1252 2515 1511 2612 posterioribus
1524 2512 1744 2586 adhaerentes
1756 2527 1795 2584 ut
1805 2535 2029 2609 nequaquam

449 2626 621 2698 cumillis
643 2629 808 2700 incedere
834 2646 986 2727 queant,
1015 2631 1078 2702 sed
1105 2631 1335 2703 solummodo
1357 2647 1497 2719 natare,
1516 2632 1607 2702 sicut
1628 2631 1743 2728 pisces
1761 2654 1845 2701 cum
1867 2629 2028 2727 pennulis

447 2747 537 2833 suis,
552 2769 641 2841 quas
653 2746 818 2843 prolecto
828 2749 971 2845 reptiles
981 2750 1093 2844 magis
1102 2774 1211 2846 quam
1226 2737 1423 2846 gressibiles
1434 2749 1607 2821 dicendas
1617 2747 1808 2820 credimus.
1821 2752 1909 2834 Quae
1921 2772 2027 2845 quum

447 2891 634 2964 nunquam
656 2867 691 2938 in
718 2883 848 2940 terram
865 2870 960 2941 exire
984 2869 1173 2942 videantur
1181 2905 1198 2960 ,⁴
1216 2871 1392 2944 nonnulla
1411 2871 1560 2968 quaestio
1576 2873 1629 2942 est
1644 2869 1691 2940 de
1707 2869 1784 2941 ovis
1801 2891 1926 2942 earum
1940 2892 2027 2966 qno·

447 2984 559 3056 modo
584 3010 625 3058 ea
648 2984 809 3076 foveant,
836 3011 882 3058 an
910 2989 1029 3086 potius
1055 3012 1156 3085 aquae
1180 2990 1264 3088 ipsae
1289 2989 1414 3061 talium
1435 3012 1504 3060 ova
1529 2989 1621 3060 sicut
1640 3001 1676 3060 et
1696 2987 1847 3085 piscium
1869 3001 2029 3084 suscepta

447 3103 607 3200 quodam
623 3130 689 3176 suo
707 3105 783 3175 fotu
800 3106 980 3179 vivificare
996 3107 1187 3180 sufficiant.

497 3228 617 3310 Quum
635 3225 738 3313 dicit,
755 3253 772 3292 «
792 3219 861 3299 sub
878 3226 1104 3300 firmamento
1120 3227 1217 3316 coeli,
1235 3256 1253 3296 n
1272 3228 1494 3300 intransitive
1508 3227 1651 3298 videtur
1666 3225 1913 3324 accipiendum
1928 3229 2030 3323 quasi

447 3344 513 3415 sub
525 3343 752 3436 firmamento
765 3344 865 3441 quod
882 3346 1012 3418 coelum
1027 3361 1094 3436 est,
1110 3349 1202 3421 sicut
1214 3371 1327 3446 quum
1344 3346 1474 3420 dicitur
1486 3347 1572 3419 urbs
1584 3351 1718 3434 Romae,
1733 3346 1861 3418 iluvius
1872 3345 2026 3441 Tyberis,

447 3477 611 3556 creatura
625 3461 724 3549 salis,
743 3488 876 3560 corpus
891 3464 948 3534 vel
964 3467 1115 3536 essentia
1127 3465 1268 3562 lapidis.
1287 3471 1364 3555 Hoc
1381 3481 1500 3538 autem
1516 3463 1800 3552 firmamentum,
1815 3478 1855 3534 ut
1871 3464 2026 3560 superius

448 3580 586 3666 dictum
602 3594 672 3668 est,
692 3581 776 3652 inde
792 3583 843 3652 sic
859 3584 1083 3672 nominatur,
1102 3584 1201 3681 quod
1219 3587 1319 3683 aquis
1335 3585 1603 3684 interpositum,
1619 3584 1820 3681 superiores
1833 3583 2028 3680 itasusten·

448 3699 561 3770 tando
579 3697 715 3796 firmet,
733 3713 773 3770 ut
788 3698 900 3770 relabi
919 3700 966 3772 ad
980 3701 1166 3776 inferiores
1182 3721 1380 3802 nequeant,
1398 3704 1456 3776 vel
1467 3729 1526 3776 eas
1539 3726 1699 3801 unquam
1715 3703 1937 3798 contingere.
1952 3705 2025 3772 Non

448 3842 534 3914 ergo
551 3818 696 3915 proprie
713 3817 978 3894 firmamentum
995 3821 1125 3894 dicitnr
1141 3823 1240 3920 quod
1256 3825 1358 3921 aquis
1371 3823 1523 3896 nubium
1538 3823 1755 3921 permixtum
1765 3836 1834 3910 est,
1851 3818 1916 3892 sed
1932 3820 2028 3919 quod

448 3962 595 4036 prorsus
610 3937 657 4028 ab
674 3941 774 4035 aquis
791 3965 943 4012 vacuum
959 3943 1121 4040 superius
1143 3959 1209 4019 est.
1228 3949 1327 4022 Aves,
1338 3968 1423 4016 vero
1442 3967 1669 4042 nequaquam
1688 3942 1809 4014 volare
1824 3967 1889 4040 per
1910 3942 2026 4014 firma·

448 4075 611 4131 mentum
632 4078 805 4158 possunt,
828 4063 911 4159 quia
932 4087 1056 4136 earum
1071 4089 1227 4161 corpora
1243 4066 1432 4138 astenuri
1448 4063 1494 4137 ab
1512 4087 1593 4138 aere
1608 4065 1685 4136 sine
1705 4087 1883 4160 aquarum
1897 4087 2027 4160 corpu·

446 4177 556 4251 lentia
572 4204 798 4278 nequaquam
815 4197 973 4279 possent.

498 4328 516 4367 n
535 4301 747 4396 Creavitque
757 4358 765 4388 ,
777 4325 805 4368 n
825 4327 867 4372 ex
883 4303 969 4399 ipsis
983 4300 1149 4374 videlicet
1164 4305 1279 4400 aquis.

497 4447 515 4486 a
536 4419 734 4490 Animam»
758 4446 825 4516 pro
848 4435 926 4491 toto
949 4422 1131 4494 animante
1154 4423 1258 4520 ponit
1276 4447 1319 4494 ex
1339 4447 1492 4520 corpore
1511 4422 1619 4496 simul
1632 4438 1668 4496 et
1684 4423 1805 4495 anima
1820 4435 2028 4510 constante,

447 4539 551 4610 unius
569 4529 733 4610 videlicet
751 4541 898 4611 nomine
914 4542 1024 4636 partis
1043 4556 1160 4616 totum
1181 4541 1505 4640 comprehendens.
1527 4548 1630 4616 turta
1647 4542 1748 4642 quod
1768 4557 1803 4614 et
1823 4541 1909 4614 alibi
1930 4542 1978 4614 ait
1990 4543 2025 4611 ¹:

454 4808 458 4818 ’
480 4827 488 4854 '
505 4827 597 4878 Eadem
610 4838 648 4878 est
660 4827 780 4877 sententis
793 4825 955 4878 Tbeodemari
970 4827 1063 4880 abbatis
1079 4829 1217 4881 Catinensis
1257 4829 1344 4896 pedis,
1355 4829 1398 4880 sed
1414 4829 1489 4881 etism
1500 4829 1607 4882 volatilia
1618 4827 1745 4881 monachis
1760 4825 1924 4894 prohibuisse.
1934 4825 1984 4888 θαι
1997 4823 2029 4874 de

446 4911 470 4959 in
482 4911 586 4976 epistola
597 4915 631 4962 ad
643 4913 755 4963 Curetum
769 4912 881 4974 linquunt
888 4949 897 4973 ,
915 4911 1008 4963 Rabani
1027 4913 1102 4964 lleuri
1122 4913 1164 4964 lib.
1180 4914 1216 4977 ll,
1257 4932 1284 4967 re
1296 4915 1352 4966 tide
1364 4933 1418 4983 qne
1431 4915 1535 4968 diximus
1549 4917 1573 4968 in
1588 4917 1762 4968 Commentario
1775 4915 1806 4965 ad
1820 4929 1876 4980 esp.
1886 4929 1965 4965 mm
1976 4912 2031 4963 tn-

447 4995 477 5042 ἀι
489 4993 640 5046 lmtittus'one
650 4995 807 5054 clericorum,
822 5009 877 5060 esp.
889 5011 971 5056 xxm,
994 5007 1019 5048 et
1035 4998 1113 5048 sancti
1133 4997 1218 5048 llilde·
1258 4999 1552 5063 quaemultasciat.
1566 4997 1637 5065 (ttor.
1648 4999 1720 5053 edm.
1731 4997 1858 5061 umens.)
1868 4996 1919 5036 -'
1933 4997 2029 5056 Gan-2

446 5075 529 5142 gardis
540 5077 563 5126 in
577 5078 731 5140 repondere
745 5081 835 5144 reputor
844 5083 922 5130 saneti
932 5081 1066 5132 Benedicti.
1079 5079 1220 5134 Communis
1259 5097 1315 5150 esp.
1328 5099 1379 5146 mr,
1391 5099 1414 5135 r.
1428 5085 1471 5133 st.

447 5169 527 5214 umen
538 5161 621 5228 opinio
633 5171 670 5212 est
679 5173 788 5214 sanctum
800 5161 957 5217 Benedictum
966 5179 1015 5217 non
1024 5165 1103 5218 solum
1112 5166 1219 5232 quadr*
