4510 6108
471 589 542 659 504
676 607 679 613 ·
978 566 984 578 '
1070 587 1200 662 mnu
1226 549 1494 663 mmrunr'

472 759 489 798 κ
508 735 596 818 Quae
611 756 752 804 sursum
768 748 864 824 sunt,
880 733 1044 831 quaerite3
1064 731 1126 805 ubi
1143 733 1303 806 Christus
1318 745 1372 804 est
1388 731 1425 802 in
1443 730 1627 804 dexteram
1642 730 1708 804 Dei
1724 730 1854 803 sedens
1867 758 1875 798 r
1889 755 1968 828 quae
1983 756 2055 804 sur-

468 873 548 921 sum
564 864 649 921 sunt
660 851 786 949 sapite,
800 876 875 923 non
892 877 972 950 quae
987 866 1250 949 superterram.
1266 881 1284 919 >r
1303 857 1351 923 Ut
1361 851 1459 922 enim
1476 848 1601 922 beatus
1620 851 1783 922 meminit
1798 852 2050 948 Hieronymus,

469 967 558 1040 nihil
575 970 689 1066 majus
705 986 824 1070 potest
839 971 959 1068 parari
974 995 1098 1059 servo,
1117 995 1227 1067 quam
1247 994 1324 1044 esse
1344 993 1428 1041 cum
1447 969 1620 1040 Domino.
1651 973 1695 1040 Et
1713 969 1877 1068 prolecto
1898 972 2053 1071 quisquis

468 1090 692 1185 praesentiam
714 1089 862 1186 alicujus
882 1085 1078 1187 plurimum
1100 1087 1231 1184 diligit,
1254 1087 1450 1184 majoribus
1475 1088 1513 1158 in
1535 1086 1721 1159 absentem
1748 1086 1933 1160 desideriis
1959 1091 2052 1162 inar-

468 1207 593 1279 descit.
606 1208 713 1280 Abire
723 1233 809 1305 ergo
826 1209 865 1279 in
881 1208 1112 1280 coelum'eum
1129 1208 1303 1306 oportuit,
1322 1221 1362 1279 ut
1375 1207 1546 1304 Spiritum
1563 1207 1738 1296 mitteret,
1752 1209 1837 1306 quia
1852 1208 2051 1281 recedendo

469 1327 515 1400 ab
536 1329 604 1418 eis,
627 1343 765 1428 quanto
787 1327 939 1428 amplius
961 1327 1007 1400 ad
1028 1327 1253 1425 sequendum
1268 1351 1306 1400 se
1322 1326 1498 1399 desideria
1520 1326 1681 1424 ipsorum
1697 1326 1935 1417 accendebat,
1953 1344 2052 1401 tanto

469 1449 700 1547 perceptione
716 1449 861 1545 majoris
881 1448 1001 1545 gratiae
1022 1447 1151 1544 dignos
1171 1471 1234 1519 eos
1254 1445 1444 1520 efficiebat.
1470 1452 1563 1520 Bene
1583 1447 1681 1545 prius
1700 1449 1865 1546 spiritum
1880 1473 1954 1545 quo
1970 1473 2050 1548 pec·

468 1583 547 1641 cata
566 1568 832 1640 dimitterentur
851 1566 952 1640 dedit
969 1567 1019 1639 eis
1037 1568 1074 1638 in
1091 1582 1203 1655 terra,
1222 1569 1307 1664 quia
1322 1567 1384 1640 ubi
1400 1567 1653 1656 committitur,
1672 1567 1807 1640 ibidem
1824 1569 1984 1640 remissio
2000 1583 2052 1638 est

469 1686 690 1776 sacienda‚et
701 1686 861 1785 quisquis
871 1685 1132 1784 indulgentiam
1146 1711 1220 1758 non
1238 1701 1396 1758 meretur
1411 1686 1450 1756 in
1465 1685 1535 1757 hac
1546 1685 1632 1775 vita,
1649 1685 1778 1758 trustra
1796 1709 1876 1758 eam
1894 1702 2051 1784 expectat
2143 1779 2146 1789 Ι

467 1809 504 1878 in
523 1806 653 1879 sutura.
673 1811 774 1878 Hanc
789 1793 889 1904 ergo,
908 1807 1077 1895 Domine,
1096 1805 1340 1905 perspiritum
1355 1821 1472 1895 tuum,
1489 1806 1552 1904 qui
1568 1829 1636 1904 pro
1651 1808 1783 1878 sanctis
1798 1805 1967 1904 postulat,
1985 1832 2048 1877 no·

468 1928 524 2000 bis
535 1927 595 1999 hic
610 1929 779 2030 impetru3
798 1926 870 1999 illic
886 1942 922 2000 tc
937 1927 1245 2026 comprehendere
1262 1951 1483 2016 mereamur,
1497 1951 1575 2024 quo
1591 1941 1632 1998 ut
1647 1941 1683 1998 te
1698 1929 1797 2025 sequi
1814 1941 1876 1999 tua
1891 1926 2048 2000 membra

469 2048 646 2137 valerent,
668 2049 833 2147 spiritum
854 2071 951 2119 nunc
977 2047 1044 2120 illis
1064 2048 1190 2119 misisti
1211 2046 1258 2119 de
1277 2047 1459 2146 supernis;
1481 2046 1599 2136 illum,
1622 2047 1788 2145 inquam,
1807 2047 1988 2146 spiritum,
2007 2047 2049 2118 de

468 2191 541 2264 quo
564 2167 743 2265 Propheta
764 2165 971 2256 confidens,
990 2167 1081 2238 ait¹:
1107 2195 1125 2234 u
1147 2167 1298 2265 Spiritus
1314 2182 1395 2238 tuus
1412 2166 1531 2238 bonus
1547 2165 1703 2238 deducet
1718 2191 1777 2240 me
1793 2167 1830 2237 in
1848 2181 1980 2238 terram
1996 2192 2048 2237 re-

467 2303 574 2360 ctam.
591 2317 609 2355 n
629 2291 715 2376 Quae
731 2288 829 2359 enim
845 2302 938 2359 terra
955 2303 1069 2376 recta,
1093 2288 1161 2359 nisi
1185 2286 1246 2358 illa
1266 2287 1462 2358 viventium
1481 2285 1527 2359 ab
1548 2286 1735 2384 iniquitate
1755 2286 1898 2385 penitus
1918 2285 2050 2358 aliena?

466 2413 532 2482 Per
544 2408 642 2480 hunc
659 2408 765 2480 nobis
781 2410 946 2507 spiritum
958 2409 995 2481 in
1008 2407 1076 2480 hac
1092 2423 1188 2481 terra
1203 2432 1278 2479 non
1300 2421 1396 2480 recta
1411 2408 1658 2482 remissionem
1674 2407 1791 2479 tribue
1807 2422 2047 2506 peccatorum,
2163 2385 2167 2398 ’

373 2515 381 2532 ’
466 2542 507 2599 ut
523 2525 569 2599 ad
586 2551 666 2600 eam
691 2553 770 2624 quae
790 2542 906 2616 recta,
931 2551 996 2625 per
1020 2527 1095 2626 ejus
1116 2526 1302 2598 veniamus
1326 2525 1514 2616 ducatum,
1537 2525 1700 2600 Salvator
1720 2526 1865 2614 mundi,
1888 2527 2048 2624 quicum

467 2651 570 2720 Patre
586 2663 622 2720 et
638 2647 768 2721 eodem
784 2649 917 2748 Spiritu
932 2639 1026 2752 unus
1042 2659 1079 2720 e's
1095 2651 1191 2720 Deus
1207 2649 1244 2719 in
1261 2663 1447 2738 aetemum,
1466 2663 1502 2721 et
1517 2649 1622 2738 ultra
1641 2652 1767 2722 Amen.

953 3402 1032 3490 DE
1073 3400 1314 3493 SANCTO
1348 3401 1567 3496 PETRO.

1139 3676 1250 3724 SERMO
1276 3677 1374 3725 xx111.

511 3866 608 3936 Beati
626 3865 720 3938 Petri
736 3866 982 3963 apostolorum
998 3869 1170 3967 principis
1186 3869 1394 3942 solemnitas
1410 3884 1513 3943 tanto
1528 3870 1702 3944 celebrius
1713 3871 1759 3943 ab
1776 3873 1933 3946 Ecclesia
1943 3899 2048 3946 vene-

462 3982 576 4056 randa
591 4000 661 4074 est,
680 4001 817 4084 quanto
834 3986 902 4086 ipsi
917 4011 938 4059 a
954 3988 1113 4060 Domino
1131 3988 1284 4087 amplior
1302 3990 1522 4089 principatus
1542 3991 1579 4063 in
1602 3991 1759 4064 Ecclesia
1774 4016 1965 4066 concessus
1979 4010 2043 4066 est.

462 4107 583 4200 Ipsum
599 4105 733 4204 quippe
746 4107 848 4203 quasi
862 4105 1138 4179 fundamentum
1152 4107 1316 4180 Ecclesiae
1332 4109 1508 4181 Dominus
1522 4108 1724 4202 collocavit,
1736 4136 1849 4209 quum
1863 4113 1900 4184 in
1912 4113 2049 4185 confes·

461 4223 562 4295 sione
573 4221 658 4296 fidei
669 4251 842 4324 suae‚.qua
854 4225 991 4300 dictum
1005 4231 1095 4300 est’:
1113 4257 1131 4298 t<
1143 4232 1194 4299 Tu
1205 4252 1243 4299 es
1257 4227 1416 4300 Christus
1428 4229 1534 4301 Filius
1545 4231 1610 4302 Dei
1623 4231 1713 4322 vivi,
1731 4261 1747 4300 u
1758 4247 1932 4331 tanquam
1943 4237 1979 4306 in
1991 4259 2049 4332 pe

462 4357 516 4414 tra
526 4342 683 4440 quadam
695 4344 897 4419 firmissima
911 4345 1106 4420 Ecclesiam
1117 4371 1220 4419 suam
1230 4346 1477 4421 aedificandam
1487 4373 1563 4421 esse
1574 4349 1751 4448 praedixit:
1762 4354 1837 4424 etei
1850 4355 2048 4452 specialiter

462 4460 595 4558 ligandi
611 4479 718 4562 atque
733 4466 897 4538 solvendi
913 4477 1129 4566 potestatem
1143 4467 1337 4540 commisit.
1356 4469 1464 4565 Cujus
1480 4468 1627 4568 quidem
1643 4485 1751 4569 petrae
1771 4471 2048 4546 fundamentum

405 4649 408 4654 .
461 4581 586 4656 beatus
607 4586 839 4678 considerans
859 4589 1057 4688 Cyprianus
1073 4591 1110 4662 in
1128 4589 1277 4689 epistola
1293 4588 1452 4688 quadam
1472 4590 1523 4661 ad
1539 4596 1753 4666 Juvarunum
1769 4595 1816 4666 ita
1833 4597 2018 4667 meminit¹
2038 4626 2045 4666 :

461 4731 481 4764 «
503 4703 728 4778 Manifestum
744 4722 798 4780 est
813 4723 933 4780 autem
949 4724 985 4780 et
1000 4733 1065 4806 per
1080 4733 1172 4808 quos
1189 4708 1336 4781 remissa
1351 4724 1581 4806 peccatorum
1597 4711 1674 4784 dari
1690 4713 1814 4811 possit.
1835 4717 1925 4786 Nam
1943 4719 2049 4787 Petro

496 4931 503 4956 ¹
520 4929 609 4981 Psalm.
619 4946 698 4994 extu,
709 4950 734 4984 v.
750 4937 789 4986 tt).
799 4933 850 4974 —'
864 4935 961 5000 luuh„
973 4952 1028 5005 cap.
1040 4952 1095 4994 ru.
1108 4953 1132 4988 r.
1146 4939 1184 4987 16.
1197 4961 1231 4977 ·-
1270 4936 1327 4989 licet
1337 4937 1417 4998 datum
1428 4953 1484 4989 nam
1496 4939 1567 4990 Petro
1576 4941 1680 5006 primum
1691 4927 1981 5010 Domlnnr.supoequan
1990 4942 2052 4992 adi-

462 5012 473 5040 ⁸
487 5010 515 5064 S.
528 5011 643 5080 Cypriani
660 5017 721 5082 Ορρ.
735 5017 847 5083 Desinit,
862 5021 941 5083 ms,
956 5021 1053 5084 in-iol.‚
1068 5037 1093 5087 p.
1113 5023 1170 5072 131.
1183 5022 1231 5072 bo-
1271 5021 1352 5073 llcarit
1361 5022 1505 5081 Ecclesiam,
1519 5023 1587 5076 dedit
1596 5035 1622 5076 ut
1634 5025 1658 5075 id
1667 5027 1802 5078 solveretur
1814 5026 1838 5078 in
1850 5029 1918 5080 colis
1929 5028 1994 5101 qch
2007 5027 2051 5078 ille

461 5109 505 5148 cm
515 5097 551 5148 tic
563 5099 728 5152 restituendus
739 5122 745 5152 ι
758 5119 770 5148 α
782 5101 935 5156 llanilertum
952 5115 990 5156 ert
1005 5117 1086 5157 autem
1097 5104 1139 5158 ubi
1153 5115 1178 5156 et
1191 5121 1236 5172 per
1275 5107 1387 5159 solvisset
1397 5111 1421 5157 in
1435 5108 1515 5162 terris.
1526 5127 1537 5152 ·

413 5207 417 5214 ·
461 5183 632 5248 qoosmmina
640 5187 1236 5256 peccatorumdaripossit3qne5nbaptismotci-
