4486 6100
430 629 502 702 308

466 767 596 837 Quorum
609 765 702 820 statim
716 763 819 820 chorus
832 781 889 819 uon
905 763 1015 821 modica

466 855 560 928 liujus
572 865 650 912 ortus
666 852 762 910 eduxit
776 852 885 929 gandia.

469 1006 627 1062 Defuermt
640 1001 764 1060 fortassis
774 1002 886 1070 balnea,
1008 1021 1016 1036 ·

467 1095 522 1152 Sed
534 1114 618 1172 quam
630 1094 723 1151 lavent
735 1111 791 1150 non
805 1105 865 1151 erat
876 1093 993 1150 macula.

468 1187 531 1243 Non
543 1196 586 1242 est
598 1183 679 1242 dolor
692 1203 776 1261 quem
789 1185 835 1242 illa
858 1185 996 1256 relevent,

468 1275 527 1332 Nec
540 1276 658 1332 scissura
669 1292 754 1351 quam
767 1273 815 1331 illa
827 1285 968 1350 reparent.

468 1427 502 1480 In
514 1423 628 1480 excelsis
638 1425 675 1482 sit
688 1425 747 1480 Deo
762 1423 863 1497 gloria,

468 1516 548 1572 PacIs
561 1515 591 1571 in
603 1526 679 1570 terra
691 1513 810 1583 lmdsra,

470 1608 564 1678 Quam
577 1623 661 1680 super
671 1605 717 1661 bis
730 1623 811 1661 voces
826 1605 956 1678 angelice

468 1697 633 1753 Decantasse
645 1706 800 1752 noscuntur
813 1694 908 1752 bodie.

998 1785 1086 1840 Astus.

771 1945 938 2010 m..

471 2095 523 2150 Dei
536 2095 624 2169 patria
635 2105 665 2150 et
676 2094 773 2150 matris
785 2095 898 2161 unicus,

445 2171 449 2180 ’
469 2185 504 2240 In
518 2201 637 2258 presepe
649 2202 702 2258 pro
715 2185 795 2240 cunis
807 2185 929 2257 positus,

468 2275 620 2348 Angustias
632 2274 760 2349 presepia
774 2274 905 2342 sustinet,

471 2364 565 2434 Quem
578 2363 699 2420 ambitus
712 2361 773 2419 coeli
785 2379 842 2420 non
854 2363 990 2418 contiuet.

471 2510 620 2583 Excipitur
635 2509 682 2566 v'xli
694 2509 825 2585 tugurio,

471 2602 528 2672 Qui
542 2599 671 2675 presidet
682 2600 744 2656 coeli
756 2599 869 2674 palatio.

471 2693 544 2764 Quis
560 2708 644 2767 super
656 2691 725 2761 boc,
740 2693 803 2767 quis
817 2709 873 2746 non
887 2690 1056 2764 obstupeat?

471 2782 558 2855 cujus
571 2792 692 2840 mentem
705 2782 761 2837 hoc
772 2800 829 2838 non
846 2781 1042 2837 commoneat?

471 2932 582 3005 Pauper
594 2932 683 3001 Deus,
699 2931 757 2987 imo
768 2931 981 3006 pauperrimus,

468 3021 514 3079 Sic
527 3022 615 3076 Iactus
627 3031 669 3078 est
680 3039 732 3096 pro
746 3021 827 3076 nobis
838 3019 978 3078 omnibns.

444 3111 540 3204 ,Quae
553 3121 619 3166 sunt
632 3121 738 3186 grates,
752 3127 813 3184 que
826 3109 976 3166 retributio

471 3199 562 3274 Super
572 3201 634 3256 istis
647 3219 661 3255 a
674 3200 755 3257 nobis
765 3199 910 3257 Domino?

472 3351 505 3406 In
519 3349 633 3423 praesepi
646 3349 736 3423 vagit,
751 3359 783 3403 ut
794 3347 940 3421 parvulus,
987 3371 996 3389 ·

472 3439 529 3510 Qui
541 3438 667 3494 concutit
679 3438 780 3494 coelum
791 3437 965 3505 tonitrubus3

473 3528 597 3585 Stratum
612 3527 777 3585 babetloeni
796 3527 940 3602 reliquias,
1047 3537 1052 3548 ·

474 3619 530 3689 Qui
546 3617 659 3692 regibus
670 3618 791 3692 largitur
802 3635 950 3692 purpuras.

474 3767 629 3823 Bestiarum
642 3768 762 3824 infertur
774 3767 875 3842 pabulo

472 3857 647 3930 Angelorum
658 3859 717 3932 Ipsa
730 3857 853 3914 relectio.

474 3948 564 4004 Instat
574 3947 641 4005 inde
654 3965 720 4023 grex
733 3947 910 4016 animalium,

473 4039 547 4096 llinc
557 4039 649 4114 angeli
662 4039 787 4114 prebent
800 4037 976 4114 obsequium.

474 4190 508 4244 In
520 4187 634 4246 excelsis
645 4191 682 4245 sit
695 4189 754 4244 Deo
767 4187 871 4262 gloria,
885 4198 939 4243 etc.

764 4349 874 4405 XXXI.

474 4493 566 4562 Quam
578 4490 691 4547 beatum
706 4500 824 4546 stratum
836 4489 891 4545 hoc
903 4490 1045 4546 straminis

474 4583 572 4638 Tanta
588 4581 659 4638 latus
668 4582 745 4658 quoti
757 4582 857 4656 pressit
869 4581 1000 4656 virginis,

474 4671 539 4743 Quo
558 4669 688 4744 parvulus
699 4687 813 4726 nascens
824 4670 978 4744 excipitur,

472 4761 561 4834 Cujus
573 4761 663 4834 palma
676 4759 777 4816 coelum
791 4758 986 4816 concluditur!

474 4901 508 4957 In
520 4900 615 4956 sericis
627 4899 729 4973 reginae
743 4909 843 4955 cetere

474 4990 590 5048 Summo
602 4989 692 5046 solent
703 4987 800 5045 dolore
810 5006 917 5064 parere.

1029 623 1158 698 PETRI
1184 625 1416 702 ABAELsuul

1279 765 1353 824 Vilis
1366 770 1445 825 strati
1459 769 1684 830 beatuslectulus
1739 744 1743 751 ι

1280 855 1368 914 Omni
1380 858 1467 916 fuerit
1480 859 1577 916 dolore
1589 861 1709 917 nescius.

1280 1007 1390 1082 Regum
1403 1009 1476 1066 natis
1489 1009 1518 1064 in
1532 1009 1663 1066 allmonia

1279 1094 1351 1152 Sunt
1361 1097 1474 1153 subacta
1485 1099 1628 1154 nutricum
1640 1097 1734 1154 ubera

1281 1184 1425 1242 Educatur
1433 1187 1504 1244 lacte
1516 1189 1658 1263 virgiaco,
1681 1225 1684 1232 ,

1280 1275 1370 1351 Virgo
1382 1277 1474 1334 clauso
1486 1297 1570 1354 quem
1583 1277 1659 1336 ludit
1671 1290 1764 1339 utero.

1281 1423 1359 1479 Nulli
1376 1443 1476 1499 regum
1489 1427 1564 1482 iuter
1575 1435 1619 1480 tot
1630 1424 1741 1499 epulas,

1280 1515 1360 1570 Inter
1373 1525 1463 1572 tantas
1474 1527 1503 1571 et
1516 1525 1559 1571 tot
1571 1507 1699 1585 delicias,

1280 1605 1452 1661 Concessum
1464 1615 1505 1660 est
1517 1615 1549 1662 ut
1561 1604 1632 1660 lacte
1648 1605 1766 1678 virginis

1281 1693 1354 1765 Quis
1366 1693 1403 1750 (le
1414 1695 1471 1749 suis
1484 1693 1575 1750 alatur
1587 1692 1719 1768 parvulis.

1282 1837 1374 1910 Virgo
1385 1853 1492 1910 pauper
1508 1834 1632 1891 fortassis
1644 1835 1747 1904 esurit,

1282 1926 1351 1997 Qum
1364 1924 1511 1999 parvulum
1524 1925 1580 1980 hoc
1592 1923 1663 1980 lacte
1680 1923 1779 1980 reficit.

1282 2015 1403 2090 Stupeut
1414 2015 1488 2086 cmii,
1503 2015 1641 2070 mirantur
1654 2012 1762 2088 angeli,

1284 2102 1431 2180 Obsequio
1440 2103 1570 2160 lactantis
1581 2099 1681 2158 seduli.

1285 2251 1319 2307 In
1331 2251 1443 2308 excelsis
1454 2251 1491 2306 sit
1505 2249 1564 2306 Deo
1574 2247 1673 2324 gloria,
1685 2257 1742 2303 etc.

1569 2407 1694 2464 XXXII.

1284 2551 1396 2622 Gaude,
1408 2553 1489 2625 virgo
1501 2551 1642 2627 virginum
1655 2548 1760 2623 gloria,

1286 2643 1409 2698 blatrum
1422 2641 1507 2697 decus
1520 2651 1549 2697 et
1563 2650 1666 2708 mater,
1678 2637 1782 2713 jubila,

1286 2733 1356 2804 Quae
1367 2749 1517 2787 commune
1530 2740 1690 2787 sanctorum
1702 2729 1829 2787 omnium

1285 2823 1415 2880 liernisti
1425 2822 1553 2879 conferta
1565 2821 1709 2896 gaudium.
1756 2813 1760 2822 '

1282 2964 1454 3022 Patriarcbis
1467 2965 1569 3024 sanctis
1581 2983 1613 3020 ac
1625 2963 1741 3038 regibus

1283 3057 1325 3112 Te
1337 3055 1423 3111 liliam
1439 3055 1570 3129 promisit
1581 3055 1734 3122 Dominum

1284 3144 1327 3199 Te
1339 3143 1462 3217 figurant
1471 3142 1541 3217 legis
1553 3144 1716 3218 enigmata,

1281 3233 1489 3308 Prophetarum
1503 3242 1608 3289 canunt
1619 3231 1740 3290 oracula.

1285 3377 1329 3431 Te
1345 3375 1495 3450 requirunt
1506 3383 1569 3430 vota
1581 3373 1721 3444 fidelium,

1287 3465 1332 3522 ad
1345 3475 1373 3521 te
1386 3464 1470 3521 corrla
1483 3465 1625 3539 suspirant
1636 3465 1782 3532 omnium;

1287 3557 1333 3610 Tu
1346 3573 1407 3629 apes
1427 3565 1520 3610 nostra
1531 3564 1595 3627 post
1612 3553 1703 3610 Deum
1715 3554 1814 3619 unica,

1286 3645 1427 3702 Advocata
1441 3643 1523 3701 nobis
1534 3661 1564 3700 es
1577 3643 1677 3720 posita.

1288 3795 1334 3854 sd
1342 3795 1447 3870 jndicIs
1458 3805 1578 3851 matram
1594 3793 1777 3867 confugiunt,

1285 3885 1345 3958 Qui
1354 3884 1460 3959 judicis
1477 3885 1548 3940 iram
1560 3881 1711 3956 effugiunt.

1284 3976 1354 4046 Qnae
1365 3973 1521 4048 supplicare
1534 3991 1587 4048 pro
1599 3973 1640 4028 eis
1652 3973 1764 4047 cogitur
1773 3973 1793 4038 ¹,

1284 4064 1353 4135 Quae
1366 4081 1417 4136 pro
1430 4064 1485 4119 reis
1498 4073 1587 4119 mater
1596 4059 1725 4118 efficitur.

1283 4203 1312 4260 0
1326 4205 1620 4278 parietas!
1635 4201 1708 4258 tilius

1282 4293 1328 4350 Ad
1340 4295 1395 4350 hoc
1410 4295 1516 4369 gignit,
1529 4292 1632 4350 adhoc
1643 4301 1687 4349 ast
1699 4290 1821 4364 genitus,

1284 4383 1325 4441 Ut
1336 4384 1478 4441 salventur
1490 4383 1561 4441 servi
1574 4401 1626 4457 per
1628 4421 1706 4439 .......
1708 4381 1720 4414 ’
1730 4383 1742 4436 l'

1285 4475 1377 4547 Quam
1389 4473 1503 4532 exbibet
1515 4475 1574 4530 bac
1585 4472 1646 4530 (lies
1657 4472 1816 4527 maximam.

1286 4617 1320 4671 ln
1332 4615 1447 4672 excelsis
1460 4613 1497 4671 sit
1509 4615 1569 4670 Deo
1581 4612 1684 4690 gloria,
1698 4621 1753 4668 etc.

1561 4771 1703 4830 XXXIII.

1322 4903 1501 4960 Nasciturum
1514 4902 1570 4958 sive
1583 4911 1680 4957 natum

1336 4992 1408 5050 cmi
1421 5009 1517 5064 regem
1530 5001 1559 5047 et
1569 5001 1656 5046 terra

465 5171 614 5318 sdsmbfflttotl
625 5197 642 5211 ·
659 5173 719 5234 0¹⁴oe
730 5169 861 5225 dolendum
872 5170 1042 5223 samsidetnr.
1062 5197 1091 5209 -
1117 5169 1403 5224 'Ilsmbrauabocloco
1415 5167 1628 5232 clematium,
1640 5167 1764 5221 utlittern
1782 5165 1935 5218 iutmmsdie
1961 5162 2039 5216 nullo

439 5269 463 5305 m
497 5268 513 5306 o
584 5251 685 5319 possint
