4536 6102
593 599 651 672 on
677 600 843 674 sineru
869 543 1272 676 resumentem
1297 600 1458 675 sesne.
1583 632 1588 641 -
1747 603 1816 676 ssa

238 743 336 818 enim
352 759 493 842 partem
508 744 625 814 Mariae
646 742 738 840 parti
758 740 961 839 praetulerat
983 742 1128 813 Marthae
1141 746 1163 832 ¹,
1186 765 1415 839 nequaquam
1437 743 1650 814 excellentiae
1670 747 1817 816 loannis

236 887 434 959 congruere
454 861 700 949 censebamur
720 885 803 931 eum
828 859 873 930 de
900 861 1019 956 quiete
1046 862 1163 930 Mariae
1186 859 1232 932 ad
1250 859 1412 932 laborem
1428 861 1559 931 ,venire
1587 861 1812 958 compelleret

234 981 394 1054 Marthae.
413 980 554 1053 Sciebat
569 995 606 1050 et
623 978 711 1075 quid
728 980 803 1075 ipse
820 977 886 1048 sub
902 1002 1058 1074 persona
1072 980 1196 1077 sponsi
1218 978 1264 1049 de
1288 1003 1420 1078 sponsa
1442 996 1664 1077 praeceperat
1675 981 1761 1052 olim
1777 988 1786 1020 ²
1805 1011 1812 1052 :

236 1129 253 1170 u
270 1105 320 1173 Ne
336 1102 527 1189 suscitetis,
543 1086 714 1196 eloquit,
735 1127 752 1165 ιι
768 1121 885 1194 neque
902 1098 1066 1194 evigilare
1083 1097 1219 1170 faciatis
1239 1098 1423 1204 dilectam,
1445 1099 1562 1172 donec
1582 1102 1659 1197 ipsa
1678 1101 1774 1170 velit.
1796 1132 1812 1168 n

234 1221 303 1308 Qui
315 1220 425 1308 enim,
436 1234 476 1289 ut
490 1242 597 1314 supra
608 1217 849 1306 meminimus,
862 1216 1025 1287 debiturn
1034 1216 1101 1287 sibi
1113 1215 1304 1315 reliquerat
1314 1217 1577 1316 pontificatum,
1588 1243 1815 1317 nequaquam

232 1353 360 1436 sponte
377 1337 573 1434 susciperet
588 1335 841 1433 apostolatum.
857 1339 902 1406 Et
915 1337 977 1432 qui
993 1337 1198 1408 conversari
1212 1361 1287 1409 non
1302 1338 1469 1410 sustinuit
1480 1338 1516 1408 in
1530 1338 1684 1428 civitate,
1701 1341 1814 1412 multo

233 1460 350 1530 minus
373 1459 614 1556 acquiesceret
629 1482 694 1557 per
709 1458 888 1529 mundum
903 1458 1114 1530 discurrere.

259 1580 264 1589 '
278 1577 495 1666 Monachus,
515 1575 659 1666 fratres,
678 1602 741 1648 seu
756 1575 948 1665 heremita,
966 1603 1099 1650 nomen
1117 1592 1171 1649 est
1184 1577 1376 1673 religionis.
1390 1579 1588 1676 Episcopus
1607 1594 1725 1650 autem
1739 1583 1812 1652 sive

229 1693 377 1766 clericus
392 1695 609 1767 vocabulum
628 1711 681 1768 est
701 1695 809 1767 officii
835 1711 871 1766 et
894 1697 1031 1793 operis,
1051 1697 1162 1792 magis
1177 1721 1287 1796 quam
1310 1695 1525 1767 devotionis.
1546 1696 1656 1768 Unde
1667 1716 1811 1796 aposto·
1837 1679 1842 1686 ⁶

228 1812 302 1884 lus³
321 1843 329 1884 :
351 1841 368 1883 a
383 1816 453 1901 Qui
476 1815 741 1914 episcopatum,
758 1843 776 1882 n
795 1817 931 1913 inquit,
952 1814 1180 1907 «desiderat,
1198 1815 1338 1888 bonum
1354 1841 1446 1913 opus
1466 1814 1656 1889 desiderat.
1676 1845 1694 1884 n
1713 1819 1812 1890 Ideni

228 1931 312 2005 alibi
336 1934 381 2005 de
407 1919 523 2032 seipso
545 1951 581 2006 et
605 1935 850 2006 consimilibus
875 1936 975 2006 ait‘:
1006 1937 1097 2006 «Sic
1122 1960 1189 2007 nos
1218 1937 1394 2007 existimet
1419 1935 1532 2008 homo
1560 1951 1600 2008 ut
1631 1937 1811 2012 ministros

226 2036 378 2140 Christi,
401 2067 437 2123 et
457 2052 738 2154 dispensatores,
757 2066 826 2125 etc.
847 2079 865 2120 n
889 2057 968 2125 Non
997 2054 1094 2151 apud
1119 2055 1316 2125 Dominum
1340 2053 1470 2126 domus
1496 2055 1657 2151 ejusdem
1682 2057 1811 2152 gradus

205 2204 212 2216 ·
226 2184 310 2238 sunt
326 2194 458 2268 sponsa
474 2171 549 2267 ejus
565 2173 602 2244 in
617 2187 756 2245 secreto
772 2170 920 2244 thalami
936 2197 1104 2262 manens,
1122 2188 1158 2244 et
1174 2174 1335 2246 minister
1352 2173 1584 2247 exterioribus
1601 2176 1807 2266 intendens,

225 2288 389 2382 quamvis
401 2303 438 2361 et
453 2288 499 2361 de
516 2315 651 2390 sponsa
665 2293 742 2390 ipsa
757 2292 971 2364 nonnullam
982 2292 1247 2390 providentiam
1264 2307 1299 2363 et
1314 2315 1439 2365 curam
1452 2309 1563 2388 gerat.
1580 2294 1637 2366 stc
1653 2310 1689 2366 et
1705 2296 1741 2366 in
1757 2322 1811 2367 eo-

224 2408 331 2482 clesia
347 2411 412 2480 Dei
433 2409 647 2484 clericorum
667 2412 723 2484 vel
751 2413 1004 2511 episcoporum
1028 2403 1229 2513 occupatio
1243 2413 1423 2487 laboriosa
1448 2439 1675 2511 nequaquam
1698 2419 1809 2512 quieti

224 2529 429 2602 monasticae
444 2530 757 2629 contemplationis
776 2547 829 2604 est
842 2533 1062 2630 coequanda
1077 2561 1085 2603 :
1102 2547 1302 2629 quantum,
1321 2532 1488 2629 inquam,
1508 2531 1554 2603 ad
1572 2533 1689 2604 meriti
1704 2538 1809 2631 perti-

224 2661 285 2717 net
301 2649 559 2750 quantitatem,
577 2676 653 2724 non
670 2652 945 2726 ecclesiasticam
968 2653 1190 2747 dignitatern.
1215 2651 1319 2722 Unde
1346 2666 1382 2722 et
1408 2651 1619 2750 plerumque
1646 2653 1808 2726 videmus

223 2789 298 2836 nou
313 2766 431 2839 solum
447 2768 616 2860 clericos,
637 2771 872 2842 verumetiam
890 2772 1077 2868 episcopos
1097 2795 1165 2868 pro
1188 2769 1441 2841 emendatione
1461 2771 1541 2841 vitae
1562 2770 1608 2841 ad
1627 2770 1807 2843 humilita-

222 2899 294 2958 tem
310 2889 574 2961 monachorum
589 2889 825 2979 descendere,
839 2890 966 2962 habitu
980 2891 1210 2989 pariter'cum
1220 2891 1295 2961 vita
1308 2905 1460 2961 mutato.
1476 2890 1673 2962 Monachus
1686 2907 1806 2964 autern

221 3004 267 3075 ad
286 3005 405 3079 officia
422 3007 635 3082 clericorum
651 3010 763 3082 ascire
782 3033 858 3080 non
874 3009 965 3080 solet
980 3009 1136 3079 Ecclesia
1153 3033 1384 3106 presumere,
1404 3008 1471 3079 nisi
1491 3008 1631 3078 tantuin
1649 3008 1695 3081 ad
1711 3036 1807 3082 sum-

172 3135 176 3146 *
220 3149 320 3196 mum
344 3128 533 3200 sacerdotii
552 3127 703 3224 gradum
720 3157 728 3198 ε
744 3142 780 3199 et
795 3128 889 3217 hoc,
912 3144 953 3199 ut
977 3128 1147 3216 diximus,
1167 3151 1242 3200 non
1262 3129 1338 3199 sine
1354 3127 1475 3225 aliquo
1492 3128 1672 3228 religionis
1695 3129 1805 3200 detri-

219 3264 355 3320 mento.
375 3251 482 3335 Quod
500 3275 613 3347 quum
629 3250 809 3336 evenerit,
830 3273 1058 3345 nequaquam
1075 3251 1123 3338 is,
1142 3249 1203 3345 qui
1220 3250 1408 3345 episcopus
1425 3248 1536 3320 sactus
1553 3263 1621 3336 est,
1641 3255 1804 3343 quamvis

217 3369 428 3464 religionem
443 3372 599 3459 minuat,
618 3370 782 3442 habitum
802 3385 924 3440 tamen
942 3347 1123 3465 religionis
1140 3394 1214 3441 non
1233 3383 1361 3441 mutat.
1382 3369 1434 3442 td
1458 3394 1567 3467 quam
1588 3370 1734 3466 quidem
1751 3396 1804 3441 re-

217 3487 387 3581 ligionem
403 3513 516 3587 quum
534 3486 596 3559 filii
613 3513 758 3586 quoque
780 3487 1010 3562 sacerdotum
1024 3469 1239 3580 transeunt,
1262 3488 1325 3584 qui
1343 3486 1389 3558 de
1415 3487 1591 3558 adulterio
1613 3504 1803 3584 parentum

218 3617 353 3676 tantam
369 3604 527 3678 infamiae
539 3605 659 3678 labem
683 3606 847 3696 trahunt,
865 3621 907 3676 ut
926 3631 993 3677 nec
1012 3621 1199 3678 tonsuram
1222 3604 1493 3676 ecclesiasticam
1518 3606 1696 3702 suscipere
1719 3631 1800 3702 per·

217 3722 416 3814 mittantur,
430 3741 623 3823 postquam
638 3726 808 3798 monachi
826 3725 979 3814 suerint,
997 3741 1075 3797 tota
1090 3725 1150 3798 illa
1165 3724 1264 3798 labes
1280 3727 1475 3798 sanctitatis
1489 3724 1632 3798 lavacro
1646 3724 1798 3816 deletur,

217 3858 255 3914 ut
274 3843 444 3943 deinceps
462 3829 528 3945 per
546 3847 705 3942 singulos
726 3847 1048 3920 ecclesiastieorum
1071 3845 1241 3918 ordinum
1258 3845 1389 3942 gradus
1414 3871 1527 3943 usque
1551 3847 1596 3918 ad
1617 3847 1801 3945 episcopa·

214 3963 285 4036 lem
309 3970 555 4042 conscendant
572 3966 810 4040 altitudinem.
830 3971 1014 4054 Quantum
1036 3966 1193 4063 denique
1215 3966 1384 4038 monachi
1405 3965 1541 4038 clericis
1565 3969 1801 4065 praemineant

213 4085 250 4155 ln
276 4088 428 4177 meritis,
447 4089 524 4185 ipsa
548 4088 783 4183 ecclesiastica
803 4087 1027 4160 consuetudo
1048 4101 1210 4176 testatur,
1237 4111 1350 4186 quum
1374 4086 1540 4164 videlicet
1563 4087 1600 4156 in
1627 4088 1800 4186 supplica·

214 4188 312 4277 tione
329 4206 468 4308 letaniae
483 4209 622 4281 dicatur
639 4208 685 4281 ab
701 4207 870 4280 omnibus
890 4236 898 4278 ι
915 4211 1086 4280 ‹cOmues
1105 4207 1219 4280 sancti
1243 4206 1413 4278 monachi
1433 4221 1470 4277 et
1484 4206 1678 4294 heremitae,
1697 4219 1797 4277 orate

213 4351 280 4421 pro
297 4325 415 4398 nohis.
426 4333 486 4400 »Α
504 4328 610 4401 nullis
627 4343 748 4402 autem
764 4328 835 4400 diei
851 4329 1096 4427 presumitur:
1111 4329 1246 4400 Omnes
1262 4329 1373 4400 sancti
1390 4325 1528 4414 clerici,
1546 4325 1603 4396 vel
1622 4327 1793 4422 episcopi,

210 4467 274 4515 seu
293 4446 473 4538 canonici,
494 4464 595 4521 orate
610 4475 679 4547 pro
695 4447 813 4522 nobis.
833 4452 972 4522 Horum
986 4448 1119 4546 quippe
1131 4447 1281 4520 nomina
1293 4448 1439 4518 seuvita
1452 4466 1527 4518 non
1539 4445 1587 4516 ita
1601 4459 1640 4515 ut
1651 4443 1795 4516 illorum

210 4565 397 4638 sanctitate
412 4569 636 4665 praeminent.

259 4685 296 4752 Si
311 4683 419 4780 igitur
436 4687 487 4756 sic
503 4703 573 4776 est,
594 4687 669 4758 imo
687 4689 772 4784 quia
787 4688 838 4760 sie
854 4703 926 4776 est,
944 4702 984 4758 ut
1000 4684 1164 4758 uidelicet¹
1185 4687 1260 4757 vita
1282 4685 1478 4756 monastica
1501 4685 1686 4756 sanctitate
1711 4706 1795 4780 prae-

210 4803 344 4874 mineat
365 4805 558 4904 episcopali
579 4806 898 4895 administrationi,
916 4807 1043 4878 sicute
1063 4830 1240 4878 converso
1262 4806 1329 4879 ista
1343 4803 1393 4876 illi
1412 4807 1598 4902 praeminet
1622 4802 1794 4898 dignitate

208 4919 424 5016 prandonis
437 4951 451 5014 ,⁴
465 4949 573 4998 nemo
591 4925 752 5023 profecto
772 4939 825 4997 est
842 4923 923 5022 plus
938 4924 1163 5000 sanctitatem
1175 4950 1285 5023 quam
1300 4925 1510 5020 dignitatem
1525 4937 1714 5020 appetens,
1731 4926 1792 5018 qui

245 5191 683 5260 'tue.,up.x,v.tr.-¹0au.,
699 5213 755 5263 cap.
775 5213 807 5260 u,
826 5213 850 5247 r.
869 5198 958 5250 t.·—⁸
972 5197 1030 5248 itm.
1043 5199 1069 5259 1,
1080 5213 1137 5264 cap.
1148 5215 1224 5260 rn,r.
1240 5202 1261 5246 t.
1275 5226 1300 5235 -
1314 5197 1325 5225 ⁴
1340 5199 1447 5248 Cortum.
1461 5197 1546 5262 hosp.
1560 5211 1593 5256 rr,
1605 5214 1627 5246 v.
1643 5201 1664 5245 t.
