4590 6106
974 633 1142 678 ...p-

248 783 408 894 plurimi
427 803 655 862 sermonum
665 777 830 856 istorum
840 775 884 853 in
898 774 1020 854 elium
1036 802 1199 884 quoque
1214 805 1329 858 usum
1343 794 1448 860 certe
1462 777 1647 862 destinati
1659 781 1829 882 fuerint,

248 951 357 1015 sexto
366 928 555 1040 Epistola
572 925 782 1006 addicam
799 924 1069 1022 Bernardam,
1088 925 1153 1004 eui
1169 925 1301 1006 locum
1316 924 1428 1008 dedit
1441 955 1546 1010 unus
1564 958 1613 1010 ex
1630 934 1834 1040 prioribus

249 1079 521 1176 sermonibus3
557 1077 726 1189 septimo
753 1073 968 1182 Expositio
988 1074 1030 1152 in
1049 1075 1323 1172 Heaameron,
1355 1079 1436 1158 sive
1461 1081 1504 1158 in
1525 1080 1732 1162 exordium
1756 1085 1833 1164 Ge-

247 1263 408 1334 neseos,
437 1237 558 1342 (Ῐυαπι
582 1257 624 1312 se
650 1229 850 1337 scripsisse
877 1227 932 1307 ait
952 1226 1183 1310 nbaelardus
1211 1247 1256 1310 ut
1282 1257 1432 1310 morem
1468 1251 1620 1339 gereret
1647 1235 1832 1316 Heloissae

247 1405 287 1468 et
306 1389 391 1496 ejus
409 1384 588 1480 filiabus;
609 1397 746 1461 octavo
770 1378 887 1458 Fidei
912 1379 1105 1482 confessio
1129 1378 1188 1458 ad
1212 1381 1460 1478 Helaissam,
1486 1408 1576 1461 cum
1593 1383 1830 1490 quibusdum

248 1540 332 1621 aliis
347 1535 564 1647 opusculis.

299 1691 354 1770 Ut
376 1705 508 1769 autem
529 1687 596 1766 hic
619 1685 753 1767 omnia
777 1685 901 1766 lector
919 1683 1062 1764 habeat
1076 1711 1166 1793 quae
1182 1684 1385 1766 historiam
1409 1685 1627 1785 Abaelardi,
1647 1689 1831 1771 Heloissae

247 1861 287 1925 et
309 1839 488 1923 Paracliti
515 1837 733 1933 illustrant,
765 1836 972 1942 selegimus
1003 1851 1043 1915 et
1067 1835 1110 1915 in
1137 1836 1368 1944 Appendiee
1389 1837 1534 1917 iterum
1557 1839 1663 1948 typis
1690 1841 1831 1920 exaudi

248 1993 445 2075 voluimus
465 1989 586 2070 multa
606 1989 700 2068 illuc
723 1988 986 2098 pertinentia,
1006 1987 1190 2096 quaejam
1213 1985 1391 2069 ediderat
1412 1989 1667 2089 Amboesius,
1686 1994 1834 2074 scilicet

115 2145 122 2162 '
250 2143 476 2252 Epistoltm
500 2139 713 2237 Falconis,
723 2138 878 2246 prioris
895 2137 943 2217 de
964 2135 1170 2244 Diogillc,·
1188 2137 1389 2245 Elegiarn,
1408 2166 1489 2246 qua
1508 2141 1696 2221 Hilarius
1719 2145 1834 2222 Petri

247 2293 459 2375 Adcelurdi
471 2291 692 2401 discipulus
702 2289 869 2400 plangit
885 2315 1078 2368 recessum
1082 2287 1340 2396 praeceptoris
1352 2289 1420 2368 sui
1427 2317 1478 2368 ea·
1488 2289 1721 2388 Paraelito,·
1733 2323 1831 2402 qua-

248 2463 338 2526 tuor
361 2443 572 2554 Epistolas
597 2441 712 2520 Petri
737 2437 986 2518 Venerabilis
1005 2455 1043 2516 et
1060 2437 1258 2518 Heloissae
1275 2437 1323 2516 de
1343 2455 1467 2517 morte
1483 2441 1696 2520 Abaelardi
1720 2462 1758 2521 et
1783 2449 1831 2523 de

232 2593 332 2696 filio
342 2592 581 2673 Astralabio
588 2621 606 2687 ;
617 2587 846 2699 Epitaphia
856 2584 1069 2666 Abcelardi
1080 2600 1119 2665 et
1127 2584 1324 2665 Heloissae
1333 2615 1352 2681 ,·
1362 2585 1538 2667 Litteras
1553 2603 1592 2666 et
1607 2587 1830 2698 diplomata

247 2772 488 2825 summorum
517 2740 761 2848 Pontificum
786 2737 845 2818 ad
867 2736 1097 2817 Heloissam
1123 2717 1327 2816 Paraoliti
1358 2737 1604 2818 abbatissam
1615 2771 1632 2834 ,·
1655 2740 1830 2851 denique

245 2897 385 2976 seriem
403 2894 714 2974 Abbatissarnm
732 2889 1095 2988 Paraclitensium,
1113 2915 1232 2997 quam
1251 2888 1403 2996 praebet
1424 2889 1565 2970 Gallia
1589 2892 1829 2976 Christiana

243 3046 510 3126 Amboesiana
528 3045 772 3153 ampliorem.

298 3197 391 3276 Haec
416 3212 509 3276 sunt
534 3223 624 3305 quae
656 3196 769 3305 prior
802 3194 868 3274 hic
900 3210 1032 3274 tomus
1061 3192 1323 3303 amplectitur.
1361 3193 1408 3274 In
1446 3199 1654 3305 posteriori
1690 3151 1832 3309 agmen

244 3363 334 3456 aget
350 3346 602 3428 Introductio
625 3345 683 3426 ad
721 3344 1003 3453 Tlteolagiam,
1026 3370 1146 3452 quam
1174 3373 1266 3425 mox
1292 3345 1524 3454 insequetur
1557 3349 1745 3457 Epistola
1775 3355 1833 3430 ad

248 3498 302 3580 G.
324 3499 569 3608 Episcopum
586 3497 873 3594 Parisiensem,
895 3524 975 3605 qua
992 3496 1332 3576 Introductionem
1346 3479 1829 3582 Abaelarduscontralios-

243 3651 431 3732 cellinum
448 3653 638 3732 acerrime
660 3666 808 3731 tuetur.
833 3651 971 3731 Postea
990 3649 1151 3728 venient
1177 3648 1499 3732 Commentarius
1528 3652 1570 3731 in
1599 3652 1828 3762 Epistolam

241 3803 366 3882 Beati
391 3803 519 3884 Pauli
547 3802 605 3883 ad
631 3801 855 3901 Romanos,
887 3799 1105 3908 Theologia
1126 3799 1391 3900 Christiana,
1417 3802 1590 3902 Etdiea,
1610 3833 1680 3885 seu
1704 3806 1800 3885 liber
1815 3841 1828 3885 .·

243 3951 358 4033 Scito
377 3971 415 4033 te
435 3954 590 4063 ipsam,
607 3952 808 4061 Dialogus
826 3953 929 4032 inter
939 3950 1246 4061 philosophum,
1267 3951 1455 4033 Judaeam
1469 3971 1507 4032 et
1529 3955 1566 4034 C
1567 3955 1824 4056 aristionem,

239 4103 449 4207 Professio
454 4101 562 4210 fidei
577 4102 695 4210 longe
714 4101 867 4184 diversa
881 4101 932 4181 ab
951 4101 1154 4209 illaquam
1173 4101 1329 4210 scripsit
1345 4100 1396 4182 ad
1415 4101 1652 4204 Heloissam,
1670 4135 1827 4189 necnon

238 4251 426 4361 quaedam
437 4253 699 4362 Fragmenta.
712 4253 795 4335 Nec
804 4252 931 4335 deerit
944 4254 1009 4332 isti
1017 4279 1182 4361 quoque
1190 4251 1382 4332 volumini
1398 4254 1618 4363 Appendix
1632 4258 1736 4338 varia
1746 4287 1829 4340 non

234 4408 356 4516 par'ri
373 4407 561 4488 momenti
575 4407 784 4488 continens
800 4435 809 4484 ε
823 4405 1037 4514 Epitomen
1057 4403 1282 4512 Theolrgiae
1300 4402 1548 4485 Christianae
1559 4467 1570 4503 ,
1583 4396 1677 4513 ’φη
1695 4409 1829 4488 saltem

232 4555 442 4638 Abaelardi
460 4555 681 4638 doctrinam
699 4555 841 4654 refert3
861 4553 1158 4662 propositiones
1178 4555 1222 4633 in
1245 4552 1464 4634 Senonensi
1482 4555 1651 4636 concilio
1670 4556 1829 4640 damna-

229 4723 323 4808 tes3
343 4708 650 4817 Apologetieum
663 4701 861 4786 Abaelardi
875 4732 898 4783 a
911 4701 1108 4811 discipulo
1125 4702 1361 4810 Berengario
1374 4703 1604 4785 Pictaviensi
1623 4708 1827 4818 scriptum.

229 4859 429 4967 Denique
442 4860 516 4942 toti
532 4857 645 4968 operi
669 4855 962 4965 subjungentur
979 4852 1130 4934 indices
1148 4880 1280 4934 rerum
1296 4872 1334 4935 et
1356 4858 1572 4965 praesertim
1596 4861 1827 4958 nominum,

226 5013 276 5092 in
293 5036 443 5094 eorum
465 5035 582 5090 usum
596 5008 782 5118 inprimis
794 5005 1019 5086 concinnati
1038 5005 1109 5112 qui
1129 5004 1228 5084 seire
1247 5005 1419 5112 gestiunt
1441 5032 1530 5114 quse
1549 5007 1716 5118 scripta,
1733 5013 1832 5090 anti·

226 5189 317 5275 qua
338 5158 404 5238 vel
427 5159 668 5256 recentiora,
693 5157 737 5235 in
764 5154 947 5237 menibus
972 5151 1178 5234 doctorum
1199 5153 1407 5235 hominum
1427 5151 1664 5236 duodecimo
1687 5159 1830 5238 saeculo
