4588 6106
464 669 534 741 160
892 665 1020 738 PETRI
1046 664 1282 739 ABAELdllDl
1307 665 1363 737 ΕΤ
1388 665 1619 740 HELOlSSAE

457 833 619 882 exercere
636 807 849 907 presbyteri,
870 807 901 877 si
917 807 1143 906 episcopatus
1158 821 1195 880 te
1210 809 1266 880 rel
1284 832 1375 908 opus
1392 809 1453 882 vel
1467 834 1562 882 onus
1586 809 1675 882 forte
1700 809 1865 903 delectat,
1895 814 1975 885 vive
2003 817 2040 886 in

458 929 604 1001 urbibus
630 941 665 999 et
683 925 853 1017 castellis,
881 941 917 999 et
935 925 1089 999 aliorum
1122 926 1272 1000 salutem
1301 927 1355 1002 sac
1381 928 1524 1002 lucrum
1543 930 1670 1002 animae
1691 945 1770 1003 tuae.
1795 932 1832 1002 Si
1847 933 1949 1032 cupis
1970 957 2045 1006 esse

457 1048 557 1148 quod
573 1049 720 1142 diceris,
740 1047 960 1137 monachus,
979 1048 1016 1119 id
1034 1063 1087 1121 est
1102 1048 1223 1141 solus,
1254 1049 1342 1148 quid
1363 1049 1448 1122 lacis
1470 1051 1507 1122 in
1533 1048 1704 1142 urbibus,
1732 1077 1811 1151 quae
1829 1056 1953 1152 utique
1971 1080 2043 1126 non

455 1185 539 1241 sunt
568 1169 729 1242 solorum
757 1167 981 1261 habitacula,
1012 1168 1075 1242 scd
1102 1169 1323 1242 multorum?
1351 1169 1466 1242 Habet
1502 1171 1787 1270 unumquodque
1819 1175 2044 1273 propositum

459 1290 637 1388 principes
653 1313 799 1362 suos...
822 1292 866 1361 Et
884 1302 924 1361 ut
939 1287 985 1361 ad
1003 1303 1125 1362 nostra
1151 1291 1357 1378 veniamus,
1377 1290 1534 1388 episcopi
1558 1304 1593 1362 et
1611 1289 1808 1389 presbyteri
1825 1292 1982 1366 habeant
1998 1295 2044 1366 ad

457 1409 660 1508 exemplum
677 1409 883 1508 apostolos,
909 1423 945 1482 et
961 1409 1176 1509 apostolicos
1192 1412 1308 1502 viros,
1335 1435 1489 1510 quorum
1513 1410 1692 1484 honorem
1711 1412 1958 1512 possidentes,
1982 1413 2044 1486 ha·

456 1531 542 1604 bere
555 1532 715 1604 nitantur
727 1545 760 1602 et
775 1531 954 1603 meritum.
972 1535 1044 1603 Nos
1057 1545 1177 1603 autem
1189 1530 1384 1604 habeamus
1397 1532 1573 1632 propositi
1587 1533 1698 1606 nostri
1710 1535 1887 1634 principes
1899 1534 2039 1626 Paulos,

457 1652 651 1742 Antonios,
682 1648 897 1742 Hilarinum,
932 1651 1115 1723 Macarios.
1151 1655 1194 1722 Et
1223 1666 1261 1722 ut
1288 1650 1334 1723 ad
1366 1652 1629 1750 scripturarum
1661 1654 1846 1726 materiam
1871 1654 2038 1746 redeam,

457 1786 578 1843 noster
593 1773 759 1870 princeps
776 1770 901 1868 Elyas,
930 1786 1051 1843 noster
1069 1769 1234 1862 Elisaeus,
1259 1771 1373 1842 nostri
1394 1769 1503 1844 duces
1528 1785 1562 1843 et
1580 1770 1640 1842 filii
1665 1772 1948 1872 prophetarum,
1981 1777 2041 1872 qui

457 1889 666 1962 habitabant
682 1891 719 1964 in
740 1893 832 1989 agris
854 1907 890 1964 et
912 1889 1126 1980 solitudine,
1153 1906 1188 1963 et
1203 1890 1399 1964 faciebant¹
1423 1891 1489 1964 sibi
1509 1889 1736 1964 tabernacula
1760 1910 1887 1992 praeter
1910 1895 2041 1967 fluenta

456 2012 631 2086 Jordanis.
653 2019 707 2086 De
724 2015 766 2088 iis
783 2029 865 2086 sunt
882 2029 916 2085 et
933 2013 983 2086 illi
999 2012 1062 2086 filii
1078 2013 1221 2088 Rechab
1237 2015 1300 2112 qui
1317 2015 1443 2084 vinum
1461 2029 1496 2085 et
1513 2015 1661 2086 siceram
1678 2039 1752 2087 non
1768 2013 1961 2106 bibebant,
1981 2019 2040 2114 qui

457 2133 690 2206 morabantur
705 2135 741 2206 in
759 2134 940 2224 tentoriis,
963 2135 1025 2232 qui
1046 2135 1112 2206 Dei
1128 2159 1217 2207 soce
1232 2159 1297 2232 per
1309 2138 1320 2172 ¹
1334 2133 1525 2206 Jeremiam
1545 2132 1750 2224 laudantur,
1770 2135 1870 2232 quod
1887 2159 1960 2206 non
1978 2134 2040 2207 de·

458 2254 552 2326 ficiat
569 2254 615 2325 de
630 2255 738 2354 stirpe
754 2277 881 2326 eorum
898 2255 952 2325 vir
965 2269 1060 2326 stans
1073 2279 1195 2326 coram
1208 2255 1379 2327 Domino.
1397 2280 1414 2321 u
1437 2256 1480 2324 Et
1496 2277 1563 2325 nos
1579 2279 1683 2351 ergo,
1700 2269 1738 2326 ut
1749 2280 1872 2328 coram
1884 2256 2040 2327 Domino

456 2392 569 2466 stare,
596 2391 631 2449 et
647 2378 722 2473 ejus
738 2377 911 2476 obsequio
930 2379 1044 2476 parati
1061 2379 1172 2476 magis
1194 2378 1376 2452 valeamus
1394 2379 1579 2467 assistere,
1606 2375 1834 2451 tabernawla
1851 2377 1956 2451 nobis
1976 2381 2041 2451 eri·

458 2523 581 2594 gamus
598 2499 634 2568 in
651 2497 863 2589 solitudine,
885 2523 931 2572 ne
947 2499 1117 2572 lectulum
1133 2513 1261 2572 nostrae
1279 2499 1407 2598 quietis
1421 2497 1618 2595 frequentia
1634 2497 1824 2571 hominum
1837 2501 2038 2590 concutiat,

456 2620 613 2715 quietem
642 2618 780 2710 turbet,
811 2620 947 2718 ingerat
972 2622 1207 2712 tentationes,
1234 2635 1392 2693 mentem
1419 2635 1581 2692 asancto
1608 2619 1734 2691 evellat
1761 2623 1960 2720 proposito.
1989 2623 2039 2694 Ad

454 2763 563 2837 quam
580 2738 727 2837 quidem
742 2739 890 2812 liberam
911 2741 990 2814 vitae
1007 2741 1296 2839 tranquillitatem
1317 2740 1463 2812 beatum
1483 2741 1667 2810 Arsenium
1685 2741 1842 2811 Domino
1868 2741 2041 2839 dirigente

453 2858 621 2930 omnibus
634 2861 672 2931 iu
688 2886 760 2933 uno
778 2861 1004 2935 manifestum
1016 2860 1142 2935 datum
1154 2878 1206 2934 est
1217 2862 1434 2961 exemplum.
1455 2857 1558 2930 Unde
1577 2873 1613 2930 et
1632 2862 1805 2960 scriptum
1819 2863 1889 2934 est³
1907 2891 1914 2931 :
1937 2889 1955 2928 a
1972 2861 2040 2932 Ab·

452 2979 688 3054 basrlrsenius
699 3007 811 3082 quum
823 2982 942 3054 adhuc
952 2959 1043 3055 esset
1055 2979 1092 3055 in
1103 2981 1248 3083 palatin,
1265 2983 1380 3054 oravit
1394 2981 1439 3053 ad
1452 2982 1667 3074 Dominum,
1682 2981 1823 3053 dicens:
1841 2982 2036 3070 «Domine,

455 3131 471 3168 α
490 3103 602 3200 dirige
615 3128 672 3175 me
684 3103 729 3175 ad
743 3104 905 3176 salutem.
914 3131 931 3172 u
942 3107 985 3174 Et
996 3105 1092 3175 venit
1103 3104 1214 3174 eivox
1225 3102 1346 3175 dicens
1359 3132 1367 3174 ε
1381 3103 1540 3193 «Arseni,
1553 3102 1634 3200 fuge
1644 3101 1822 3191 homines,
1836 3116 1871 3172 et
1886 3101 2039 3173 sanabe-

454 3234 471 3287 ἁ
488 3223 548 3292 ris.
567 3251 584 3288 s
599 3221 698 3292 ldem
714 3223 789 3320 ipse
806 3222 994 3294 discedens
1005 3221 1052 3294 ad
1060 3221 1309 3294 monachalem
1324 3224 1433 3294 vitam
1448 3246 1590 3293 rursum
1600 3223 1714 3293 oravit
1731 3220 1899 3292 eumdem
1909 3245 2038 3292 sermo·

452 3366 549 3430 nem,
569 3341 691 3412 dicens
707 3369 714 3410 :
736 3342 930 3430 «Domine,
945 3338 1058 3436 dirige
1070 3366 1129 3412 me
1147 3339 1192 3412 ad
1209 3339 1371 3412 salutem.
1387 3340 1599 3439 Audivitque
1614 3365 1740 3413 vocem
1753 3340 1932 3413 dicentem
1944 3339 2032 3412 sibi:

452 3491 469 3526 α
492 3461 627 3550 Arsam,
648 3460 749 3557 suge,
769 3476 859 3550 tace,
880 3461 1035 3558 quiesce.
1056 3465 1138 3532 Haec
1152 3461 1249 3532 enim
1267 3475 1351 3534 sunt
1371 3461 1507 3533 radices
1520 3485 1596 3533 non
1613 3460 1798 3560 peccandi.
1819 3490 1836 3528 »
1856 3459 1916 3532 llle
1933 3461 2037 3558 igitur

449 3578 517 3651 hac
539 3605 611 3652 una
635 3579 746 3652 divini
763 3579 929 3679 praecepti
945 3579 1067 3677 regula
1083 3581 1295 3672 instructus,
1324 3605 1397 3652 non
1424 3581 1541 3653 solum
1559 3579 1726 3653 homines
1752 3581 1863 3679 fugit,
1892 3581 2036 3654 sedens

447 3701 557 3771 etiam
573 3725 594 3771 a
613 3725 650 3772 se
667 3700 810 3796 fugavit.
830 3698 883 3770 hd
900 3724 1008 3799 quem
1026 3699 1296 3800 archiepiscopo
1311 3724 1376 3772 suo
1394 3725 1479 3772 cum
1495 3700 1655 3799 quodam
1668 3700 1789 3797 judice
1809 3700 1963 3798 quadam
1978 3701 2037 3773 die

446 3821 691 3912 venientibus,
713 3835 748 3893 et
766 3819 1008 3894 aedfimrionis
1024 3844 1229 3893 sermonem
1247 3820 1291 3892 ab
1308 3846 1352 3893 eo
1366 3820 1654 3919 requirentibus,
1674 3822 1722 3894 ait
1743 3849 1751 3891 :
1778 3852 1795 3890 a
1811 3825 1854 3894 Et
1867 3823 1897 3894 si
1910 3821 2032 3895 dixero

450 3973 467 4008 α
488 3940 602 4031 vobis,
622 3941 827 4014 custodietis
841 3941 885 4010 l»
904 3940 957 4013 llli
974 3956 1092 4014 autem
1104 3941 1346 4040 promiserunt
1360 3965 1397 4014 se
1422 3941 1614 4014 custodire.
1635 3946 1678 4014 Et
1701 3941 1788 4014 dixit
1812 3943 1862 4014 eis
1885 3971 1892 4013 :
1916 3973 1933 4010 u
1950 3941 2033 4012 Ubi-

449 4091 464 4128 «
486 4087 629 4160 cunque
645 4062 826 4133 audieritis
839 4063 1038 4152 hrsenium,
1055 4063 1305 4160 approximare
1322 4061 1447 4134 nolite.
1457 4091 1474 4129 »
1489 4062 1564 4134 Alia
1574 4063 1704 4136 iterum
1718 4062 2036 4161 vicearchiepiseo·

445 4208 512 4278 pus
531 4205 614 4254 eum
628 4182 794 4273 visitans,
814 4182 910 4254 misit
925 4183 1044 4281 primo
1063 4181 1184 4254 videre
1201 4182 1230 4254 si
1246 4183 1410 4280 apetiret.
1434 4187 1476 4254 Et
1498 4184 1681 4255 mandavit
1700 4184 1753 4274 ei,
1779 4183 1902 4256 dicens
1922 4211 1930 4253 :
1964 4185 2033 4253 «Si

446 4329 464 4366 u
485 4303 602 4391 venis,
621 4301 743 4399 aperio
757 4301 843 4392 tibi,
859 4301 924 4374 sed
941 4301 969 4374 si
986 4302 1050 4374 tibi
1066 4326 1259 4400 aperuem,
1279 4301 1448 4376 omnibus
1467 4303 1611 4400 aperi0,
1632 4321 1667 4376 et
1682 4305 1855 4400 tuncjam
1869 4303 1961 4376 ultra
1977 4302 2035 4374 hic

443 4451 460 4490 r<
480 4447 555 4492 non
570 4422 692 4494 sedeo,
711 4450 727 4488 a
748 4427 830 4495 Haec
843 4422 992 4495 audiens
1006 4420 1306 4522 archiepiscopus,
1323 4420 1412 4494 dixit
1429 4449 1436 4491 :
1461 4451 1479 4490 n
1493 4423 1530 4493 Si
1548 4447 1632 4495 enm
1648 4439 1899 4522 persecuturus
1916 4421 2030 4510 vado,

441 4573 459 4610 a
480 4568 668 4641 nunquam
683 4541 813 4616 vadam
831 4544 877 4616 ad
899 4543 1084 4614 hominem
1102 4557 1276 4614 sanctum.
1298 4569 1315 4610 a
1330 4543 1439 4639 Cujus
1456 4543 1564 4615 etiam
1577 4546 1799 4617 sanctitatem
1817 4541 1961 4614 cuidam
1977 4565 2034 4612 ro·

443 4687 559 4736 manae
577 4677 750 4736 matronae
765 4664 942 4752 visitanti,
966 4661 1079 4734 dixit:
1103 4663 1329 4750 «Quomodo
1346 4665 1601 4762 praesumpsisti
1620 4678 1754 4736 tantam
1771 4663 2033 4762 navigationem

445 4813 462 4850 u
481 4782 682 4857 assumere?
694 4783 813 4856 Nescis
825 4784 908 4881 quia
922 4781 1049 4854 mulier
1061 4805 1111 4873 es,
1127 4795 1162 4853 et
1172 4807 1246 4855 non
1256 4783 1367 4855 debes
1380 4783 1476 4856 exire
1489 4784 1698 4882 quoquam?
1712 4789 1779 4857 Aut
1796 4801 1833 4856 ut
1847 4783 1955 4856 vadas
1966 4785 2033 4855 Ro·

445 4933 462 4970 «
483 4927 592 4994 mam,
613 4919 648 4977 et
664 4880 761 4978 dicas
777 4904 854 4976 aliis
871 4901 1101 4975 mulieribus:
1119 4905 1212 4991 Quia
1223 4902 1296 4975 vidi
1310 4905 1514 4995 arsenium3
1535 4919 1570 4976 et
1586 4903 1716 4976 faciant
1735 4928 1832 4976 mare
1843 4903 1938 4976 viam
1957 4927 2032 4973 mn·

448 5055 465 5090 a
487 5025 614 5096 lierum
634 5025 855 5097 venientium
872 5023 917 5095 ad
934 5048 993 5097 me
1004 5021 1018 5092 Ρ
1030 5052 1048 5090 »
1060 5022 1122 5096 llla
1133 5039 1252 5096 autem
1269 5022 1360 5096 dixit
1374 5051 1383 5096 ε
1398 5023 1461 5095 «si
1473 5023 1626 5098 voluerit
1641 5049 1698 5096 me
1712 5025 1887 5096 Dominus
1904 5024 2033 5096 reverti

473 5299 480 5326 ⁴
500 5299 649 5350 stratam
662 5299 733 5351 aas.
746 5297 797 5336 -¹
813 5298 853 5349 sa
864 5297 891 5348 a.
902 5299 972 5349 -na
987 5313 1031 5364 po
1041 5299 1170 5350 termam
1190 5313 1247 5352 voce
1262 5277 1431 5352 saal-⁸111
1446 5299 1635 5362 turoam,
1651 5297 1694 5350 nn
1706 5297 1737 5362 v,
1749 5299 1781 5353 n
1794 5299 1886 5360 ome,
1903 5297 1953 5349 ωι.
1971 5297 2031 5346 aaa.
