4486 6100
330 733 422 802 Quem
435 734 559 807 primurn
570 736 616 792 bis
628 739 761 812 prebuit,

331 821 431 877 Victus
443 842 491 879 rex
502 826 634 884 occubuit
645 852 652 896 ;

331 911 408 967 Talis
418 923 460 968 est
472 914 571 972 electio

381 1003 506 1075 Derisui,

330 1091 405 1148 Telis
418 1097 588 1152 consecratio

381 1183 462 1240 Vatis
474 1187 569 1259 magni
577 1189 596 1242 ¹.

327 1305 495 1365 Insultantes
507 1309 640 1385 inquiunt
655 1336 660 1364 :

328 1397 422 1452 «Ecce
434 1397 538 1474 dequo
551 1401 697 1474 garriunt,

326 1486 455 1557 Qualiter
466 1488 518 1544 bos
530 1491 654 1564 perdidit

379 1577 454 1633 Deus
468 1597 602 1651 summus,

325 1663 400 1720 Dum
412 1683 428 1720 a
440 1669 537 1724 multis
549 1671 651 1727 occidit

342 1744 479 1811 Dominus
493 1768 657 1831 prostratus,
672 1785 684 1812 2»

241 1898 250 1908 ·
306 1872 372 1930 Saul
386 1891 484 1949 regum
496 1877 660 1950 fortissime,

306 1965 406 2022 Virtus
419 1967 522 2024 invicta
535 1972 678 2043 Jonathe,

305 2054 362 2125 Qui
372 2075 420 2113 vos
432 2061 532 2133 nequit
543 2062 668 2132 sincere,

237 2182 241 2191 .
303 2145 461 2204 Permissus
470 2161 513 2206 est
523 2152 661 2220 occidere.
694 2235 696 2240 Ι

303 2267 393 2338 Queri
399 2287 462 2326 nou
474 2283 548 2328 esset
561 2273 622 2331 oleo

301 2357 486 2418 Consecutus
498 2362 654 2436 dominico,

301 2446 427 2506 Sceleste
439 2469 537 2510 manus
550 2453 643 2528 gladio

300 2539 452 2612 lugulatur
465 2543 495 2598 in
507 2545 611 2616 prelio.

299 2659 367 2716 Plus
377 2661 464 2720 fratre
476 2667 550 2722 mibi
559 2670 694 2739 Jonetba,

300 2751 334 2806 In
348 2770 403 2808 uua
415 2773 525 2812 mecum
536 2760 644 2830 anima,

300 2843 369 2912 Quae
381 2856 509 2918 peccata,
524 2867 584 2923 que
596 2851 711 2921 scelera,

299 2932 401 2989 Nostra
415 2935 559 3010 sciderunt
573 2942 689 2998 viscera!

297 3053 430 3127 Expertes
443 3070 551 3116 montes
564 3061 684 3134 Gelboe,

234 3145 240 3158 “
296 3140 382 3199 Roris
396 3145 456 3202 sitis
468 3159 497 3204 et
511 3147 626 3224 pluvie,

295 3231 355 3288 Nee
368 3253 501 3307 agrorum
513 3241 644 3314 primitie

297 3322 404 3380 Vestre
416 3341 584 3387 succurrunt
598 3332 702 3392 incole.

311 3445 377 3520 Ve,
391 3467 428 3504 ve
442 3449 510 3521 tibi,
526 3453 636 3510 madida

312 3535 410 3593 Tellus
421 3540 494 3596 crede
507 3543 599 3617 regia!

311 3627 407 3698 Quare
420 3641 462 3699 te,
477 3633 516 3687 mi
527 3633 660 3706 Jonatha,

312 3716 413 3772 Manus
427 3722 646 3798 stravitimpia?

310 3837 367 3892 Ubi
380 3839 511 3898 Christus
523 3845 655 3916 Domini,

310 3929 451 4006 Israelqne
463 3932 575 4008 inclyti,

310 4019 402 4076 Morte
414 4023 564 4079 miserabili

309 4108 382 4166 Sunt
394 4129 460 4168 cum
473 4115 530 4170 suis
542 4115 669 4189 perditi?

308 4231 354 4285 Tu
367 4231 438 4288 mibi
451 4251 540 4303 nunc,
554 4237 690 4307 Jonatba,

308 4320 430 4378 Flendus
443 4342 527 4399 super
540 4329 648 4398 omnia,

307 4411 386 4468 Inter
397 4425 499 4472 cuneta
513 4417 614 4491 gaudia

305 4501 408 4576 Perpes
419 4505 475 4560 erit
488 4505 619 4581 lacrymo.

305 4610 450 4684 Planctus,
463 4616 531 4673 Sion
543 4617 621 4688 filie,

304 4701 394 4776 Super
406 4704 473 4762 Saul
486 4709 602 4776 sumite,

305 4790 395 4870 Largo
408 4796 488 4868 cnjus
500 4816 618 4854 munere

306 4883 364 4940 Vos
376 4885 514 4944 eluebant
527 4907 668 4964 purpure.

239 5043 249 5070 ¹
273 5039 377 5096 Greitb:

387 5165 443 5206 Telis
453 5173 483 5207 est
490 5168 563 5209 electio
573 5167 651 5210 derisui

387 5239 443 5280 Telis
452 5242 577 5283 caumatis
586 5243 638 5284 ntis
646 5243 726 5296 mgni.

896 635 899 640 ·
927 599 1160 676 cslttssul..

1142 746 1220 802 Heu!
1235 764 1286 803 cur
1299 747 1415 804 consilio

1142 838 1277 912 Aequievi
1290 839 1426 912 pessimo,

1143 927 1183 984 Ut
1196 928 1250 984 tibi
1264 929 1392 1004 presidio

1142 1020 1206 1082 Non
1220 1037 1307 1076 essem
1320 1020 1350 1075 in
1364 1019 1481 1094 prelio?

1142 1148 1197 1204 Vel
1211 1149 1353 1205 confossus
1365 1149 1472 1224 pariter

1140 1237 1262 1293 Morirer
1274 1237 1404 1308 feliciter,

1139 1327 1250 1398 Quum,
1263 1326 1341 1403 quod
1354 1344 1433 1383 amor
1444 1329 1527 1384 faciat
1539 1371 1547 1398 ,

1137 1411 1228 1487 Maius
1241 1415 1296 1471 boe
1309 1434 1367 1473 non
1379 1416 1492 1474 babeat.

1140 1553 1177 1610 Et
1189 1574 1235 1612 me
1246 1567 1310 1631 post
1321 1567 1349 1613 te
1360 1558 1453 1614 vivere

1141 1645 1215 1701 Mori
1228 1646 1264 1702 sit
1275 1647 1398 1719 assidue,

1139 1737 1199 1793 Nec
1213 1737 1345 1794 advitam
1356 1737 1447 1794 anima
1540 1813 1545 1824 ·

1141 1826 1212 1884 Satis
1226 1837 1270 1883 est
1282 1827 1410 1885 dimidia.

1042 2005 1048 2018 .
1137 1967 1238 2024 Vieem
1250 1969 1378 2025 amicitie

1136 2055 1193 2114 Vel
1205 2076 1289 2114 unam
1302 2077 1347 2114 me
1358 2057 1492 2130 reddere,

1137 2145 1297 2222 Oportebat
1309 2159 1436 2222 tempore

1135 2237 1255 2294 Summe
1266 2247 1335 2296 tunc
1346 2241 1495 2313 angustiae3
1532 2249 1533 2256 ’

1136 2384 1288 2460 Triumphi
1297 2385 1467 2462 perticipem

1134 2475 1190 2532 Vel
1202 2476 1290 2532 ruine
1301 2477 1451 2544 comitem,

1135 2564 1176 2621 Ut
1188 2575 1216 2622 te
1228 2567 1271 2622 vel
1283 2567 1422 2641 eriperem

1133 2655 1189 2712 vel
1202 2666 1296 2712 tecum
1308 2655 1521 2727 occumberem,

1134 2796 1232 2854 Vitam
1247 2816 1300 2872 pro
1310 2809 1339 2854 te
1352 2797 1470 2868 finiens,

1132 2889 1225 2960 Quam
1240 2888 1349 2946 salvasti
1361 2890 1481 2956 totiens,

1131 2977 1172 3034 Ut
1185 2988 1215 3036 et
1226 2995 1303 3035 mors
1314 2997 1366 3034 nos
1376 2980 1512 3054 jungeret

1130 3069 1221 3143 Magis
1233 3087 1319 3145 quam
1334 3069 1518 3144 disjungeret.

1129 3209 1380 3270 luleustsvietoria

1128 3299 1240 3358 Potitus
1252 3302 1368 3367 interea,

1130 3390 1223 3461 Quam
1235 3409 1318 3461 vane,
1332 3410 1417 3467 quam
1430 3393 1524 3450 brevia

1128 3479 1183 3536 Hic
1194 3481 1308 3555 percepi
1320 3481 1435 3586 gaud&

1129 3624 1222 3695 Quam
1235 3625 1293 3680 cito
1301 3623 1471 3682 durissimus

1127 3712 1177 3768 Est
1191 3724 1302 3771 secutus
1315 3715 1446 3782 nuntius,

1127 3801 1222 3872 Quem
1234 3804 1265 3858 in
1277 3821 1326 3858 sua
1338 3805 1450 3862 annua·

1126 3890 1231 3950 Locnu
1243 3903 1286 3950 est
1297 3895 1427 3968 superbia
1439 3898 1445 3949 !

1125 4039 1254 4096 Mortuos
1265 4060 1337 4116 quos
1348 4045 1461 4100 nuntiat

1123 4129 1203 4187 Illata
1218 4148 1294 4188 mors
1306 4144 1456 4208 aggregat,

1123 4221 1164 4277 Ut
1176 4221 1279 4278 doloris
1290 4223 1408 4280 nundus

1123 4311 1234 4368 Doloris
1247 4313 1283 4369 sit
1296 4312 1397 4369 socius.

1122 4452 1167 4508 Do
1177 4453 1302 4528 qrrietem
1315 4452 1431 4509 fidibus:

1120 4541 1233 4600 Vellem
1245 4553 1278 4599 nt
1289 4554 1319 4600 et
1328 4541 1487 4618 planetibus

1121 4631 1168 4689 Sic
1180 4651 1288 4708 possem
1305 4636 1353 4690 et¹
1367 4635 1493 4692 fletibus!

1121 4724 1205 4780 Caesis
1216 4724 1288 4798 pulsi
1302 4725 1448 4796 manibus,

1121 4812 1225 4870 Roneis
1237 4811 1351 4888 planctu
1364 4816 1477 4874 vocibus

1117 4901 1219 4960 Deficit
1231 4915 1261 4978 et
1273 4906 1398 4981 spiritus.

1029 5091 1062 5102 -
1072 5063 1082 5092 ¹
1091 5065 1192 5203 Gregb:
1204 5083 1273 5131 quem
1284 5074 1309 5122 s'u
1320 5086 1390 5122 susm
1402 5077 1517 5126 ammom.
1528 5100 1558 5110 -
1568 5073 1578 5102 ⁸
1589 5073 1673 5127 Greitlr
1684 5095 1690 5127 ε
1700 5081 1736 5130 sic
1745 5093 1803 5141 pos-

1029 5165 1078 5201 tem
1090 5161 1117 5201 ul
