4486 6100
417 565 490 636 sot
1015 570 1143 642 PETRI
1170 571 1404 645 ABAELaRol

420 703 453 755 ln
467 702 528 758 Noe
540 703 635 774 primae
648 703 679 759 fit
689 705 776 759 etatis
789 704 941 770 terminus,

419 793 511 846 Instar
524 793 645 848 infantiae
657 811 741 868 quam
754 805 829 849 recte
842 795 990 868 ponimus;

420 880 611 937 similitudine
624 882 744 956 quadam
757 903 773 937 a
787 882 896 958 singula
986 885 990 894 '

421 973 479 1026 Lux
494 972 583 1044 prima
603 973 728 1028 continet
740 973 843 1028 horum
857 974 996 1046 mysteria.

420 1101 502 1155 Tunc
513 1101 698 1175 incomposita
709 1101 781 1157 lacta
794 1104 937 1174 materies,

419 1190 576 1247 Formanda
589 1191 720 1266 deiuoeps
732 1203 793 1248 erat
805 1195 834 1249 in
845 1195 969 1268 species,

419 1280 453 1334 Et
465 1281 535 1336 rude
548 1281 673 1336 seculum
686 1281 777 1356 legem
790 1301 848 1339 non
864 1295 991 1354 noverat,

419 1371 477 1424 lieo
490 1382 552 1428 aetas
566 1381 677 1426 terrena
689 1382 797 1428 rectum
811 1373 880 1448 quid
893 1376 1006 1448 cogitat.

418 1517 514 1573 Deleta
529 1521 606 1591 prior
619 1530 661 1575 est
674 1531 737 1575 aetas
749 1521 870 1588 diluvio,

417 1609 462 1664 Sic
475 1620 503 1664 et
515 1609 660 1666 infantiam
675 1609 750 1666 delet
763 1610 884 1679 oblivio;

418 1699 452 1754 In
467 1699 558 1772 primo
572 1699 618 1755 die
633 1699 681 1755 lun
692 1711 822 1757 narratur
833 1701 946 1757 condita

420 1789 455 1844 Et
468 1790 549 1843 istam
564 1790 678 1847 inchoat
691 1790 782 1846 lucem
797 1791 925 1847 infautia.

420 1941 468 1996 Est
479 1951 507 1994 et
519 1939 566 1995 lux
583 1939 647 1995 fidei
660 1939 785 2014 quaedam
799 1939 970 2007 minoribus,

420 2029 513 2099 Quam
527 2029 607 2102 quasi
619 2029 726 2101 parvuli
740 2031 864 2104 primum
876 2029 1058 2102 suscepimus.
1085 2009 1088 2018 ’

419 2119 500 2174 lianc
511 2137 625 2194 quoque
637 2121 743 2192 species
756 2121 815 2194 ipsa
827 2119 957 2188 diluerit,

419 2209 531 2279 Quum,
547 2209 589 2265 rel
601 2228 676 2265 nunc
688 2211 842 2278 cnediruus,
857 2209 946 2264 videri
958 2209 1083 2281 coeperit.

418 2356 539 2412 Perenni
551 2357 688 2428 Domino,
701 2369 754 2414 etc.

763 2529 844 2584 XIX.

419 2687 546 2744 Secunda
558 2687 663 2743 desinit
675 2697 739 2742 atas
756 2689 786 2743 in
800 2687 958 2756 Abraham,

418 2782 460 2835 Ac
475 2777 565 2851 sijum
578 2787 693 2832 ventum
706 2779 742 2832 sit
753 2776 788 2832 ad
802 2777 964 2851 pueritiam,

419 2867 482 2922 Non
495 2868 568 2923 hanc
581 2865 718 2923 diluvium
729 2878 837 2924 aetatem
851 2867 958 2934 diluit,

418 2958 512 3028 Quum
529 2958 655 3031 pueritiae
666 2959 785 3032 quisque
798 2959 969 3014 meminerit.

418 3119 477 3172 Hac
491 3118 697 3173 firmamentum
710 3129 751 3174 est
764 3119 794 3173 in
807 3119 853 3174 die
864 3119 1030 3186 conditum,

418 3208 458 3263 Ut
471 3211 574 3282 aquas¹
589 3208 696 3264 dividat
709 3208 754 3264 his
763 3209 978 3283 interpositum,

417 3303 442 3354 Α
455 3298 680 3372 compluentibus
692 3309 721 3354 et
733 3297 941 3354 inundantibus

420 3389 506 3462 siquis
519 3387 659 3443 consuluit
672 3407 742 3450 arca¹
751 3387 887 3443 fidelibus.

419 3555 482 3610 Non
495 3554 546 3608 Dei
560 3552 696 3627 populum
709 3554 766 3608 haec
780 3564 843 3608 aetas
856 3554 966 3627 genuit,

418 3646 499 3718 Legis
510 3644 659 3699 instructio
672 3643 900 3719 quum-nondum
912 3644 1014 3712 fuerit,

419 3735 478 3789 Nee
490 3733 561 3788 vires
573 3743 727 3807 suppetunt
741 3733 875 3808 gignendi
889 3752 993 3808 puero,

332 3813 334 3818 ’
420 3824 477 3880 Etsi
491 3825 654 3880 memoriam
663 3823 722 3896 jam
737 3824 829 3880 firmet
845 3825 948 3880 animo.

419 3993 487 4047 Post
494 3991 585 4046 lucem
598 3991 677 4061 fidei,
692 4011 755 4066 spes
766 4011 815 4050 nos
830 3992 1009 4059 corroborat,

421 4083 456 4138 Et
468 4082 525 4155 jam
538 4081 572 4137 ad
583 4082 665 4139 sortia
679 4083 839 4140 credentem
853 4083 971 4151 animat,

420 4172 459 4229 Ut
470 4191 517 4246 spe
530 4173 684 4229 scelestium
698 4185 727 4230 et
741 4192 810 4229 serae
823 4172 916 4246 gloriae

418 4264 481 4318 Iam
493 4275 592 4319 cuncta
606 4263 716 4320 tolleret
727 4265 812 4336 lmjos
824 4265 949 4319 miseriae.

419 4405 537 4460 Perenni
552 4405 687 4473 Domino,
701 4416 753 4460 etc,

767 4571 831 4626 XX.

418 4724 495 4778 AEtas
508 4721 673 4796 perducitur
685 4720 721 4776 ad
732 4721 820 4776 David
834 4723 925 4776 tertia.

418 4813 493 4868 Huic
505 4822 546 4867 est
558 4811 657 4868 similis
669 4811 864 4868 adolescentia.

417 4903 560 4976 interpres
573 4902 682 4975 sapiens
694 4901 750 4958 diei
764 4903 848 4958 tertio

418 4991 574 5066 Utramque
587 5002 730 5065 comparat
742 5003 848 5048 etatem
864 4993 976 5050 merito.

454 5209 460 5232 ⁸
480 5207 542 5258 Cod.
558 5207 630 5257 Brux.
650 5221 722 5267 nqrru.

1233 713 1327 785 Aquas
1336 709 1372 764 ab
1384 708 1462 764 arida
1475 709 1523 764 lux
1537 709 1590 764 ista
1600 719 1747 777 removet,

1233 801 1268 858 Et
1280 800 1353 856 iluna
1368 799 1457 862 seculi
1473 797 1537 854 data
1547 797 1592 855 lex
1603 798 1731 866 inhibet,

1233 891 1289 959 ll'e,
1304 877 1527 964 deprimentibus
1539 906 1589 944 nos
1601 887 1781 956 libidinibns,

1233 980 1472 1052 concupiscentiis
1484 996 1513 1033 se
1526 989 1634 1052 mergat
1647 979 1768 1033 animus.

1233 1124 1297 1178 llaec
1309 1132 1372 1177 etas
1384 1121 1518 1196 populum
1529 1138 1579 1195 per
1590 1119 1680 1193 legem
1695 1119 1806 1192 genuit,

1233 1213 1269 1268 Et
1281 1223 1387 1286 patrem
1401 1212 1540 1272 Abrabam
1556 1208 1708 1266 multorum
1724 1208 1837 1276 statuit,

1233 1304 1268 1358 Et
1279 1303 1357 1377 quasi
1370 1302 1460 1375 prima
1473 1302 1508 1357 sit
1521 1302 1578 1376 haec
1592 1312 1670 1356 terrae
1682 1300 1804 1368 soboles,

1233 1394 1392 1450 Nascuntur
1405 1391 1490 1448 hodie
1503 1410 1568 1448 cum
1581 1391 1677 1448 herbis
1690 1391 1812 1447 arbores.

1235 1535 1354 1590 Perenni
1367 1533 1504 1601 Domino,
1518 1544 1572 1588 etc.

1577 1700 1657 1756 XXI.

1170 1881 1173 1888 .
1232 1852 1299 1907 Post
1312 1849 1395 1904 fidem
1409 1859 1493 1923 atque
1504 1866 1596 1921 spem,
1610 1849 1696 1903 timor
1708 1848 1856 1910 incutitur.

1232 1942 1297 2012 Quo
1312 1941 1500 1995 mercenarius
1513 1949 1560 1992 ant
1574 1955 1668 1993 servus
1683 1939 1791 2012 agitur,

1234 2031 1307 2086 Dum
1319 2030 1397 2084 hunc
1408 2028 1558 2083 sollicitant
1570 2038 1678 2101 sperata
1689 2026 1833 2082 commoda

1235 2120 1288 2178 Vel
1301 2120 1379 2175 illum
1392 2117 1537 2174 stimulant
1549 2117 1656 2190 llagella
1667 2117 1788 2172 condita.

1233 2263 1390 2336 Antiquom
1404 2261 1489 2316 timor
1505 2260 1551 2315 hic
1564 2258 1686 2335 possedit
1697 2258 1833 2333 populum

1233 2353 1314 2426 Legis
1326 2349 1457 2425 pollicitis
1469 2360 1498 2406 et
1510 2351 1594 2405 minis
1609 2347 1767 2415 subditum,

1119 2436 1125 2448 '
1203 2487 1207 2494 .
1232 2443 1307 2497 Dum
1319 2441 1363 2497 lex
1376 2441 1551 2514 promitteret
1562 2440 1620 2494 hec
1632 2439 1705 2496 bona
1718 2437 1841 2512 cupidis,

1234 2532 1308 2588 Reos
1320 2531 1442 2588 afficeret
1454 2529 1544 2604 poenis
1557 2530 1734 2603 gravissimis.

1233 2675 1273 2730 Ex
1284 2685 1359 2730 terra
1372 2673 1464 2728 rivere
1482 2671 1590 2746 plantas
1602 2673 1777 2744 agnoscimus

1233 2767 1345 2822 Crustas
1356 2762 1442 2819 hodie
1453 2780 1523 2837 quas
1534 2779 1592 2818 esse
1600 2761 1734 2833 legimus,

1233 2855 1268 2910 Et
1286 2854 1369 2910 vitam
1384 2851 1469 2909 Israel
1480 2862 1623 2907 terrenam
1633 2850 1745 2906 duxerit

1234 2949 1320 3020 Cujus
1332 2948 1479 3022 promissio
1491 2957 1604 3002 terrena
1614 2943 1710 3000 suerit.

1233 3075 1355 3131 Perenni
1367 3074 1505 3141 Domino,
1521 3084 1579 3132 etc.

1569 3217 1663 3272 XXII.

1234 3354 1341 3422 Quarta
1354 3349 1400 3406 lux
1412 3349 1527 3405 decorat
1539 3349 1640 3404 coelum
1653 3348 1807 3417 sideribus,

1234 3443 1364 3512 Quorum
1378 3451 1530 3515 perpetuus
1543 3441 1622 3512 rigor
1635 3451 1677 3495 est
1689 3441 1806 3512 igneus,

1236 3538 1303 3604 Quae
1318 3549 1461 3606 nunquam
1476 3529 1593 3597 excidit3
1609 3530 1648 3584 sic
1660 3531 1747 3585 ferret
1760 3531 1846 3585 carita

1233 3625 1301 3694 Quae
1314 3622 1366 3729 sipi
1380 3620 1501 3676 vindicat
1513 3620 1591 3675 sedes
1605 3621 1746 3676 ethereas.

1233 3763 1321 3834 Cujus
1334 3760 1492 3838 quadrifida
1502 3761 1547 3817 lex
1558 3761 1739 3834 Evangelium

1169 3911 1172 3916 ,
1233 3843 1353 3910 Consta!
1359 3853 1394 3908 ad
1407 3864 1541 3928 quattuor
1553 3852 1664 3908 dierum
1676 3869 1841 3919 numerum,

1234 3944 1373 4025 Quadrati
1389 3945 1514 4018 corporis
1527 3955 1569 4001 est
1583 3961 1683 4017 magna
1696 3942 1813 3997 lirmitas

1236 4035 1271 4089 Et
1282 4045 1382 4090 cuncta
1394 4037 1515 4091 sustinet
1528 4036 1629 4090 invicta
1642 4033 1753 4088 caritas.

1238 4178 1384 4234 Virtutum
1395 4176 1495 4233 caritas
1507 4188 1547 4232 cst
1558 4178 1778 4245 consummatio,

1234 4269 1333 4324 Virilis
1347 4269 1449 4324 virium
1460 4279 1522 4323 aetas
1534 4267 1677 4342 perfectio.

1235 4359 1275 4414 Ut
1286 4376 1387 4432 corpus
1400 4358 1524 4414 hominis
1534 4358 1588 4414 hoc
1600 4355 1699 4432 implet
1713 4355 1833 4421 viribus,

1234 4450 1279 4505 Sic
1293 4459 1416 4505 mentem
1427 4449 1527 4504 caritas
1538 4456 1714 4506 consummat
1725 4446 1851 4502 moribus

1561 4593 1672 4649 XXIII.

1235 4723 1335 4779 AEtatIs
1347 4721 1437 4778 meoli
1454 4732 1559 4795 quarte
1571 4720 1758 4795 primordium

1235 4814 1349 4868 Ponunt
1361 4811 1486 4884 theologi
1498 4829 1617 4884 regnum
1630 4809 1793 4866 Dasidicum
1807 4831 1813 4876 ;

1232 4905 1321 4959 Istius
1333 4920 1444 4977 vespera
1457 4903 1493 4957 sit
1505 4901 1715 4974 transmigratio

1233 4993 1381 5049 israelitici
1398 4993 1450 5050 sub
1464 4989 1625 5067 Babylonio.
