<?xml version="1.0" encoding="UTF-8"?>
<!DOCTYPE html PUBLIC "-//W3C//DTD XHTML 1.0 Transitional//EN"
    "http://www.w3.org/TR/xhtml1/DTD/xhtml1-transitional.dtd">
<html xmlns="http://www.w3.org/1999/xhtml" xml:lang="en" lang="en">
 <head>
  <title>
</title>
<meta http-equiv="Content-Type" content="text/html;charset=utf-8" />
  <meta name='ocr-system' content='tesseract 3.04.00' />
  <meta name='ocr-capabilities' content='ocr_page ocr_carea ocr_par ocr_line ocrx_word'/>
</head>
<body>
  <div class='ocr_page' id='page_1' title='image "./petriablardiope01despgoog_0295.png"; bbox 0 0 4606 6106; ppageno 0'>
   <div class='ocr_carea' id='block_1_1' title="bbox 471 537 1538 687">
    <p class='ocr_par' dir='ltr' id='par_1_1' title="bbox 471 537 1538 687">
     <span class='ocr_line' id='line_1_1' title="bbox 471 537 1538 687; baseline -0.005 -2"><span class='ocrx_word' id='word_1_1' title='bbox 471 614 543 687; x_wconf 83' lang='lat'>28⁰</span> <span class='ocrx_word' id='word_1_2' title='bbox 991 537 1218 680; x_wconf 61' lang='lat' dir='ltr'>Hutotssb</span> <span class='ocrx_word' id='word_1_3' title='bbox 1241 606 1538 680; x_wconf 72' lang='lat' dir='ltr'>montanam</span> 
     </span>
    </p>
   </div>
   <div class='ocr_carea' id='block_1_2' title="bbox 466 748 2054 1564">
    <p class='ocr_par' dir='ltr' id='par_1_2' title="bbox 466 748 2054 1564">
     <span class='ocr_line' id='line_1_2' title="bbox 470 748 2049 847; baseline -0.003 -21"><span class='ocrx_word' id='word_1_4' title='bbox 470 759 598 844; x_wconf 79' lang='lat' dir='ltr'>hnnae,</span> <span class='ocrx_word' id='word_1_5' title='bbox 620 752 709 824; x_wconf 90' lang='lat' dir='ltr'>sicut</span> <span class='ocrx_word' id='word_1_6' title='bbox 728 765 765 823; x_wconf 93' lang='lat' dir='ltr'>et</span> <span class='ocrx_word' id='word_1_7' title='bbox 787 748 876 822; x_wconf 91' lang='lat' dir='ltr'>illud</span> <span class='ocrx_word' id='word_1_8' title='bbox 892 750 1044 847; x_wconf 79' lang='lat' dir='ltr'>Virginis</span> <span class='ocrx_word' id='word_1_9' title='bbox 1060 774 1229 840; x_wconf 83' lang='lat' dir='ltr'>summae,</span> <span class='ocrx_word' id='word_1_10' title='bbox 1258 749 1412 822; x_wconf 81' lang='lat' dir='ltr'>Ecclesia</span> <span class='ocrx_word' id='word_1_11' title='bbox 1430 750 1584 822; x_wconf 86' lang='lat' dir='ltr'>maxime</span> <span class='ocrx_word' id='word_1_12' title='bbox 1603 749 1829 847; x_wconf 80' lang='lat' dir='ltr'>frequentare</span> <span class='ocrx_word' id='word_1_13' title='bbox 1848 752 2049 839; x_wconf 85' lang='lat' dir='ltr'>consuevit,</span> 
     </span>
     <span class='ocr_line' id='line_1_3' title="bbox 468 868 2049 968; baseline -0.002 -25"><span class='ocrx_word' id='word_1_14' title='bbox 468 896 543 944; x_wconf 90' lang='lat' dir='ltr'>uon</span> <span class='ocrx_word' id='word_1_15' title='bbox 566 870 683 942; x_wconf 88' lang='lat' dir='ltr'>solum</span> <span class='ocrx_word' id='word_1_16' title='bbox 701 894 767 968; x_wconf 91' lang='lat' dir='ltr'>pro</span> <span class='ocrx_word' id='word_1_17' title='bbox 793 869 978 942; x_wconf 74' lang='lat' dir='ltr'>sanctitate</span> <span class='ocrx_word' id='word_1_18' title='bbox 994 869 1140 959; x_wconf 90' lang='lat' dir='ltr'>matris,</span> <span class='ocrx_word' id='word_1_19' title='bbox 1162 868 1220 941; x_wconf 89' lang='lat' dir='ltr'>vel</span> <span class='ocrx_word' id='word_1_20' title='bbox 1239 869 1409 967; x_wconf 70' lang='lat' dir='ltr'>dignitate</span> <span class='ocrx_word' id='word_1_21' title='bbox 1431 883 1554 968; x_wconf 88' lang='lat' dir='ltr'>partus</span> <span class='ocrx_word' id='word_1_22' title='bbox 1572 869 1605 940; x_wconf 91' lang='lat' dir='ltr'>ei</span> <span class='ocrx_word' id='word_1_23' title='bbox 1627 869 1787 941; x_wconf 79' lang='lat' dir='ltr'>concessi</span> <span class='ocrx_word' id='word_1_24' title='bbox 1805 869 1841 940; x_wconf 91' lang='lat' dir='ltr'>iu</span> <span class='ocrx_word' id='word_1_25' title='bbox 1869 869 2049 957; x_wconf 79' lang='lat' dir='ltr'>Samuele,</span> 
     </span>
     <span class='ocr_line' id='line_1_4' title="bbox 469 987 2053 1088; baseline 0.001 -27"><span class='ocrx_word' id='word_1_26' title='bbox 469 990 642 1062; x_wconf 87' lang='lat' dir='ltr'>sciliceta</span> <span class='ocrx_word' id='word_1_27' title='bbox 662 1014 737 1087; x_wconf 90' lang='lat' dir='ltr'>quo</span> <span class='ocrx_word' id='word_1_28' title='bbox 760 988 959 1088; x_wconf 86' lang='lat' dir='ltr'>specialiter</span> <span class='ocrx_word' id='word_1_29' title='bbox 981 988 1166 1088; x_wconf 74' lang='lat' dir='ltr'>prophetae</span> <span class='ocrx_word' id='word_1_30' title='bbox 1184 987 1351 1060; x_wconf 83' lang='lat' dir='ltr'>dicuntur</span> <span class='ocrx_word' id='word_1_31' title='bbox 1372 989 1577 1087; x_wconf 85' lang='lat' dir='ltr'>incoepisse,</span> <span class='ocrx_word' id='word_1_32' title='bbox 1603 989 1722 1086; x_wconf 85' lang='lat' dir='ltr'>etqui</span> <span class='ocrx_word' id='word_1_33' title='bbox 1740 989 1877 1086; x_wconf 85' lang='lat' dir='ltr'>primus</span> <span class='ocrx_word' id='word_1_34' title='bbox 1896 1013 1917 1060; x_wconf 92' lang='lat' dir='ltr'>a</span> <span class='ocrx_word' id='word_1_35' title='bbox 1940 1003 2053 1062; x_wconf 88' lang='lat' dir='ltr'>matre</span> 
     </span>
     <span class='ocr_line' id='line_1_5' title="bbox 469 1107 2053 1209; baseline -0.001 -27"><span class='ocrx_word' id='word_1_36' title='bbox 469 1112 626 1182; x_wconf 88' lang='lat' dir='ltr'>Domino</span> <span class='ocrx_word' id='word_1_37' title='bbox 652 1124 705 1182; x_wconf 91' lang='lat' dir='ltr'>est</span> <span class='ocrx_word' id='word_1_38' title='bbox 727 1108 897 1182; x_wconf 89' lang='lat' dir='ltr'>oblatus:</span> <span class='ocrx_word' id='word_1_39' title='bbox 925 1110 1159 1182; x_wconf 79' lang='lat' dir='ltr'>verumetiam</span> <span class='ocrx_word' id='word_1_40' title='bbox 1189 1109 1273 1208; x_wconf 87' lang='lat' dir='ltr'>quia</span> <span class='ocrx_word' id='word_1_41' title='bbox 1296 1107 1416 1180; x_wconf 90' lang='lat' dir='ltr'>nullus</span> <span class='ocrx_word' id='word_1_42' title='bbox 1436 1123 1519 1182; x_wconf 86' lang='lat' dir='ltr'>ante</span> <span class='ocrx_word' id='word_1_43' title='bbox 1542 1109 1799 1209; x_wconf 88' lang='lat' dir='ltr'>prophetarum</span> <span class='ocrx_word' id='word_1_44' title='bbox 1820 1125 1961 1207; x_wconf 90' lang='lat' dir='ltr'>tempus</span> <span class='ocrx_word' id='word_1_45' title='bbox 1979 1123 2053 1180; x_wconf 89' lang='lat' dir='ltr'>tam</span> 
     </span>
     <span class='ocr_line' id='line_1_6' title="bbox 469 1228 2053 1329; baseline 0 -27"><span class='ocrx_word' id='word_1_46' title='bbox 469 1230 653 1303; x_wconf 82' lang='lat' dir='ltr'>manifeste</span> <span class='ocrx_word' id='word_1_47' title='bbox 667 1230 861 1319; x_wconf 89' lang='lat' dir='ltr'>Christum,</span> <span class='ocrx_word' id='word_1_48' title='bbox 878 1245 914 1302; x_wconf 91' lang='lat' dir='ltr'>et</span> <span class='ocrx_word' id='word_1_49' title='bbox 924 1231 1000 1326; x_wconf 90' lang='lat' dir='ltr'>ejus</span> <span class='ocrx_word' id='word_1_50' title='bbox 1014 1230 1203 1329; x_wconf 90' lang='lat' dir='ltr'>imperium</span> <span class='ocrx_word' id='word_1_51' title='bbox 1218 1230 1255 1300; x_wconf 88' lang='lat' dir='ltr'>in</span> <span class='ocrx_word' id='word_1_52' title='bbox 1269 1230 1342 1300; x_wconf 88' lang='lat' dir='ltr'>suis</span> <span class='ocrx_word' id='word_1_53' title='bbox 1364 1229 1527 1314; x_wconf 86' lang='lat' dir='ltr'>canticis,</span> <span class='ocrx_word' id='word_1_54' title='bbox 1545 1229 1636 1302; x_wconf 86' lang='lat' dir='ltr'>sicut</span> <span class='ocrx_word' id='word_1_55' title='bbox 1648 1253 1746 1301; x_wconf 88' lang='lat' dir='ltr'>nuuc</span> <span class='ocrx_word' id='word_1_56' title='bbox 1765 1235 1882 1318; x_wconf 77' lang='lat' dir='ltr'>hona,</span> <span class='ocrx_word' id='word_1_57' title='bbox 1897 1228 2053 1329; x_wconf 87' lang='lat' dir='ltr'>prophe·</span> 
     </span>
     <span class='ocr_line' id='line_1_7' title="bbox 466 1335 2053 1449; baseline -0.001 -27"><span class='ocrx_word' id='word_1_58' title='bbox 466 1366 557 1422; x_wconf 87' lang='lat' dir='ltr'>tasse</span> <span class='ocrx_word' id='word_1_59' title='bbox 583 1349 736 1430; x_wconf 82' lang='lat' dir='ltr'>ridetur.</span> <span class='ocrx_word' id='word_1_60' title='bbox 762 1351 821 1424; x_wconf 91' lang='lat' dir='ltr'>Sic</span> <span class='ocrx_word' id='word_1_61' title='bbox 841 1351 975 1449; x_wconf 89' lang='lat' dir='ltr'>quippe</span> <span class='ocrx_word' id='word_1_62' title='bbox 997 1351 1045 1421; x_wconf 85' lang='lat' dir='ltr'>ait</span> <span class='ocrx_word' id='word_1_63' title='bbox 1059 1335 1116 1420; x_wconf 80' lang='lat' dir='ltr'>&#39;de</span> <span class='ocrx_word' id='word_1_64' title='bbox 1140 1363 1241 1447; x_wconf 88' lang='lat' dir='ltr'>patre</span> <span class='ocrx_word' id='word_1_65' title='bbox 1269 1349 1400 1420; x_wconf 82' lang='lat' dir='ltr'>Christi</span> <span class='ocrx_word' id='word_1_66' title='bbox 1424 1364 1460 1422; x_wconf 90' lang='lat' dir='ltr'>et</span> <span class='ocrx_word' id='word_1_67' title='bbox 1484 1350 1580 1448; x_wconf 78' lang='lat' dir='ltr'>ipso¹</span> <span class='ocrx_word' id='word_1_68' title='bbox 1606 1377 1614 1420; x_wconf 90' lang='lat'>:</span> <span class='ocrx_word' id='word_1_69' title='bbox 1638 1379 1656 1418; x_wconf 81' lang='grc' dir='ltr'>ιι</span> <span class='ocrx_word' id='word_1_70' title='bbox 1677 1349 1853 1420; x_wconf 88' lang='lat' dir='ltr'>Dominus</span> <span class='ocrx_word' id='word_1_71' title='bbox 1879 1347 2053 1445; x_wconf 87' lang='lat' dir='ltr'>judicabit</span> 
     </span>
     <span class='ocr_line' id='line_1_8' title="bbox 469 1463 2054 1564; baseline 0 -29"><span class='ocrx_word' id='word_1_72' title='bbox 469 1464 558 1536; x_wconf 85' lang='lat' dir='ltr'>fines</span> <span class='ocrx_word' id='word_1_73' title='bbox 577 1479 696 1554; x_wconf 80' lang='lat' dir='ltr'>terrae,</span> <span class='ocrx_word' id='word_1_74' title='bbox 716 1480 751 1537; x_wconf 89' lang='lat' dir='ltr'>et</span> <span class='ocrx_word' id='word_1_75' title='bbox 768 1464 867 1538; x_wconf 89' lang='lat' dir='ltr'>dabit</span> <span class='ocrx_word' id='word_1_76' title='bbox 880 1465 1070 1564; x_wconf 89' lang='lat' dir='ltr'>imperium</span> <span class='ocrx_word' id='word_1_77' title='bbox 1089 1465 1162 1561; x_wconf 91' lang='lat' dir='ltr'>regi</span> <span class='ocrx_word' id='word_1_78' title='bbox 1180 1489 1266 1553; x_wconf 91' lang='lat' dir='ltr'>su0,</span> <span class='ocrx_word' id='word_1_79' title='bbox 1283 1479 1317 1536; x_wconf 93' lang='lat' dir='ltr'>et</span> <span class='ocrx_word' id='word_1_80' title='bbox 1336 1463 1540 1536; x_wconf 86' lang='lat' dir='ltr'>sublimabit</span> <span class='ocrx_word' id='word_1_81' title='bbox 1553 1489 1665 1536; x_wconf 88' lang='lat' dir='ltr'>cornu</span> <span class='ocrx_word' id='word_1_82' title='bbox 1686 1463 1816 1536; x_wconf 90' lang='lat' dir='ltr'>Christi</span> <span class='ocrx_word' id='word_1_83' title='bbox 1830 1466 1895 1536; x_wconf 90' lang='lat' dir='ltr'>sui.</span> <span class='ocrx_word' id='word_1_84' title='bbox 1916 1493 1933 1530; x_wconf 81' lang='lat' dir='ltr'>u</span> <span class='ocrx_word' id='word_1_85' title='bbox 1952 1468 2054 1534; x_wconf 86' lang='lat' dir='ltr'>Non·</span> 
     </span>
    </p>
   </div>
   <div class='ocr_carea' id='block_1_3' title="bbox 471 1582 2168 1692">
    <p class='ocr_par' dir='ltr' id='par_1_3' title="bbox 471 1582 2168 1692">
     <span class='ocr_line' id='line_1_9' title="bbox 471 1582 2168 1692; baseline 0 -38"><span class='ocrx_word' id='word_1_86' title='bbox 471 1584 558 1656; x_wconf 92' lang='lat' dir='ltr'>dum</span> <span class='ocrx_word' id='word_1_87' title='bbox 576 1585 711 1683; x_wconf 90' lang='lat' dir='ltr'>quippe</span> <span class='ocrx_word' id='word_1_88' title='bbox 731 1609 793 1656; x_wconf 82' lang='lat' dir='ltr'>rex</span> <span class='ocrx_word' id='word_1_89' title='bbox 811 1584 848 1656; x_wconf 91' lang='lat' dir='ltr'>in</span> <span class='ocrx_word' id='word_1_90' title='bbox 866 1584 973 1656; x_wconf 88' lang='lat' dir='ltr'>lsrael</span> <span class='ocrx_word' id='word_1_91' title='bbox 990 1599 1066 1656; x_wconf 90' lang='lat' dir='ltr'>erat</span> <span class='ocrx_word' id='word_1_92' title='bbox 1082 1584 1310 1672; x_wconf 90' lang='lat' dir='ltr'>constitutus,</span> <span class='ocrx_word' id='word_1_93' title='bbox 1340 1582 1387 1656; x_wconf 91' lang='lat' dir='ltr'>ad</span> <span class='ocrx_word' id='word_1_94' title='bbox 1404 1607 1513 1679; x_wconf 89' lang='lat' dir='ltr'>quem</span> <span class='ocrx_word' id='word_1_95' title='bbox 1530 1583 1605 1659; x_wconf 85' lang='lat' dir='ltr'>haec</span> <span class='ocrx_word' id='word_1_96' title='bbox 1623 1583 1853 1682; x_wconf 80' lang='lat' dir='ltr'>prophetissae</span> <span class='ocrx_word' id='word_1_97' title='bbox 1866 1583 2052 1692; x_wconf 76' lang='lat' dir='ltr'>gratulatio</span> <span class='ocrx_word' id='word_1_98' title='bbox 2165 1629 2168 1634; x_wconf 92' lang='lat'>-</span> 
     </span>
    </p>
   </div>
   <div class='ocr_carea' id='block_1_4' title="bbox 467 1703 2056 2044">
    <p class='ocr_par' dir='ltr' id='par_1_4' title="bbox 467 1703 2053 2044">
     <span class='ocr_line' id='line_1_10' title="bbox 468 1703 2053 1806; baseline -0.002 -29"><span class='ocrx_word' id='word_1_99' title='bbox 468 1705 674 1805; x_wconf 87' lang='lat' dir='ltr'>pertineret.</span> <span class='ocrx_word' id='word_1_100' title='bbox 706 1709 784 1804; x_wconf 91' lang='lat' dir='ltr'>lpsa</span> <span class='ocrx_word' id='word_1_101' title='bbox 802 1730 846 1803; x_wconf 92' lang='lat' dir='ltr'>pr</span> <span class='ocrx_word' id='word_1_102' title='bbox 847 1729 920 1777; x_wconf 89' lang='lat' dir='ltr'>rmo</span> <span class='ocrx_word' id='word_1_103' title='bbox 944 1703 1144 1794; x_wconf 80' lang='lat' dir='ltr'>Christum,</span> <span class='ocrx_word' id='word_1_104' title='bbox 1170 1703 1240 1776; x_wconf 88' lang='lat' dir='ltr'>hoo</span> <span class='ocrx_word' id='word_1_105' title='bbox 1265 1718 1318 1775; x_wconf 89' lang='lat' dir='ltr'>est</span> <span class='ocrx_word' id='word_1_106' title='bbox 1343 1703 1505 1775; x_wconf 86' lang='lat' dir='ltr'>Messiam</span> <span class='ocrx_word' id='word_1_107' title='bbox 1529 1727 1655 1776; x_wconf 88' lang='lat' dir='ltr'>verum</span> <span class='ocrx_word' id='word_1_108' title='bbox 1675 1718 1836 1806; x_wconf 88' lang='lat' dir='ltr'>patenter</span> <span class='ocrx_word' id='word_1_109' title='bbox 1855 1704 2053 1800; x_wconf 86' lang='lat' dir='ltr'>exprimere</span> 
     </span>
     <span class='ocr_line' id='line_1_11' title="bbox 469 1823 2056 1954; baseline -0.002 -56"><span class='ocrx_word' id='word_1_110' title='bbox 469 1828 619 1918; x_wconf 88' lang='lat' dir='ltr'>meruit,</span> <span class='ocrx_word' id='word_1_111' title='bbox 645 1827 719 1926; x_wconf 88' lang='lat' dir='ltr'>ipsa</span> <span class='ocrx_word' id='word_1_112' title='bbox 739 1826 922 1900; x_wconf 87' lang='lat' dir='ltr'>manifeste</span> <span class='ocrx_word' id='word_1_113' title='bbox 949 1825 1160 1924; x_wconf 83' lang='lat' dir='ltr'>praeountiat</span> <span class='ocrx_word' id='word_1_114' title='bbox 1185 1825 1359 1913; x_wconf 85' lang='lat' dir='ltr'>futurum,</span> <span class='ocrx_word' id='word_1_115' title='bbox 1386 1825 1484 1922; x_wconf 88' lang='lat' dir='ltr'>quod</span> <span class='ocrx_word' id='word_1_116' title='bbox 1510 1826 1619 1897; x_wconf 84' lang='lat' dir='ltr'>Maria</span> <span class='ocrx_word' id='word_1_117' title='bbox 1647 1824 1813 1898; x_wconf 86' lang='lat' dir='ltr'>decantat</span> <span class='ocrx_word' id='word_1_118' title='bbox 1833 1823 2056 1954; x_wconf 86' lang='lat' dir='ltr'>completum</span> 
     </span>
     <span class='ocr_line' id='line_1_12' title="bbox 467 1943 1840 2044; baseline 0 -28"><span class='ocrx_word' id='word_1_119' title='bbox 467 1959 637 2043; x_wconf 89' lang='lat' dir='ltr'>tanquam</span> <span class='ocrx_word' id='word_1_120' title='bbox 653 1944 813 2018; x_wconf 87' lang='lat' dir='ltr'>srdem</span> <span class='ocrx_word' id='word_1_121' title='bbox 782 1945 924 2043; x_wconf 73' lang='lat' dir='ltr'>virginis</span> <span class='ocrx_word' id='word_1_122' title='bbox 941 1959 1013 2016; x_wconf 92' lang='lat' dir='ltr'>tam</span> <span class='ocrx_word' id='word_1_123' title='bbox 1029 1944 1217 2044; x_wconf 84' lang='lat' dir='ltr'>prophetia</span> <span class='ocrx_word' id='word_1_124' title='bbox 1231 1968 1340 2042; x_wconf 88' lang='lat' dir='ltr'>quarn</span> <span class='ocrx_word' id='word_1_125' title='bbox 1357 1959 1480 2044; x_wconf 86' lang='lat' dir='ltr'>partus</span> <span class='ocrx_word' id='word_1_126' title='bbox 1497 1945 1684 2018; x_wconf 81' lang='lat' dir='ltr'>instrueret</span> <span class='ocrx_word' id='word_1_127' title='bbox 1702 1943 1840 2016; x_wconf 83' lang='lat' dir='ltr'>sterilis.</span> 
     </span>
    </p>
   </div>
   <div class='ocr_carea' id='block_1_5' title="bbox 999 2175 1519 2224">
    <p class='ocr_par' dir='ltr' id='par_1_5' title="bbox 999 2175 1519 2224">
     <span class='ocr_line' id='line_1_13' title="bbox 999 2175 1519 2224; baseline -0.006 -2"><span class='ocrx_word' id='word_1_128' title='bbox 999 2175 1180 2224; x_wconf 69' lang='lat' dir='ltr'>Phontauu</span> <span class='ocrx_word' id='word_1_129' title='bbox 1204 2175 1371 2224; x_wconf 77' lang='lat' dir='ltr'>HELOlSSAE</span> <span class='ocrx_word' id='word_1_130' title='bbox 1397 2175 1519 2222; x_wconf 75' lang='lat' dir='ltr'>xxxiv.</span> 
     </span>
    </p>
   </div>
   <div class='ocr_carea' id='block_1_6' title="bbox 467 2334 2053 3160">
    <p class='ocr_par' dir='ltr' id='par_1_6' title="bbox 467 2334 2053 3160">
     <span class='ocr_line' id='line_1_14' title="bbox 516 2334 2053 2438; baseline 0.004 -30"><span class='ocrx_word' id='word_1_131' title='bbox 516 2334 607 2411; x_wconf 93' lang='lat' dir='ltr'>lllud</span> <span class='ocrx_word' id='word_1_132' title='bbox 622 2336 729 2409; x_wconf 86' lang='lat' dir='ltr'>etiam</span> <span class='ocrx_word' id='word_1_133' title='bbox 751 2351 883 2426; x_wconf 88' lang='lat' dir='ltr'>movet,</span> <span class='ocrx_word' id='word_1_134' title='bbox 901 2336 1001 2435; x_wconf 91' lang='lat' dir='ltr'>quod</span> <span class='ocrx_word' id='word_1_135' title='bbox 1016 2337 1075 2409; x_wconf 91' lang='lat' dir='ltr'>hic</span> <span class='ocrx_word' id='word_1_136' title='bbox 1096 2337 1259 2411; x_wconf 73' lang='lat' dir='ltr'>dicbur&#39;:</span> <span class='ocrx_word' id='word_1_137' title='bbox 1286 2367 1305 2407; x_wconf 83' lang='grc' dir='ltr'>ιι</span> <span class='ocrx_word' id='word_1_138' title='bbox 1318 2343 1443 2411; x_wconf 89' lang='lat' dir='ltr'>Donec</span> <span class='ocrx_word' id='word_1_139' title='bbox 1454 2337 1581 2411; x_wconf 89' lang='lat' dir='ltr'>sterilis</span> <span class='ocrx_word' id='word_1_140' title='bbox 1594 2341 1732 2438; x_wconf 86' lang='lat' dir='ltr'>peperit</span> <span class='ocrx_word' id='word_1_141' title='bbox 1751 2339 1936 2438; x_wconf 88' lang='lat' dir='ltr'>plurimos.</span> <span class='ocrx_word' id='word_1_142' title='bbox 1956 2369 1973 2406; x_wconf 79' lang='grc' dir='ltr'>ιι</span> <span class='ocrx_word' id='word_1_143' title='bbox 1996 2345 2053 2413; x_wconf 86' lang='lat' dir='ltr'>Et·</span> 
     </span>
     <span class='ocr_line' id='line_1_15' title="bbox 468 2457 2049 2558; baseline 0.002 -30"><span class='ocrx_word' id='word_1_144' title='bbox 468 2458 497 2528; x_wconf 90' lang='lat' dir='ltr'>si</span> <span class='ocrx_word' id='word_1_145' title='bbox 518 2459 614 2530; x_wconf 90' lang='lat' dir='ltr'>enim</span> <span class='ocrx_word' id='word_1_146' title='bbox 634 2459 813 2556; x_wconf 89' lang='lat' dir='ltr'>Scriptura</span> <span class='ocrx_word' id='word_1_147' title='bbox 835 2457 1069 2557; x_wconf 88' lang='lat' dir='ltr'>postmodum</span> <span class='ocrx_word' id='word_1_148' title='bbox 1090 2459 1235 2550; x_wconf 89' lang='lat' dir='ltr'>reserat,</span> <span class='ocrx_word' id='word_1_149' title='bbox 1257 2458 1356 2556; x_wconf 92' lang='lat' dir='ltr'>quod</span> <span class='ocrx_word' id='word_1_150' title='bbox 1376 2474 1459 2558; x_wconf 90' lang='lat' dir='ltr'>post</span> <span class='ocrx_word' id='word_1_151' title='bbox 1484 2457 1686 2532; x_wconf 87' lang='lat' dir='ltr'>Samuelem</span> <span class='ocrx_word' id='word_1_152' title='bbox 1704 2458 1823 2531; x_wconf 88' lang='lat' dir='ltr'>adhuc</span> <span class='ocrx_word' id='word_1_153' title='bbox 1851 2475 1921 2531; x_wconf 89' lang='lat' dir='ltr'>tres</span> <span class='ocrx_word' id='word_1_154' title='bbox 1943 2458 2049 2548; x_wconf 84' lang='lat' dir='ltr'>filios,</span> 
     </span>
     <span class='ocr_line' id='line_1_16' title="bbox 469 2576 2052 2677; baseline 0.001 -27"><span class='ocrx_word' id='word_1_155' title='bbox 469 2593 504 2651; x_wconf 92' lang='lat' dir='ltr'>et</span> <span class='ocrx_word' id='word_1_156' title='bbox 518 2578 608 2650; x_wconf 91' lang='lat' dir='ltr'>duas</span> <span class='ocrx_word' id='word_1_157' title='bbox 626 2576 715 2649; x_wconf 79' lang='lat' dir='ltr'>filias</span> <span class='ocrx_word' id='word_1_158' title='bbox 736 2581 1045 2677; x_wconf 76' lang='lat' dir='ltr'>Annapepereri13</span> <span class='ocrx_word' id='word_1_159' title='bbox 1071 2579 1236 2650; x_wconf 90' lang='lat' dir='ltr'>nondum</span> <span class='ocrx_word' id='word_1_160' title='bbox 1259 2595 1396 2668; x_wconf 86' lang='lat' dir='ltr'>tamen,</span> <span class='ocrx_word' id='word_1_161' title='bbox 1416 2579 1503 2650; x_wconf 92' lang='lat' dir='ltr'>dum</span> <span class='ocrx_word' id='word_1_162' title='bbox 1520 2578 1592 2651; x_wconf 90' lang='lat' dir='ltr'>hoc</span> <span class='ocrx_word' id='word_1_163' title='bbox 1613 2580 1747 2652; x_wconf 87' lang='lat' dir='ltr'>diceret</span> <span class='ocrx_word' id='word_1_164' title='bbox 1765 2580 1964 2670; x_wconf 87' lang='lat' dir='ltr'>canticum,</span> <span class='ocrx_word' id='word_1_165' title='bbox 1986 2581 2052 2652; x_wconf 89' lang='lat' dir='ltr'>nisi</span> 
     </span>
     <span class='ocr_line' id='line_1_17' title="bbox 469 2683 2053 2798; baseline 0.003 -29"><span class='ocrx_word' id='word_1_166' title='bbox 469 2696 670 2769; x_wconf 89' lang='lat' dir='ltr'>Samuelem</span> <span class='ocrx_word' id='word_1_167' title='bbox 687 2695 852 2769; x_wconf 90' lang='lat' dir='ltr'>habuisse</span> <span class='ocrx_word' id='word_1_168' title='bbox 866 2698 1026 2769; x_wconf 80' lang='lat' dir='ltr'>refertur.</span> <span class='ocrx_word' id='word_1_169' title='bbox 1042 2697 1237 2786; x_wconf 90' lang='lat' dir='ltr'>Quomodo</span> <span class='ocrx_word' id='word_1_170' title='bbox 1251 2697 1358 2770; x_wconf 89' lang='lat' dir='ltr'>etiam</span> <span class='ocrx_word' id='word_1_171' title='bbox 1372 2698 1418 2770; x_wconf 92' lang='lat' dir='ltr'>de</span> <span class='ocrx_word' id='word_1_172' title='bbox 1431 2697 1512 2770; x_wconf 87' lang='lat' dir='ltr'>liliis</span> <span class='ocrx_word' id='word_1_173' title='bbox 1529 2683 1601 2771; x_wconf 85' lang='lat' dir='ltr'>suis</span> <span class='ocrx_word' id='word_1_174' title='bbox 1608 2697 1711 2788; x_wconf 86' lang='lat' dir='ltr'>dicit,</span> <span class='ocrx_word' id='word_1_175' title='bbox 1735 2699 1956 2798; x_wconf 79' lang='lat' dir='ltr'>«plurimos,</span> <span class='ocrx_word' id='word_1_176' title='bbox 1979 2729 1997 2767; x_wconf 81' lang='lat' dir='ltr'>n</span> <span class='ocrx_word' id='word_1_177' title='bbox 2019 2716 2053 2772; x_wconf 88' lang='lat' dir='ltr'>et</span> 
     </span>
     <span class='ocr_line' id='line_1_18' title="bbox 469 2815 2051 2918; baseline 0.004 -32"><span class='ocrx_word' id='word_1_178' title='bbox 469 2815 515 2888; x_wconf 93' lang='lat' dir='ltr'>de</span> <span class='ocrx_word' id='word_1_179' title='bbox 527 2815 607 2887; x_wconf 85' lang='lat' dir='ltr'>filiis</span> <span class='ocrx_word' id='word_1_180' title='bbox 620 2815 754 2898; x_wconf 81' lang='lat' dir='ltr'>aemulae</span> <span class='ocrx_word' id='word_1_181' title='bbox 768 2841 839 2888; x_wconf 85' lang='lat' dir='ltr'>suae</span> <span class='ocrx_word' id='word_1_182' title='bbox 853 2822 1045 2907; x_wconf 86' lang='lat' dir='ltr'>Fenennae,</span> <span class='ocrx_word' id='word_1_183' title='bbox 1063 2818 1146 2890; x_wconf 91' lang='lat' dir='ltr'>dicit</span> <span class='ocrx_word' id='word_1_184' title='bbox 1161 2817 1293 2890; x_wconf 89' lang='lat' dir='ltr'>multos</span> <span class='ocrx_word' id='word_1_185' title='bbox 1300 2832 1498 2918; x_wconf 88' lang='lat' dir='ltr'>,tanquam</span> <span class='ocrx_word' id='word_1_186' title='bbox 1517 2819 1591 2918; x_wconf 91' lang='lat' dir='ltr'>ipsa</span> <span class='ocrx_word' id='word_1_187' title='bbox 1611 2819 1730 2918; x_wconf 92' lang='lat' dir='ltr'>plures</span> <span class='ocrx_word' id='word_1_188' title='bbox 1745 2819 1922 2910; x_wconf 88' lang='lat' dir='ltr'>habuerit,</span> <span class='ocrx_word' id='word_1_189' title='bbox 1943 2845 2051 2918; x_wconf 91' lang='lat' dir='ltr'>quam</span> 
     </span>
     <span class='ocr_line' id='line_1_19' title="bbox 467 2932 2050 3037; baseline 0.003 -30"><span class='ocrx_word' id='word_1_190' title='bbox 467 2935 550 3007; x_wconf 86' lang='lat' dir='ltr'>illa?</span> <span class='ocrx_word' id='word_1_191' title='bbox 564 2936 734 3022; x_wconf 82' lang='lat' dir='ltr'>Quamvis</span> <span class='ocrx_word' id='word_1_192' title='bbox 757 2937 853 3012; x_wconf 90' lang='lat' dir='ltr'>enim</span> <span class='ocrx_word' id='word_1_193' title='bbox 871 2938 1051 3035; x_wconf 90' lang='lat' dir='ltr'>Scriptura</span> <span class='ocrx_word' id='word_1_194' title='bbox 1070 2963 1144 3020; x_wconf 87' lang='lat' dir='ltr'>non</span> <span class='ocrx_word' id='word_1_195' title='bbox 1159 2937 1305 3010; x_wconf 83' lang='lat' dir='ltr'>definiat</span> <span class='ocrx_word' id='word_1_196' title='bbox 1312 2953 1430 3037; x_wconf 91' lang='lat' dir='ltr'>,quot</span> <span class='ocrx_word' id='word_1_197' title='bbox 1449 2932 1546 3018; x_wconf 89' lang='lat' dir='ltr'>filios</span> <span class='ocrx_word' id='word_1_198' title='bbox 1560 2938 1724 3013; x_wconf 90' lang='lat' dir='ltr'>habuerit</span> <span class='ocrx_word' id='word_1_199' title='bbox 1741 2945 1930 3029; x_wconf 89' lang='lat' dir='ltr'>Fenenna‚</span> <span class='ocrx_word' id='word_1_200' title='bbox 1960 2965 2050 3012; x_wconf 90' lang='lat' dir='ltr'>non-</span> 
     </span>
     <span class='ocr_line' id='line_1_20' title="bbox 469 3054 1931 3160; baseline 0.003 -33"><span class='ocrx_word' id='word_1_201' title='bbox 469 3054 558 3128; x_wconf 89' lang='lat' dir='ltr'>nulli</span> <span class='ocrx_word' id='word_1_202' title='bbox 577 3071 697 3130; x_wconf 86' lang='lat' dir='ltr'>tamen</span> <span class='ocrx_word' id='word_1_203' title='bbox 714 3071 877 3129; x_wconf 87' lang='lat' dir='ltr'>astruunt</span> <span class='ocrx_word' id='word_1_204' title='bbox 896 3082 975 3129; x_wconf 89' lang='lat' dir='ltr'>eam</span> <span class='ocrx_word' id='word_1_205' title='bbox 989 3057 1109 3156; x_wconf 90' lang='lat' dir='ltr'>plures</span> <span class='ocrx_word' id='word_1_206' title='bbox 1122 3057 1300 3147; x_wconf 90' lang='lat' dir='ltr'>habuisse,</span> <span class='ocrx_word' id='word_1_207' title='bbox 1317 3083 1425 3158; x_wconf 92' lang='lat' dir='ltr'>quam</span> <span class='ocrx_word' id='word_1_208' title='bbox 1441 3063 1592 3153; x_wconf 79' lang='lat' dir='ltr'>Annam,</span> <span class='ocrx_word' id='word_1_209' title='bbox 1607 3059 1678 3131; x_wconf 91' lang='lat' dir='ltr'>hoc</span> <span class='ocrx_word' id='word_1_210' title='bbox 1697 3075 1749 3132; x_wconf 88' lang='lat' dir='ltr'>est</span> <span class='ocrx_word' id='word_1_211' title='bbox 1753 3075 1931 3160; x_wconf 89' lang='lat' dir='ltr'>,.septem</span> 
     </span>
    </p>
   </div>
   <div class='ocr_carea' id='block_1_7' title="bbox 997 3269 1437 3384">
    <p class='ocr_par' dir='ltr' id='par_1_7' title="bbox 997 3269 1437 3384">
     <span class='ocr_line' id='line_1_21' title="bbox 997 3269 1437 3384; baseline -0.002 -42"><span class='ocrx_word' id='word_1_212' title='bbox 997 3379 1000 3384; x_wconf 20' lang='grc' dir='ltr'>Ι</span> <span class='ocrx_word' id='word_1_213' title='bbox 1084 3271 1219 3342; x_wconf 80' lang='lat' dir='ltr'>Solutio</span> <span class='ocrx_word' id='word_1_214' title='bbox 1243 3269 1348 3344; x_wconf 80' lang='lat' dir='ltr'>Aboet</span> <span class='ocrx_word' id='word_1_215' title='bbox 1345 3269 1437 3342; x_wconf 81' lang='lat' dir='ltr'>ordi.</span> 
     </span>
    </p>
   </div>
   <div class='ocr_carea' id='block_1_8' title="bbox 467 3438 2059 4734">
    <p class='ocr_par' dir='ltr' id='par_1_8' title="bbox 467 3438 2053 4734">
     <span class='ocr_line' id='line_1_22' title="bbox 516 3438 2052 3540; baseline 0.005 -33"><span class='ocrx_word' id='word_1_216' title='bbox 516 3441 594 3508; x_wconf 89' lang='lat' dir='ltr'>Non</span> <span class='ocrx_word' id='word_1_217' title='bbox 614 3451 827 3521; x_wconf 86' lang='lat' dir='ltr'>estnecesse</span> <span class='ocrx_word' id='word_1_218' title='bbox 850 3453 888 3510; x_wconf 90' lang='lat' dir='ltr'>ut</span> <span class='ocrx_word' id='word_1_219' title='bbox 915 3467 932 3506; x_wconf 80' lang='grc' dir='ltr'><strong><em>κ</em></strong></span> <span class='ocrx_word' id='word_1_220' title='bbox 960 3438 1135 3538; x_wconf 88' lang='lat' dir='ltr'>plurimos</span> <span class='ocrx_word' id='word_1_221' title='bbox 1164 3468 1182 3506; x_wconf 80' lang='lat' dir='ltr'>n</span> <span class='ocrx_word' id='word_1_222' title='bbox 1201 3439 1273 3511; x_wconf 91' lang='lat' dir='ltr'>hoc</span> <span class='ocrx_word' id='word_1_223' title='bbox 1296 3439 1398 3530; x_wconf 92' lang='lat' dir='ltr'>loco,</span> <span class='ocrx_word' id='word_1_224' title='bbox 1421 3464 1488 3539; x_wconf 93' lang='lat' dir='ltr'>pro</span> <span class='ocrx_word' id='word_1_225' title='bbox 1502 3440 1622 3539; x_wconf 89' lang='lat' dir='ltr'>plures</span> <span class='ocrx_word' id='word_1_226' title='bbox 1641 3443 1883 3540; x_wconf 88' lang='lat' dir='ltr'>comparative</span> <span class='ocrx_word' id='word_1_227' title='bbox 1905 3443 2052 3540; x_wconf 86' lang='lat' dir='ltr'>accipia-</span> 
     </span>
     <span class='ocr_line' id='line_1_23' title="bbox 469 3559 2052 3660; baseline 0.004 -32"><span class='ocrx_word' id='word_1_228' title='bbox 469 3581 562 3648; x_wconf 89' lang='lat' dir='ltr'>mus,</span> <span class='ocrx_word' id='word_1_229' title='bbox 582 3573 745 3658; x_wconf 88' lang='lat' dir='ltr'>respectu</span> <span class='ocrx_word' id='word_1_230' title='bbox 764 3560 973 3656; x_wconf 87' lang='lat' dir='ltr'>pauciorum</span> <span class='ocrx_word' id='word_1_231' title='bbox 994 3587 1002 3630; x_wconf 74' lang='grc' dir='ltr'><strong>ι</strong></span> <span class='ocrx_word' id='word_1_232' title='bbox 1024 3559 1086 3656; x_wconf 78' lang='lat' dir='ltr'>sed</span> <span class='ocrx_word' id='word_1_233' title='bbox 1106 3560 1280 3660; x_wconf 87' lang='lat' dir='ltr'>plurimos</span> <span class='ocrx_word' id='word_1_234' title='bbox 1296 3561 1383 3633; x_wconf 93' lang='lat' dir='ltr'>dicit</span> <span class='ocrx_word' id='word_1_235' title='bbox 1400 3559 1579 3652; x_wconf 89' lang='lat' dir='ltr'>absolute,</span> <span class='ocrx_word' id='word_1_236' title='bbox 1599 3563 1690 3635; x_wconf 90' lang='lat' dir='ltr'>sicut</span> <span class='ocrx_word' id='word_1_237' title='bbox 1708 3577 1743 3634; x_wconf 94' lang='lat' dir='ltr'>et</span> <span class='ocrx_word' id='word_1_238' title='bbox 1761 3563 1911 3652; x_wconf 89' lang='lat' dir='ltr'>multos,</span> <span class='ocrx_word' id='word_1_239' title='bbox 1937 3562 2052 3634; x_wconf 88' lang='lat' dir='ltr'>verbis</span> 
     </span>
     <span class='ocr_line' id='line_1_24' title="bbox 468 3677 2048 3778; baseline 0.003 -29"><span class='ocrx_word' id='word_1_240' title='bbox 468 3679 505 3749; x_wconf 92' lang='lat' dir='ltr'>in</span> <span class='ocrx_word' id='word_1_241' title='bbox 531 3677 659 3748; x_wconf 91' lang='lat' dir='ltr'>eodem</span> <span class='ocrx_word' id='word_1_242' title='bbox 673 3702 787 3749; x_wconf 84' lang='lat' dir='ltr'>sensu</span> <span class='ocrx_word' id='word_1_243' title='bbox 818 3680 970 3750; x_wconf 85' lang='lat' dir='ltr'>variatis.</span> <span class='ocrx_word' id='word_1_244' title='bbox 998 3684 1069 3752; x_wconf 88' lang='lat' dir='ltr'>Nec</span> <span class='ocrx_word' id='word_1_245' title='bbox 1094 3679 1261 3778; x_wconf 88' lang='lat' dir='ltr'>impedit,</span> <span class='ocrx_word' id='word_1_246' title='bbox 1289 3682 1318 3752; x_wconf 87' lang='lat' dir='ltr'>si</span> <span class='ocrx_word' id='word_1_247' title='bbox 1340 3682 1416 3777; x_wconf 87' lang='lat' dir='ltr'>jam</span> <span class='ocrx_word' id='word_1_248' title='bbox 1443 3681 1575 3753; x_wconf 91' lang='lat' dir='ltr'>multos</span> <span class='ocrx_word' id='word_1_249' title='bbox 1601 3681 1693 3753; x_wconf 85' lang='lat' dir='ltr'>lilios</span> <span class='ocrx_word' id='word_1_250' title='bbox 1719 3681 1899 3754; x_wconf 87' lang='lat' dir='ltr'>habuisset</span> <span class='ocrx_word' id='word_1_251' title='bbox 1930 3687 2048 3770; x_wconf 78' lang='lat' dir='ltr'>Anna,</span> 
     </span>
     <span class='ocr_line' id='line_1_25' title="bbox 467 3795 2053 3905; baseline 0.005 -39"><span class='ocrx_word' id='word_1_252' title='bbox 467 3795 614 3893; x_wconf 89' lang='lat' dir='ltr'>quando</span> <span class='ocrx_word' id='word_1_253' title='bbox 629 3797 806 3868; x_wconf 79' lang='lat' dir='ltr'>canticum</span> <span class='ocrx_word' id='word_1_254' title='bbox 825 3797 920 3868; x_wconf 92' lang='lat' dir='ltr'>istud</span> <span class='ocrx_word' id='word_1_255' title='bbox 938 3798 1094 3869; x_wconf 87' lang='lat' dir='ltr'>Domino</span> <span class='ocrx_word' id='word_1_256' title='bbox 1113 3799 1299 3897; x_wconf 89' lang='lat' dir='ltr'>persolvit,</span> <span class='ocrx_word' id='word_1_257' title='bbox 1321 3802 1484 3899; x_wconf 87' lang='lat' dir='ltr'>quamvis</span> <span class='ocrx_word' id='word_1_258' title='bbox 1511 3801 1691 3900; x_wconf 89' lang='lat' dir='ltr'>Scriptura</span> <span class='ocrx_word' id='word_1_259' title='bbox 1712 3801 1875 3905; x_wconf 85' lang='lat' dir='ltr'>nondum</span> <span class='ocrx_word' id='word_1_260' title='bbox 1895 3801 2053 3874; x_wconf 88' lang='lat' dir='ltr'>retulerit</span> 
     </span>
     <span class='ocr_line' id='line_1_26' title="bbox 468 3912 2051 4021; baseline 0.004 -33"><span class='ocrx_word' id='word_1_261' title='bbox 468 3941 547 3988; x_wconf 90' lang='lat' dir='ltr'>eam</span> <span class='ocrx_word' id='word_1_262' title='bbox 561 3912 728 3988; x_wconf 87' lang='lat' dir='ltr'>habuisse</span> <span class='ocrx_word' id='word_1_263' title='bbox 746 3919 812 3988; x_wconf 92' lang='lat' dir='ltr'>nisi</span> <span class='ocrx_word' id='word_1_264' title='bbox 825 3918 1037 3990; x_wconf 88' lang='lat' dir='ltr'>Samuelem.</span> <span class='ocrx_word' id='word_1_265' title='bbox 1059 3921 1158 4018; x_wconf 88' lang='lat' dir='ltr'>Saepe</span> <span class='ocrx_word' id='word_1_266' title='bbox 1173 3945 1328 4017; x_wconf 87' lang='lat' dir='ltr'>namque</span> <span class='ocrx_word' id='word_1_267' title='bbox 1348 3921 1455 3992; x_wconf 88' lang='lat' dir='ltr'>series</span> <span class='ocrx_word' id='word_1_268' title='bbox 1473 3921 1662 4021; x_wconf 76' lang='lat' dir='ltr'>Scripturas</span> <span class='ocrx_word' id='word_1_269' title='bbox 1681 3945 1753 3992; x_wconf 93' lang='lat' dir='ltr'>non</span> <span class='ocrx_word' id='word_1_270' title='bbox 1773 3935 1869 3993; x_wconf 90' lang='lat' dir='ltr'>tenet</span> <span class='ocrx_word' id='word_1_271' title='bbox 1888 3920 2051 3994; x_wconf 88' lang='lat' dir='ltr'>ordinem</span> 
     </span>
     <span class='ocr_line' id='line_1_27' title="bbox 468 4035 2052 4138; baseline 0.003 -32"><span class='ocrx_word' id='word_1_272' title='bbox 468 4035 643 4124; x_wconf 86' lang='lat' dir='ltr'>historiae,</span> <span class='ocrx_word' id='word_1_273' title='bbox 672 4035 736 4108; x_wconf 91' lang='lat' dir='ltr'>sed</span> <span class='ocrx_word' id='word_1_274' title='bbox 758 4036 930 4108; x_wconf 90' lang='lat' dir='ltr'>nonnulla</span> <span class='ocrx_word' id='word_1_275' title='bbox 959 4053 1079 4109; x_wconf 90' lang='lat' dir='ltr'>narrat</span> <span class='ocrx_word' id='word_1_276' title='bbox 1108 4054 1334 4138; x_wconf 76' lang='lat' dir='ltr'>praepostere.</span> <span class='ocrx_word' id='word_1_277' title='bbox 1365 4040 1481 4110; x_wconf 88' lang='lat' dir='ltr'>Potuit</span> <span class='ocrx_word' id='word_1_278' title='bbox 1512 4041 1619 4112; x_wconf 90' lang='lat' dir='ltr'>etiam</span> <span class='ocrx_word' id='word_1_279' title='bbox 1644 4039 1738 4110; x_wconf 90' lang='lat' dir='ltr'>istud</span> <span class='ocrx_word' id='word_1_280' title='bbox 1763 4064 1828 4137; x_wconf 91' lang='lat' dir='ltr'>per</span> <span class='ocrx_word' id='word_1_281' title='bbox 1860 4039 2052 4137; x_wconf 91' lang='lat' dir='ltr'>prophetiae</span> 
     </span>
     <span class='ocr_line' id='line_1_28' title="bbox 468 4157 2052 4255; baseline 0.002 -28"><span class='ocrx_word' id='word_1_282' title='bbox 468 4157 631 4255; x_wconf 87' lang='lat' dir='ltr'>spiritum</span> <span class='ocrx_word' id='word_1_283' title='bbox 642 4161 743 4228; x_wconf 77' lang='lat' dir='ltr'>Anna</span> <span class='ocrx_word' id='word_1_284' title='bbox 757 4157 887 4247; x_wconf 89' lang='lat' dir='ltr'>dicere,</span> <span class='ocrx_word' id='word_1_285' title='bbox 902 4182 1014 4254; x_wconf 89' lang='lat' dir='ltr'>quum</span> <span class='ocrx_word' id='word_1_286' title='bbox 1028 4157 1271 4231; x_wconf 88' lang='lat' dir='ltr'>solumadhuc</span> <span class='ocrx_word' id='word_1_287' title='bbox 1285 4157 1434 4228; x_wconf 88' lang='lat' dir='ltr'>haberet</span> <span class='ocrx_word' id='word_1_288' title='bbox 1445 4158 1658 4230; x_wconf 87' lang='lat' dir='ltr'>Samuelem.</span> <span class='ocrx_word' id='word_1_289' title='bbox 1675 4159 1837 4255; x_wconf 89' lang='lat' dir='ltr'>Denique</span> <span class='ocrx_word' id='word_1_290' title='bbox 1850 4183 1917 4230; x_wconf 89' lang='lat' dir='ltr'>uec</span> <span class='ocrx_word' id='word_1_291' title='bbox 1931 4160 2052 4231; x_wconf 88' lang='lat' dir='ltr'>incon·</span> 
     </span>
     <span class='ocr_line' id='line_1_29' title="bbox 469 4274 2051 4376; baseline 0.003 -31"><span class='ocrx_word' id='word_1_292' title='bbox 469 4300 555 4373; x_wconf 90' lang='lat' dir='ltr'>grue</span> <span class='ocrx_word' id='word_1_293' title='bbox 569 4274 688 4348; x_wconf 88' lang='lat' dir='ltr'>dicere</span> <span class='ocrx_word' id='word_1_294' title='bbox 702 4277 818 4374; x_wconf 91' lang='lat' dir='ltr'>potuit</span> <span class='ocrx_word' id='word_1_295' title='bbox 832 4301 898 4375; x_wconf 91' lang='lat' dir='ltr'>pro</span> <span class='ocrx_word' id='word_1_296' title='bbox 917 4276 996 4348; x_wconf 93' lang='lat' dir='ltr'>solo</span> <span class='ocrx_word' id='word_1_297' title='bbox 1010 4277 1190 4374; x_wconf 89' lang='lat' dir='ltr'>Samuele,</span> <span class='ocrx_word' id='word_1_298' title='bbox 1212 4289 1252 4348; x_wconf 90' lang='lat' dir='ltr'>ut</span> <span class='ocrx_word' id='word_1_299' title='bbox 1264 4277 1340 4374; x_wconf 89' lang='lat' dir='ltr'>ipse</span> <span class='ocrx_word' id='word_1_300' title='bbox 1351 4276 1482 4349; x_wconf 89' lang='lat' dir='ltr'>scilicet</span> <span class='ocrx_word' id='word_1_301' title='bbox 1500 4276 1610 4376; x_wconf 91' lang='lat' dir='ltr'>pluris</span> <span class='ocrx_word' id='word_1_302' title='bbox 1627 4292 1718 4350; x_wconf 88' lang='lat' dir='ltr'>esset</span> <span class='ocrx_word' id='word_1_303' title='bbox 1731 4279 1767 4348; x_wconf 88' lang='lat' dir='ltr'>in</span> <span class='ocrx_word' id='word_1_304' title='bbox 1789 4280 1922 4376; x_wconf 80' lang='lat' dir='ltr'>pretio,</span> <span class='ocrx_word' id='word_1_305' title='bbox 1944 4301 2051 4376; x_wconf 89' lang='lat' dir='ltr'>quam</span> 
     </span>
     <span class='ocr_line' id='line_1_30' title="bbox 470 4394 2048 4496; baseline 0.003 -30"><span class='ocrx_word' id='word_1_306' title='bbox 470 4394 533 4466; x_wconf 85' lang='lat' dir='ltr'>filii</span> <span class='ocrx_word' id='word_1_307' title='bbox 557 4399 749 4484; x_wconf 85' lang='lat' dir='ltr'>Fenennae,</span> <span class='ocrx_word' id='word_1_308' title='bbox 769 4395 850 4467; x_wconf 90' lang='lat' dir='ltr'>licet</span> <span class='ocrx_word' id='word_1_309' title='bbox 874 4422 966 4468; x_wconf 90' lang='lat' dir='ltr'>unus</span> <span class='ocrx_word' id='word_1_310' title='bbox 984 4397 1021 4468; x_wconf 90' lang='lat' dir='ltr'>in</span> <span class='ocrx_word' id='word_1_311' title='bbox 1041 4421 1206 4469; x_wconf 88' lang='lat' dir='ltr'>numero.</span> <span class='ocrx_word' id='word_1_312' title='bbox 1231 4401 1308 4468; x_wconf 90' lang='lat' dir='ltr'>Hoc</span> <span class='ocrx_word' id='word_1_313' title='bbox 1332 4398 1427 4469; x_wconf 91' lang='lat' dir='ltr'>enim</span> <span class='ocrx_word' id='word_1_314' title='bbox 1450 4398 1561 4469; x_wconf 88' lang='lat' dir='ltr'>modo</span> <span class='ocrx_word' id='word_1_315' title='bbox 1581 4422 1841 4496; x_wconf 89' lang='lat' dir='ltr'>nonnunquam</span> <span class='ocrx_word' id='word_1_316' title='bbox 1860 4400 2048 4496; x_wconf 86' lang='lat' dir='ltr'>contingit,</span> 
     </span>
     <span class='ocr_line' id='line_1_31' title="bbox 472 4499 2059 4618; baseline 0.001 -31"><span class='ocrx_word' id='word_1_317' title='bbox 472 4532 509 4587; x_wconf 90' lang='lat' dir='ltr'>ut</span> <span class='ocrx_word' id='word_1_318' title='bbox 524 4515 624 4587; x_wconf 86' lang='lat' dir='ltr'>illurn</span> <span class='ocrx_word' id='word_1_319' title='bbox 643 4516 803 4588; x_wconf 87' lang='lat' dir='ltr'>dicamus</span> <span class='ocrx_word' id='word_1_320' title='bbox 817 4515 897 4615; x_wconf 91' lang='lat' dir='ltr'>plus</span> <span class='ocrx_word' id='word_1_321' title='bbox 910 4515 1056 4606; x_wconf 92' lang='lat' dir='ltr'>hahere,</span> <span class='ocrx_word' id='word_1_322' title='bbox 1072 4541 1192 4613; x_wconf 90' lang='lat' dir='ltr'>quam</span> <span class='ocrx_word' id='word_1_323' title='bbox 1196 4516 1318 4607; x_wconf 89' lang='lat' dir='ltr'>alium,</span> <span class='ocrx_word' id='word_1_324' title='bbox 1335 4519 1397 4614; x_wconf 92' lang='lat' dir='ltr'>qui</span> <span class='ocrx_word' id='word_1_325' title='bbox 1409 4520 1578 4617; x_wconf 89' lang='lat' dir='ltr'>pauciora</span> <span class='ocrx_word' id='word_1_326' title='bbox 1592 4543 1757 4610; x_wconf 82' lang='lat' dir='ltr'>numeru,</span> <span class='ocrx_word' id='word_1_327' title='bbox 1772 4519 1835 4591; x_wconf 84' lang='lat' dir='ltr'>sed</span> <span class='ocrx_word' id='word_1_328' title='bbox 1844 4499 2059 4618; x_wconf 89' lang='lat' dir='ltr'>pretiosiora</span> 
     </span>
     <span class='ocr_line' id='line_1_32' title="bbox 470 4625 639 4734; baseline -0.006 -27"><span class='ocrx_word' id='word_1_329' title='bbox 470 4625 639 4734; x_wconf 88' lang='lat' dir='ltr'>possidet.</span> 
     </span>
    </p>
   </div>
   <div class='ocr_carea' id='block_1_9' title="bbox 1009 4792 1513 4857">
    <p class='ocr_par' dir='ltr' id='par_1_9' title="bbox 1009 4792 1513 4857">
     <span class='ocr_line' id='line_1_33' title="bbox 1009 4792 1513 4857; baseline 0 -3"><span class='ocrx_word' id='word_1_330' title='bbox 1009 4792 1189 4855; x_wconf 78' lang='grc' dir='ltr'><strong>ιιὸιιιιιιι</strong></span> <span class='ocrx_word' id='word_1_331' title='bbox 1214 4807 1380 4857; x_wconf 72' lang='lat' dir='ltr'>nescisse</span> <span class='ocrx_word' id='word_1_332' title='bbox 1405 4810 1513 4856; x_wconf 83' lang='lat' dir='ltr'>xxxv.</span> 
     </span>
    </p>
   </div>
   <div class='ocr_carea' id='block_1_10' title="bbox 523 4951 2051 5057">
    <p class='ocr_par' dir='ltr' id='par_1_10' title="bbox 523 4951 2051 5057">
     <span class='ocr_line' id='line_1_34' title="bbox 523 4951 2051 5057; baseline 0 -29"><span class='ocrx_word' id='word_1_333' title='bbox 523 4951 759 5031; x_wconf 81' lang='lat' dir='ltr'>Ohsecram‘us</span> <span class='ocrx_word' id='word_1_334' title='bbox 777 4972 812 5030; x_wconf 92' lang='lat' dir='ltr'>et</span> <span class='ocrx_word' id='word_1_335' title='bbox 831 4957 918 5057; x_wconf 92' lang='lat' dir='ltr'>quid</span> <span class='ocrx_word' id='word_1_336' title='bbox 933 4956 1021 5030; x_wconf 92' lang='lat' dir='ltr'>illud</span> <span class='ocrx_word' id='word_1_337' title='bbox 1034 4959 1078 5031; x_wconf 89' lang='lat' dir='ltr'>sit</span> <span class='ocrx_word' id='word_1_338' title='bbox 1091 4961 1103 4997; x_wconf 83' lang='lat'>⁸</span> <span class='ocrx_word' id='word_1_339' title='bbox 1119 4983 1127 5026; x_wconf 75' lang='grc' dir='ltr'><strong>ε</strong></span> <span class='ocrx_word' id='word_1_340' title='bbox 1152 4988 1170 5026; x_wconf 81' lang='grc' dir='ltr'>ιι</span> <span class='ocrx_word' id='word_1_341' title='bbox 1191 4960 1333 5032; x_wconf 87' lang='lat' dir='ltr'>Samuel</span> <span class='ocrx_word' id='word_1_342' title='bbox 1353 4975 1472 5033; x_wconf 88' lang='lat' dir='ltr'>autem</span> <span class='ocrx_word' id='word_1_343' title='bbox 1488 4953 1708 5034; x_wconf 78' lang='lat' dir='ltr'>ministraibat</span> <span class='ocrx_word' id='word_1_344' title='bbox 1724 4973 1806 5032; x_wconf 90' lang='lat' dir='ltr'>aute</span> <span class='ocrx_word' id='word_1_345' title='bbox 1826 4959 1951 5031; x_wconf 80' lang='lat' dir='ltr'>faciem</span> <span class='ocrx_word' id='word_1_346' title='bbox 1975 4961 2051 5028; x_wconf 90' lang='lat' dir='ltr'>Do·</span> 
     </span>
    </p>
   </div>
   <div class='ocr_carea' id='block_1_11' title="bbox 499 5215 1304 5282">
    <p class='ocr_par' dir='ltr' id='par_1_11' title="bbox 499 5215 1304 5282">
     <span class='ocr_line' id='line_1_35' title="bbox 499 5215 1304 5282; baseline -0.002 -16"><span class='ocrx_word' id='word_1_347' title='bbox 499 5217 513 5244; x_wconf 69' lang='lat'><strong>⁴</strong></span> <span class='ocrx_word' id='word_1_348' title='bbox 528 5216 594 5280; x_wconf 61' lang='lat' dir='ltr'>,disp</span> <span class='ocrx_word' id='word_1_349' title='bbox 612 5218 636 5274; x_wconf 89' lang='lat' dir='ltr'>l,</span> <span class='ocrx_word' id='word_1_350' title='bbox 650 5230 704 5282; x_wconf 77' lang='lat' dir='ltr'>cup.</span> <span class='ocrx_word' id='word_1_351' title='bbox 717 5233 751 5275; x_wconf 93' lang='lat' dir='ltr'>rr,</span> <span class='ocrx_word' id='word_1_352' title='bbox 764 5231 787 5265; x_wconf 81' lang='lat' dir='ltr'>r.</span> <span class='ocrx_word' id='word_1_353' title='bbox 802 5218 857 5264; x_wconf 82' lang='lat' dir='ltr'>m·</span> <span class='ocrx_word' id='word_1_354' title='bbox 893 5215 983 5266; x_wconf 81' lang='lat' dir='ltr'>&#39;lbid..</span> <span class='ocrx_word' id='word_1_355' title='bbox 998 5232 1019 5264; x_wconf 86' lang='lat' dir='ltr'>v.</span> <span class='ocrx_word' id='word_1_356' title='bbox 1031 5217 1055 5264; x_wconf 81' lang='lat'>5.</span> <span class='ocrx_word' id='word_1_357' title='bbox 1069 5241 1092 5251; x_wconf 90' lang='lat'>-</span> <span class='ocrx_word' id='word_1_358' title='bbox 1112 5215 1213 5278; x_wconf 77' lang='lat' dir='ltr'>⁸lbid.,</span> <span class='ocrx_word' id='word_1_359' title='bbox 1226 5231 1250 5266; x_wconf 85' lang='lat' dir='ltr'>v.</span> <span class='ocrx_word' id='word_1_360' title='bbox 1265 5217 1304 5265; x_wconf 77' lang='grc'>18.</span> 
     </span>
    </p>
   </div>
   <div class='ocr_carea' id='block_1_12' title="bbox 0 0 2308 6100">
    <p class='ocr_par' dir='ltr' id='par_1_12' title="bbox 0 0 2308 6100">
     <span class='ocr_line' id='line_1_36' title="bbox 0 0 2308 6100; baseline 0 0"><span class='ocrx_word' id='word_1_361' title='bbox 0 0 2308 6100; x_wconf 95' lang='lat' dir='ltr'> </span> 
     </span>
    </p>
   </div>
  </div>
 </body>
</html>
