4496 6102
715 503 760 576 IN
785 503 995 578 PASSIONE
1019 503 1177 578 DOMINI
1202 504 1365 576 SERMO.
1752 500 1824 570 tta

241 643 367 714 mundi
385 643 541 741 pretium
559 663 706 739 ponere.
731 643 785 714 Ad
805 642 990 715 cumulum
1015 625 1155 714 malitiae
1173 658 1260 734 tuae,
1283 643 1379 742 ipsos
1403 656 1585 740 conceptae
1611 638 1824 737 proditionis
1874 719 1877 726 Ι

240 760 369 860 gradus
396 761 551 853 intuere,
574 777 614 834 ut
633 761 768 834 nullam
794 761 1099 835 abominationem
1123 761 1352 860 impudentiae
1376 761 1497 834 deesse
1518 784 1713 857 cognoscas
1739 784 1822 857 pro·

240 881 367 952 ditioni
387 896 468 953 tuae.
488 887 568 980 Ipsa
583 898 689 954 nocte
707 907 779 979 qua
797 882 970 954 tractabas
989 907 1070 954 eum
1090 882 1247 972 tradere,
1268 882 1313 954 ad
1331 879 1470 956 coenam
1487 904 1705 979 praesumens
1723 903 1823 951 acce-

240 1001 346 1091 dere,
367 1003 405 1073 in
423 1002 499 1098 ejus
516 1002 724 1101 parapside,
750 1027 898 1074 manum
916 1003 1122 1076 sceleratam
1143 1018 1178 1075 et
1200 1019 1370 1100 tanquam
1387 1003 1496 1102 ipsius
1511 1002 1682 1099 sanguine
1696 1024 1824 1071 cruen-

142 1153 152 1176 ,
239 1139 348 1196 tatam
378 1124 531 1197 inserere
554 1149 628 1197 uon
660 1126 826 1214 timuisti,
855 1140 894 1197 ut
920 1124 991 1196 hoc
1015 1125 1108 1197 facto
1130 1127 1231 1223 quasi
1258 1139 1345 1198 teste
1377 1141 1445 1197 tuae
1470 1125 1693 1196 conscientiae
1720 1122 1823 1192 honae

241 1267 387 1316 omnem
405 1245 643 1341 suspicionem
660 1269 682 1316 a
699 1260 734 1318 te
748 1270 963 1318 removeres.
979 1249 1134 1317 Consors
1147 1247 1185 1317 in
1204 1246 1474 1344 participatione
1486 1259 1559 1316 tarn
1573 1245 1699 1316 veteris
1716 1266 1825 1340 quam

241 1363 325 1434 novi
342 1361 504 1461 pascbae,
519 1387 562 1446 ac
582 1362 751 1462 deinceps
772 1365 810 1436 in
828 1365 905 1463 ipsa
929 1365 1119 1437 traditione
1137 1389 1222 1437 eum
1238 1381 1279 1436 ut
1299 1367 1506 1463 magistrum
1525 1363 1698 1452 salutans,
1727 1376 1761 1433 et
1788 1375 1826 1430 ut

241 1482 345 1581 lupus
358 1506 490 1580 agnum
504 1471 685 1575 oscularis,
701 1483 750 1554 lili
763 1484 985 1583 perditionis,
1001 1509 1022 1555 a
1038 1500 1225 1557 mansueto
1238 1499 1339 1584 patre
1352 1484 1474 1556 audis:
1496 1514 1514 1551 α
1530 1483 1663 1572 Amice,
1678 1481 1723 1554 ad
1737 1481 1825 1579 quid

241 1604 422 1675 venistil»
445 1604 564 1676 Amice
582 1604 750 1702 quidem,
781 1631 855 1677 non
886 1630 1030 1695 amans,
1053 1606 1117 1678 sed
1140 1622 1275 1696 amate,
1299 1631 1374 1679 non
1395 1605 1564 1702 diligens,
1590 1603 1653 1676 sed
1674 1602 1823 1692 dilecte,

241 1739 414 1820 quantum
422 1721 468 1794 ad
480 1723 736 1796 exhibitionem
746 1725 989 1798 familiaritatis
1000 1742 1036 1799 et
1050 1727 1221 1799 amicitiae.
1234 1757 1253 1795 «
1265 1725 1318 1798 td
1331 1726 1432 1825 quid,
1444 1755 1463 1794 n
1476 1727 1603 1823 inquit,
1616 1723 1793 1796 nvenisti?
1805 1751 1823 1789 »

241 1860 411 1940 tanquam
429 1843 458 1914 si
467 1841 622 1916 diceret:
639 1843 801 1936 attende,
817 1845 936 1935 miser,
949 1860 1120 1942 quantam
1134 1848 1210 1919 sine
1223 1870 1330 1918 causa
1347 1845 1529 1944 praesumis
1543 1844 1822 1930 execrationem,

241 1990 352 2063 quum
376 1963 552 2063 praedictis
572 1963 739 2061 gradibus
762 1964 810 2036 ad
829 1982 1041 2066 conceptam
1063 1967 1229 2065 pervenis
1250 1965 1505 2064 proditionem.
1527 1970 1567 2036 In
1591 1991 1665 2063 quo
1689 1978 1725 2036 et
1752 1968 1826 2035 Do·

242 2085 360 2155 minus
370 2083 512 2179 signum
528 2081 743 2180 proditionis
759 2083 951 2175 detestans,
971 2085 1019 2155 ait
1036 2111 1044 2154 ε
1064 2113 1082 2152 u
1096 2084 1200 2174 Iuda,
1216 2084 1340 2156 osculo
1355 2082 1468 2155 filium
1481 2085 1637 2156 hominis
1655 2082 1788 2154 tradis?
1806 2113 1823 2151 u

242 2207 317 2272 IIoc
335 2215 407 2272 est:
420 2202 501 2286 Cur,
518 2198 658 2290 infelix,
680 2201 842 2272 osculum
860 2203 897 2272 in
914 2203 1016 2299 signo
1029 2201 1244 2298 proditionis
1265 2201 1420 2297 elegisti,
1440 2201 1539 2297 quod
1556 2203 1648 2272 inter
1663 2201 1828 2273 inimicos

242 2321 347 2392 etIam
360 2343 501 2390 summa
514 2318 698 2390 foederatio
713 2318 804 2390 solet
814 2344 890 2390 esse
903 2319 1022 2417 pacis?
1037 2319 1276 2391 Infelicissime
1288 2321 1453 2392 omnium
1464 2319 1673 2409 hominum,
1689 2319 1827 2392 bonum

242 2437 305 2509 tibi
318 2417 410 2513 esset
422 2439 452 2510 si
470 2454 575 2510 natus
589 2464 664 2511 non
678 2439 820 2530 fuisses,
835 2441 920 2537 quia
937 2463 1038 2511 more
1053 2438 1299 2514 abortivorum
1316 2442 1352 2514 in
1368 2456 1469 2514 utero
1483 2444 1654 2533 moriens,
1671 2445 1826 2541 gravissi-

243 2581 339 2629 mam
360 2583 434 2630 non
452 2561 639 2632 meruisses
661 2555 825 2658 poenam!

295 2710 312 2746 u
325 2681 494 2753 Videntes
514 2697 634 2754 autem
653 2681 709 2773 hi,
726 2683 788 2780 qui
806 2683 902 2754 circa
921 2685 1038 2784 ipsum
1056 2699 1175 2774 erant,
1191 2684 1290 2781 quod
1303 2685 1462 2756 futurum
1481 2699 1577 2775 erat,
1594 2683 1760 2756 dixerunt
1773 2687 1825 2755 ei:

248 2827 266 2865 «
280 2799 449 2890 Domine,
462 2801 491 2871 si
503 2801 721 2898 percutimus
734 2801 770 2872 in
787 2801 928 2898 gladio?
941 2830 960 2870 »
975 2804 1100 2874 Simon
1117 2827 1201 2900 ergo
1215 2807 1340 2874 Petrus
1357 2801 1539 2874 ardentior
1548 2803 1682 2874 caeteris
1694 2800 1830 2873 habens

245 2917 423 3014 gladium,
445 2919 567 2991 eduxit
585 2944 688 3010 eum,
706 2934 740 2991 et
757 2921 929 3018 percussit
941 2946 1083 2993 servum
1107 2921 1303 3019 pontificis,
1330 2936 1365 2993 et
1383 2919 1532 2993 abscidit
1547 2921 1622 3017 ejus
1635 2919 1830 2992 auriculam

244 3037 438 3110 dexteram.
457 3037 689 3137 Respondeas
707 3055 828 3112 autem
850 3045 950 3112 lesus
967 3041 1040 3112 ait:
1060 3069 1079 3108 u
1092 3042 1202 3113 SInite
1220 3066 1334 3138 usque
1350 3040 1435 3112 buc.
1447 3068 1465 3108 u
1481 3045 1525 3111 Et
1537 3064 1650 3138 quum
1666 3040 1834 3137 tetigisset

243 3157 438 3230 auriculam
460 3158 552 3254 ejus,
569 3160 705 3231 sanavit
725 3185 822 3232 eum.
844 3189 860 3226 u
879 3164 1051 3248 Quaerunt
1063 3161 1121 3233 alii
1138 3187 1163 3233 ae
1177 3163 1357 3252 Domino,
1379 3175 1498 3232 utrum
1516 3159 1751 3260 percutiendo
1769 3161 1831 3232 de·

242 3279 351 3376 beant
368 3306 450 3352 eum
474 3280 666 3353 vindicare.
682 3284 762 3352 Non
785 3283 935 3353 sustinet
955 3286 1079 3356 Petrus
1100 3307 1331 3380 responsum,
1358 3297 1397 3354 ut
1415 3281 1537 3354 audiat
1552 3280 1830 3370 documentum,

242 3424 309 3471 nec
328 3425 532 3478 mensuram
548 3399 657 3473 habet
677 3424 780 3472 amor
800 3401 1014 3493 vehemens,
1037 3426 1104 3474 nec
1122 3402 1296 3474 immensa
1315 3403 1441 3474 caritas
1455 3401 1606 3476 attendit
1622 3400 1710 3498 quid
1732 3425 1833 3472 exce·

243 3518 315 3590 dat.
332 3523 485 3592 Noverat
499 3517 687 3593 dominicae
707 3521 989 3594 mansuetudinis
1009 3522 1234 3619 patientiam,
1255 3547 1364 3620 quem
1379 3521 1454 3618 jam
1470 3520 1557 3592 olim
1580 3518 1832 3620 praedicentem

244 3663 344 3710 suam
366 3641 568 3738 passionem
592 3667 704 3738 quum
729 3656 866 3714 secreto
892 3643 1141 3740 correpsisset,
1162 3642 1309 3715 dicens:
1333 3671 1349 3709 u
1367 3641 1545 3738 Propitius
1562 3654 1638 3713 esto
1658 3639 1740 3731 tihi,
1761 3645 1834 3711 Do·

245 3761 358 3851 mine,
378 3786 424 3832 ne
441 3760 503 3832 fiat
524 3762 607 3853 hoc,
624 3791 642 3831 u
663 3763 798 3834 audivit
814 3762 859 3834 ab
876 3763 955 3860 ipso
973 3791 980 3832 :
1001 3792 1019 3832 v
1034 3762 1133 3836 Vade
1151 3779 1232 3862 post
1249 3787 1320 3852 me,
1340 3765 1481 3852 Satana,
1499 3786 1574 3833 non
1586 3763 1679 3860 sapis
1696 3786 1737 3833 ea
1756 3786 1835 3858 quae

245 3883 310 3951 Dei
337 3887 451 3954 sunt¹.
472 3912 489 3950 u
515 3886 669 3955 Noverat
697 3885 818 3982 etqui
845 3882 1053 3981 generaliter
1079 3883 1156 3982 ipse
1188 3882 1369 3981 discipulis
1399 3897 1632 3981 praeceperat,
1663 3881 1830 3954 dicens¹:

248 4029 265 4067 α
275 4000 427 4074 Audistis
436 4003 518 4098 quia
527 4002 663 4074 dictum
673 4017 741 4075 est:
756 4003 1009 4101 «Oculumpro
1019 4001 1294 4093 oculc,dentem
1305 4001 1522 4103 prodente.»
1538 4006 1612 4098 Ego
1624 4001 1833 4073 autemdico

243 4119 350 4192 vobis
365 4145 439 4192 non
460 4121 620 4194 resistere
636 4121 743 4194 malo.
762 4122 830 4195 Sed
849 4124 878 4194 si
892 4124 971 4220 quis
985 4137 1019 4194 te
1033 4123 1245 4221 percusserit
1261 4123 1299 4193 in
1321 4121 1445 4192 deutra
1458 4119 1597 4192 maxilla
1615 4136 1694 4211 tua,
1715 4119 1832 4220 praebe

241 4241 281 4311 ei
296 4255 332 4311 et
350 4239 508 4312 alteram.
525 4242 619 4313 »His
637 4255 674 4314 et
695 4241 868 4313 similibus
886 4243 1064 4340 patientias
1077 4242 1302 4315 documentis
1321 4245 1445 4312 Petrus
1457 4241 1649 4313 instructus
1668 4254 1829 4324 noverat,

236 4361 442 4432 Dominum
450 4385 677 4459 nequaquam
690 4363 784 4434 hanc
797 4363 829 4434 ei
840 4363 1034 4434 vindictam
1048 4387 1314 4436 concessurum.
1327 4367 1378 4434 Ne
1392 4386 1477 4460 ergo
1491 4387 1572 4434 reus
1584 4341 1834 4433 inobedientiae

238 4479 481 4575 percutiendo
499 4479 612 4572 fieret,
629 4483 659 4553 si
676 4482 747 4554 hoc
764 4506 978 4582 responsum
996 4497 1215 4582 expectaret,
1232 4483 1401 4582 praevenit
1417 4483 1557 4580 ipsum,
1575 4497 1746 4579 tanquam
1759 4480 1834 4552 aliis

234 4601 286 4672 in
310 4599 491 4698 boc.quid
508 4587 670 4698 agerent,
693 4602 856 4701 praebens
874 4604 1096 4702 exemplum,
1118 4619 1242 4703 utpote
1258 4605 1425 4702 princeps
1441 4603 1498 4675 vel
1517 4603 1654 4702 primus
1680 4625 1830 4675 eorum:

233 4737 290 4794 ut
307 4722 397 4792 sicut
412 4721 526 4794 ludas
542 4747 585 4794 ex
603 4722 751 4795 adversa
774 4739 873 4822 parte
892 4723 965 4796 dux
988 4741 1064 4798 erat
1080 4725 1126 4798 ad
1148 4725 1335 4816 malitiam,
1359 4725 1410 4796 sic
1435 4725 1501 4796 iste
1527 4725 1564 4796 in
1591 4724 1666 4796 acie
1689 4723 1835 4797 Domini

232 4842 323 4913 dux
341 4839 442 4913 fieret
459 4842 506 4914 ad
523 4843 729 4915 vindictam.
754 4847 850 4914 Dum
873 4869 958 4941 ergo
981 4845 1039 4918 alii
1057 4861 1220 4944 quaerunt
1240 4870 1286 4919 an
1313 4844 1530 4943 percutiant,
1561 4843 1627 4917 iste
1651 4860 1837 4945 percutere

278 5108 288 5134 ¹
315 5106 411 5173 Ilatth„
426 5126 483 5178 cap.
495 5128 549 5177 xvi,
561 5127 586 5164 v.
599 5115 641 5164 23.
652 5142 682 5152 -
695 5114 705 5142 '
717 5115 814 5180 ttatth,
826 5131 881 5184 cap.
898 5133 922 5181 r,
933 5133 956 5170 r.
971 5121 1016 5180 38,
1030 5120 1072 5170 39.

376 5211 387 5257 t
