4486 6100
1046 566 1174 638 PETRi
1201 567 1435 642 ABAELARDI

589 711 622 766 In
640 711 776 780 inientes,

590 800 628 855 Ut
641 801 779 855 infantum

587 889 690 945 Perdat
702 908 806 957 uuum,

587 978 684 1034 Perdit
698 979 802 1053 plume.

586 1130 706 1204 Propter
719 1150 809 1186 unum

586 1220 669 1277 Multi
682 1221 829 1277 Christum

587 1314 659 1371 Sunt
675 1317 827 1389 perempti,

587 1404 642 1461 Sed
656 1424 808 1478 perunum

589 1495 696 1551 Omnes
709 1496 856 1552 Christum

588 1585 732 1641 Coronati.

777 1785 896 1842 LXXV.

590 1949 651 2007 Rex
664 1961 796 2024 tyrannos

591 2042 741 2097 Universos

593 2133 808 2207 supergressus,

592 2223 628 2278 Et
640 2222 702 2296 plus
712 2223 779 2294 ipsis

591 2314 711 2388 Quoque
723 2313 788 2369 ieris

592 2403 782 2472 inhumanus,

593 2564 626 2619 In
638 2565 770 2632 infantes,

593 2652 634 2709 Ut
646 2653 676 2709 iu
688 2655 800 2722 hostes,

592 2744 688 2801 Castra
700 2745 790 2817 cogit,

592 2835 628 2892 Et
642 2836 671 2890 iu
683 2833 775 2891 nullos

591 2925 652 2982 Nisi
666 2943 729 2982 euos

592 3015 679 3070 Arma
692 3015 785 3072 vertit.

592 3175 683 3232 Furor
695 3177 742 3231 irae

592 3265 651 3324 Nec
664 3266 759 3323 seriae

562 3347 567 3354 ’
591 3355 803 3431 comparandas

590 3444 690 3501 Perdit
701 3465 749 3503 eos
761 3489 767 3502 .

591 3536 671 3608 Quos
687 3547 813 3609 arreptos
902 3598 905 3602 ,

591 3627 678 3682 Fovet
691 3625 784 3699 iupus.

590 3785 636 3842 Ad
649 3769 811 3841 mandatum

575 3876 676 3950 'Regis
688 3875 786 3931 datum

590 3967 726 4024 Generale
737 3969 793 4021 ¹..

588 4127 634 4184 Ad
650 4130 808 4202 Augustum

589 4219 651 4274 Hoc
661 4217 785 4274 delatum

590 4307 691 4364 Risum
702 4308 806 4376 movit,

589 4400 625 4455 Et
639 4417 688 4455 rex
701 4399 779 4455 mitis

590 4491 632 4546 De
643 4490 747 4545 immiti

590 4580 682 4654 Digne
692 4580 768 4635 lusit.

484 4784 491 4810 ¹
504 4784 597 4836 Cetera
607 4781 694 4834 desunt
700 4781 726 4833 in
735 4781 826 4834 Codice
832 4781 1052 4844 Bruxellensi3haee
1060 4793 1140 4834 eutem
1147 4781 1221 4833 inter-
1263 4771 1404 4824 ‘effide‘
1412 4769 1461 4810 ··¹
1473 4769 1535 4821 0⁰¹·
1548 4771 1707 4822 lamudam·
1720 4801 1749 4810 -
1759 4771 1769 4798 ⁸
1780 4773 1841 4824 Cod·
1851 4773 2006 4826 Laetantes.
2015 4801 2052 4815 —

449 4865 685 4920 semnturiiacrobii
695 4887 702 4916 ε
712 4867 868 4919 :Macrobius
878 4867 903 4918 iu
913 4868 1108 4918 saturnaliorum
1117 4865 1220 4928 librali,
1261 4857 1272 4884 ¹
1283 4857 1365 4908 bettio
1377 4866 1443 4908 cerie
1454 4855 1554 4918 Vffi⁰⁸³5
1566 4857 1628 4908 f⁰f¹⁰
1639 4857 1767 4924 legendum
1780 4878 1786 4906 ²

451 4954 482 5004 de
489 4953 596 5018 Augiasto
603 4950 696 5017 sejocis
705 4950 770 5017 ejus:
778 4951 855 5014 Quum
866 4950 973 5003 audisset
981 4951 1045 5002 inter
1057 4965 1147 5016 pueros
1157 4964 1219 5016 quos

450 5039 475 5088 in
486 5037 557 5104 Syria
569 5034 680 5087 Herodes
689 5051 733 5086 rex
743 5035 882 5088 iudeorum
892 5037 918 5088 in
930 5035 1077 5088 mbunaum
1088 5033 1160 5100 jussit
1175 5035 1218 5086 in-

450 5119 538 5184 terfici,
545 5119 621 5172 fllium
626 5135 722 5187 queque
733 5119 785 5186 ejus
794 5121 912 5185 occisum,
923 5121 969 5172 ait:
982 5119 1087 5170 ·iieiins
1098 5128 1136 5169 est
1146 5118 1220 5170 Hera-

452 5202 510 5255 ·dis
521 5218 623 5271 porcum
634 5217 688 5254 ease
699 5217 771 5268 qaam
782 5201 871 5266 filiam
882 5217 929 5255 nec
938 5202 1013 5268 ipsias
1022 5203 1101 5254 infans
1110 5211 1174 5253 tutus
1184 5211 1220 5252 eu

1405 711 1528 784 Malum,
1542 713 1649 788 inquit,

1404 802 1454 858 Est
1465 802 1585 858 Herodis

1405 894 1468 950 Esse
1480 904 1592 960 uatum

1404 985 1520 1040 Prodest
1533 988 1622 1060 magis

1406 1074 1481 1130 Talis
1494 1077 1567 1149 regie

1406 1165 1470 1220 Esse
1482 1183 1608 1238 porcum.

1583 1435 1713 1492 LXXVI.

1404 1629 1448 1684 Ad
1462 1629 1614 1684 lactantum
1627 1631 1638 1661 ¹

1405 1720 1488 1776 Sinus
1501 1730 1641 1786 metrum,

1406 1811 1446 1866 Ut
1458 1809 1494 1864 ed
1505 1820 1609 1876 castra,

1406 1900 1440 1955 Iu
1453 1900 1585 1956 lactentes
1597 1902 1608 1933 ¹

1408 1990 1478 2045 Ruit
1489 1991 1580 2046 omnis

1407 2079 1488 2135 Plebs
1501 2091 1615 2135 armeta.

1407 2247 1453 2304 Ad
1466 2251 1614 2304 micantem

1407 2337 1502 2393 inians
1516 2356 1610 2394 ensem

1404 2429 1612 2499 humbaudus,

1405 2521 1531 2576 Irmenti

1407 2610 1493 2666 Ridet
1504 2611 1579 2666 hosti

1407 2699 1599 2756 Perimeudus.

1407 2865 1484 2935 Quid
1499 2876 1542 2920 est
1554 2863 1630 2920 dictu

1407 2957 1462 3014 vel
1475 2956 1574 3012 auditu

1408 3047 1478 3102 Tam
1490 3047 1660 3119 stupendum
1671 3049 1683 3100 ?

1406 3140 1430 3193 A
1449 3147 1547 3192 natura

1406 3224 1484 3297 Quid
1498 3225 1621 3280 humana

1406 3317 1476 3372 Tam
1488 3327 1629 3370 remotum
1641 3319 1653 3368 i

1405 3495 1482 3565 Quid
1496 3495 1622 3550 Herodes

1404 3584 1484 3640 Metu
1496 3584 1613 3658 langues

1406 3675 1495 3748 Super
1507 3674 1641 3731 Christo?

1406 3767 1469 3824 Non
1481 3785 1592 3836 meum,
1607 3769 1715 3843 inquit,

1406 3858 1536 3932 Regnum
1549 3868 1591 3914 eet

1405 3949 1446 4004 De
1460 3950 1514 4005 hoc
1528 3949 1636 4005 mundo
1645 3951 1667 4003 ¹.

1404 4116 1438 4170 In
1451 4117 1577 4186 eternis,

1405 4205 1469 4261 Nou
1481 4206 1593 4262 caducis

1405 4298 1461 4353 Iste
1474 4307 1573 4370 regnat
1587 4323 1593 4351 :

1404 4388 1468 4444 Non
1481 4389 1539 4443 haec
1552 4386 1625 4444 tollit

1403 4479 1502 4553 Neque
1514 4479 1592 4552 cupit

1401 4569 1458 4640 Qui
1471 4566 1587 4652 datuille.

1475 4991 1545 5038 Mean,
1555 4994 1623 5044 iuquit,

1472 5063 1556 5118 Repu
1564 5077 1601 5104 aaa
1610 5075 1638 5106 eu

1473 5137 1503 5176 u·
1511 5135 1547 5176 ise
1556 5136 1632 5178 nuda.
