4496 6102
437 583 515 656 ‚tto
688 587 694 598 ·
1047 577 1176 651 ravat
1202 578 1438 684 summum

409 755 411 760 ·
441 723 550 810 Quod
570 746 656 795 vero
679 720 816 794 dictum
835 737 910 794 est:
929 751 946 790 α
962 727 1006 794 Et
1022 747 1135 820 quum
1158 721 1376 796 recubuisset
1399 724 1579 812 iterum,»
1596 722 1713 796 innuit
1731 748 1794 796 eos
1807 703 1890 824 post
1907 727 2036 798 sacrifi·

441 845 532 914 cium
553 843 681 914 veteris
701 841 854 932 Paschae,
874 841 921 914 ad
933 867 1074 915 eoenam
1097 843 1302 914 convivium
1316 841 1480 931 ciborum
1498 843 1697 915 accessisse.
1714 848 1794 915 Non
1817 846 1914 916 enim
1932 862 2035 918 tantae

442 964 601 1033 virorum
620 961 759 1035 familiae
772 961 878 1034 unius
891 965 1065 1035 comestio
1078 964 1159 1061 agni
1172 962 1229 1035 vel
1241 961 1335 1035 haedi
1347 961 1393 1034 ad
1408 955 1639 1034 refectionem
1655 962 1726 1035 diei
1739 963 1928 1038 sufficeret.
1946 971 2034 1039 Prae·

441 1098 537 1154 terea
555 1087 666 1154 Lucas
682 1108 796 1181 quum
814 1083 988 1155 retulisset
1005 1086 1202 1155 Dominum
1222 1082 1269 1154 de
1287 1083 1397 1155 veteri
1414 1082 1549 1155 Pascha
1566 1083 1696 1170 dixisse
1712 1083 1917 1184 discipulis:
1937 1115 1954 1154 e
1969 1091 2035 1158 De-

440 1202 571 1275 siderio
590 1203 789 1276 desideravi
810 1203 881 1275 hoc
901 1204 1033 1303 paseha
1051 1202 1268 1276 manducare
1288 1188 1494 1294 vobiscum,
1515 1217 1601 1295 etc,
1618 1233 1635 1272 u
1656 1203 1749 1276 duos
1767 1205 1895 1277 calices
1913 1222 2035 1303 postea

442 1339 703 1396 commemorat
729 1325 925 1396 Dominum
949 1323 1129 1424 discipulis
1158 1322 1317 1414 dedisse,
1346 1343 1459 1397 unum
1491 1323 1639 1422 quidem
1671 1325 1789 1396 statim
1821 1340 1903 1424 post
1938 1342 2037 1399 vetus

443 1444 594 1532 Pascha,
617 1444 768 1516 alterum
787 1445 823 1515 in
838 1442 1077 1516 celebratione
1089 1444 1175 1516 novi
1190 1443 1343 1515 Paschae.
1361 1447 1407 1515 Et
1417 1443 1463 1516 de
1474 1443 1537 1515 illo
1551 1441 1697 1541 quidem
1712 1444 1830 1542 primo
1844 1443 1952 1516 calice
1964 1450 2037 1518 Do-

443 1564 560 1634 minus
577 1563 758 1662 discipulis
775 1564 823 1634 ait
841 1591 847 1632 :
868 1593 885 1632 a
902 1564 1057 1662 Accipite
1071 1579 1107 1635 et
1119 1562 1265 1635 dividite
1285 1564 1378 1634 inter
1395 1587 1472 1634 vos.
1495 1564 1585 1635 Dico
1604 1563 1701 1634 enim
1723 1561 1845 1653 vobis,
1862 1566 2036 1661 quianon

440 1681 562 1752 bibam
592 1682 639 1753 de
668 1683 897 1779 generatione
919 1683 1016 1771 vitis,
1044 1682 1162 1754 donec
1191 1707 1342 1779 regnum
1369 1682 1435 1754 Dei
1464 1683 1594 1755 veniat.
1611 1711 1629 1751 u
1647 1686 1701 1753 De
1723 1682 1793 1754 alio
1819 1707 1905 1754 vero
1930 1683 2037 1758 calice

442 1802 613 1899 scriptum
634 1817 702 1892 est,
721 1803 805 1899 quia
827 1800 927 1874 dedit
944 1802 1031 1892 illis,
1053 1802 1176 1874 diceus
1193 1831 1201 1872 :
1221 1831 1238 1870 v
1255 1803 1321 1873 Hic
1343 1817 1396 1873 est
1415 1803 1557 1899 sanguis
1584 1827 1685 1874 meus
1712 1804 1798 1874 novi
1821 1807 2033 1877 testamenti.

442 1923 532 1992 Dico
546 1936 665 1993 autem
680 1920 798 2012 vobis,
814 1906 888 1994 non
908 1922 1030 1995 biham
1046 1921 1180 1996 amodo
1194 1921 1239 1994 de
1254 1921 1324 1993 hoc
1338 1923 1516 2019 genimine
1537 1923 1616 1994 vitis
1634 1948 1747 2020 usque
1761 1924 1798 1994 in
1811 1923 1907 1996 diem
1920 1925 2034 2016 illum,

442 2066 553 2138 quum
569 2041 657 2113 illud
673 2041 795 2114 bibam
812 2043 999 2115 vobiscum
1019 2067 1154 2116 novum
1168 2043 1204 2113 in
1224 2066 1335 2140 regno
1350 2043 1459 2140 patris
1475 2043 1559 2114 mei.
1572 2071 1590 2110 u
1606 2045 1707 2115 Prior
1718 2046 1837 2141 itaque
1853 2045 1943 2116 calix
1958 2063 2037 2146 post

443 2177 543 2233 vetus
567 2161 721 2254 Pascha,
741 2178 776 2235 et
796 2178 878 2235 ante
898 2188 1036 2235 novum
1054 2177 1259 2261 susceptus,
1281 2177 1317 2234 et
1334 2161 1392 2234 ille
1407 2161 1586 2234 secundus
1604 2162 1783 2236 recubitus
1796 2179 1879 2263 post
1891 2165 2052 2238 ablutio.

443 2306 526 2353 nem
543 2281 696 2380 pedum,
720 2307 793 2354 non
811 2283 858 2356 ad
874 2281 1111 2374 sacrificium,
1133 2281 1197 2354 sed
1213 2282 1260 2354 ad
1278 2282 1509 2355 refectionem
1531 2306 1724 2381 corporum
1745 2285 1925 2381 pertinere
1945 2285 2039 2357 vide·

444 2419 551 2475 retur.
573 2403 666 2474 Nihil
686 2405 782 2475 enim
801 2403 847 2476 de
863 2418 952 2503 potu
966 2404 1003 2475 in
1024 2403 1133 2475 veteri
1152 2402 1287 2475 Pascha
1300 2402 1356 2476 lex
1368 2403 1546 2504 precipit,
1566 2402 1629 2476 sed
1647 2417 1787 2476 tautum
1805 2402 1851 2475 de
1871 2404 2037 2477 carnibus

443 2526 524 2621 agni
543 2524 599 2596 vel
615 2524 708 2596 haedi
727 2551 810 2597 cum
832 2525 986 2625 panibus
1006 2527 1138 2623 azymis
1157 2540 1193 2597 et
1210 2525 1356 2598 lactucis
1372 2524 1578 2623 agrestibus.
1598 2528 1639 2596 ln
1657 2524 1724 2597 hac
1744 2526 1864 2623 itaque
1884 2529 2036 2600 convivii

443 2647 635 2720 resectione
655 2646 835 2746 discipulis
852 2647 1063 2739 edentibus,
1082 2647 1222 2720 videtur
1240 2647 1417 2719 Dominus
1435 2646 1480 2718 de
1497 2645 1650 2745 panibus
1675 2646 1767 2719 illius
1792 2672 1943 2735 mensae,
1963 2674 2036 2721 non

443 2764 488 2836 de
514 2765 645 2863 azymis
668 2765 809 2838 Paschae
833 2768 1033 2866 accepisse,
1056 2782 1092 2845 et
1118 2791 1255 2839 novum
1274 2764 1409 2838 Pascha
1429 2765 1632 2838 confecisse.
1666 2769 1745 2836 Non
1769 2766 1864 2837 enim
1891 2764 1954 2838 illo
1981 2767 2036 2839 die

443 2888 586 2960 Paschae
604 2889 832 2961 interdictum
846 2903 939 2982 erat,
956 2915 1002 2962 ne
1016 2915 1126 2990 panes
1143 2890 1251 2961 etiam
1270 2889 1488 2978 fermentati,
1510 2889 1572 2984 qui
1589 2888 1735 2986 proprie
1753 2911 1863 2985 panes
1879 2889 1955 2960 vini
1974 2889 2035 2960 ad·

438 3007 594 3102 jectione
610 3007 790 3098 dicuntur,
806 3009 844 3080 iu
858 3007 1026 3081 domibus
1040 3009 1302 3108 reperirentur,
1319 3007 1383 3079 sed
1401 3006 1632 3105 sequentibus
1651 3019 1790 3078 tanturn
1808 3022 1946 3106 septem
1967 3007 2037 3080 die-

440 3125 528 3218 bus,
550 3129 613 3226 qui
630 3126 679 3199 ob
697 3126 768 3199 hoc
787 3128 846 3201 die
865 3153 1074 3226 azymorum
1098 3126 1296 3228 specialiter
1320 3125 1542 3198 dicebantur.
1567 3124 1669 3197 Unde
1695 3139 1731 3197 et
1760 3127 1872 3202 Graeci
1895 3126 2036 3197 nonde

442 3273 568 3345 azymo
581 3274 687 3350 pane,
704 3249 768 3321 sed
779 3248 825 3322 de
837 3250 1049 3324 fermentato
1062 3251 1259 3322 Dominum
1273 3248 1398 3322 dicunt
1412 3271 1550 3320 novum
1563 3246 1697 3320 Pascha
1708 3247 1918 3337 confecisse,
1936 3247 2037 3345 quasi

442 3369 530 3441 nihil
549 3370 595 3442 de
613 3371 724 3444 veteri
744 3371 878 3444 Pascha
896 3373 933 3443 in
954 3397 1050 3444 novo
1067 3371 1175 3444 vellet
1189 3372 1353 3444 retinere.
1373 3372 1444 3460 Qui
1461 3373 1590 3460 etiam,
1612 3368 1817 3468 ubicunque
1837 3394 1905 3441 uos
1929 3368 2039 3440 habe-

442 3515 522 3561 mus
540 3491 576 3560 iu
598 3514 694 3561 novo
720 3490 853 3562 Pascha
875 3490 1011 3563 dietum
1029 3517 1050 3564 a
1070 3491 1247 3582 Domino,
1272 3489 1372 3588 quod
1393 3521 1410 3560 v
1428 3491 1564 3588 accepit
1588 3513 1721 3588 panem
1743 3505 1779 3561 et
1797 3487 1998 3577 benedixit,
2018 3517 2036 3554 u

442 3635 508 3708 pro
527 3633 620 3707 pane
635 3612 671 3680 iu
691 3635 805 3708 graeco
823 3612 975 3684 habetur
996 3621 1098 3711 ἀμόν,
1122 3610 1222 3710 quod
1235 3609 1497 3706 fermentatum
1515 3607 1700 3706 significat.

491 3727 601 3816 Quod
616 3753 702 3801 vero
717 3730 898 3830 discipulis
911 3731 1099 3804 edentibus
1112 3731 1289 3803 Dominus
1305 3731 1372 3819 ait,
1393 3728 1494 3827 quod
1512 3753 1607 3808 unus
1623 3753 1749 3802 eorum
1768 3741 1858 3799 esset
1875 3750 1959 3798 eum
1973 3741 2043 3797 tra-

442 3851 602 3940 diturus,
627 3865 663 3921 et
685 3877 769 3924 eum
792 3829 937 3924 deiude¹
949 3852 1192 3949 presignavit,
1220 3850 1366 3922 diceus:
1386 3850 1491 3937 «Qui
1507 3849 1649 3947 intingit
1665 3873 1808 3921 mecum
1828 3871 1977 3918 manum
2001 3849 2041 3918 iu

441 3971 648 4071 parapside,
668 4000 685 4038 >³
706 3972 834 4044 sivein
852 3973 992 4061 catino,
1014 4002 1032 4040 v
1047 3972 1107 4045 hic
1125 3997 1184 4044 me
1197 3971 1330 4061 tradet,
1349 3999 1366 4038 u
1385 3969 1431 4042 ad
1455 3995 1557 4042 esum
1576 3971 1705 4042 veteris
1724 3969 1865 4042 Paschae
1883 3968 2043 4040 releren-

441 4092 530 4164 dum
550 4108 619 4182 est;
642 4108 681 4165 ut
700 4117 813 4191 quum
833 4090 921 4165 illud
935 4091 1083 4166 ederent
1100 4092 1170 4164 hoc
1189 4093 1239 4164 eis
1253 4091 1398 4165 diceret.
1421 4092 1569 4189 Signum
1593 4107 1712 4163 autem
1733 4089 1949 4190 parapsidis,
1966 4115 2043 4187 quo

440 4211 605 4310 proditor
623 4212 840 4310 designatur,
862 4215 911 4286 sic
931 4213 1181 4312 accipiendum
1199 4212 1352 4304 videtur,
1368 4212 1469 4311 quod
1482 4235 1595 4309 quum
1618 4211 1782 4310 proditor
1795 4193 1951 4284 audisset
1963 4216 2044 4284 Do-

443 4336 581 4408 minum
600 4335 748 4424 dixisse,
772 4337 857 4433 quia
876 4360 968 4408 unus
989 4336 1247 4436 discipulorum
1265 4351 1354 4408 esset
1375 4359 1458 4408 eum
1478 4333 1691 4424 traditurus,
1708 4357 1754 4404 ue
1767 4332 1838 4405 hoc
1852 4332 1951 4404 dese
1969 4331 2057 4403 dici-

430 4471 639 4552 putaretur,
662 4483 769 4554 quem
783 4457 858 4554 jaru
880 4457 1099 4530 conscientia
1123 4481 1187 4530 sua
1208 4483 1315 4556 super
1338 4455 1410 4530 hoc
1433 4455 1643 4546 accusabat,
1663 4455 1861 4528 temeritate
1882 4441 2047 4552 quadam

442 4576 599 4669 providit
623 4577 965 4667 demonstrandum,
987 4602 1215 4675 nequaquam
1232 4576 1278 4648 de
1296 4601 1334 4648 se
1353 4575 1608 4674 suspicandum
1626 4598 1728 4664 esse,
1749 4574 1812 4671 qui
1829 4575 1879 4644 sic
1899 4571 1946 4644 de
1965 4577 2048 4643 Do-

443 4696 779 4788 minoeouhderet,
802 4713 840 4769 ut
864 4699 901 4770 in
927 4697 1056 4770 eodem
1080 4721 1163 4768 vase
1181 4696 1302 4768 eibum
1324 4719 1557 4768 communem
1579 4693 1712 4766 habere
1733 4717 1806 4765 non
1828 4691 2046 4789 trepidaret.

445 4816 547 4888 Unde
561 4831 646 4888 tunc
659 4817 696 4887 in
711 4817 787 4913 ejus
802 4816 1027 4916 parapsidem
1043 4841 1190 4899 manum
1203 4815 1300 4887 illam
1314 4814 1503 4888 sceleratus
1513 4811 1645 4904 intulit,
1659 4837 1732 4911 qua
1742 4836 1826 4884 eum
1837 4811 1915 4908 ipsa
1932 4824 2053 4881 noete

444 4935 636 5006 traditurus
666 4936 712 5007 ad
741 4951 896 5007 mortem
924 4936 1049 5008 fuerat.
1085 4937 1181 5008 Sicut
1208 4959 1353 5033 quoque
1383 4932 1530 5030 intelligi
1559 4947 1678 5032 potest
1699 4933 1839 5029 signum
1860 4926 1949 5000 illud
1973 4951 2056 5027 pa-

445 5054 613 5151 rapsidis,
632 5054 732 5150 quod
747 5056 943 5143 Dominus,
964 5057 1026 5153 qui
1045 5057 1175 5128 mensis
1201 5053 1425 5127 ministrabat
1445 5052 1723 5151 discipulorum,
1743 5053 1781 5122 iu
1803 5047 2056 5122 cousuetudi-

445 5197 529 5246 nem
545 5174 694 5250 haberet
710 5193 902 5280 postquam
916 5203 1046 5252 mensae
1061 5178 1269 5250 deservisset
1282 5202 1365 5249 cum
1380 5175 1470 5248 Juda
1486 5173 1599 5266 refici,
1624 5175 1686 5272 qui
1706 5172 1807 5270 quasi
1825 5183 2057 5270 procurator
