4510 6108
886 593 1131 666 SERMONES.

734 1002 792 1088 IN
830 1001 924 1088 DIE
958 931 1336 1090 ASClillSlOlllS.

933 1279 1044 1325 SERMO
1069 1280 1128 1324 XV.

290 1444 514 1514 Ascensionis
539 1442 727 1514 dominicae
752 1444 887 1516 'festiva
917 1444 1140 1540 jucunditas,
1185 1443 1350 1542 quaedam
1377 1460 1431 1516 est
1459 1442 1505 1516 ab
1525 1445 1659 1542 angelis
1685 1445 1826 1518 Christo

241 1561 476 1661 triumphanti
492 1587 628 1661 pompa
641 1563 835 1636 victorialis
852 1563 1020 1636 exhibita.
1042 1571 1119 1663 lpse
1137 1565 1271 1663 quippe
1286 1590 1348 1636 rer
1364 1563 1554 1636 hominum
1572 1567 1705 1664 pariter
1721 1582 1827 1664 atque
1917 1625 1919 1628 .

242 1682 463 1778 angelorum,
476 1683 623 1754 alteram
637 1683 683 1754 ab
697 1681 923 1781 hominihus,
942 1684 1090 1758 alteram
1107 1685 1152 1756 ab
1170 1683 1303 1781 angelis
1319 1683 1527 1780 hujusmodi
1542 1687 1824 1776 venerationem,
1913 1757 1917 1764 ,

240 1804 331 1875 sicut
342 1805 479 1899 justum
496 1805 626 1894 fuerat,
645 1805 811 1902 suscepit.
831 1809 871 1875 ln
889 1807 1008 1877 Ramis
1025 1807 1158 1903 quippe
1173 1806 1376 1877 Palmarum
1392 1804 1651 1901 lerosolymam
1662 1805 1824 1895 veniens,

242 1923 414 2021 imperiali
431 1949 544 2013 more,
563 1949 586 1996 a
601 1923 714 1994 turbis
730 1949 814 1995 cum
829 1924 995 1996 laudibus
1012 1941 1065 1996 est
1080 1940 1278 2024 susceptus,
1292 1940 1465 2022 tanquam
1479 1949 1540 1996 rer
1552 1923 1659 1996 lsrael
1669 1940 1706 1996 et
1716 1925 1828 1996 haeres

241 2041 411 2114 davidicae
419 2045 538 2142 stirpis
547 2044 592 2115 ab
602 2044 652 2114 eis
661 2043 831 2116 salutatus
841 2068 882 2115 ac
889 2043 1229 2140 benedictus.Cujus
1238 2043 1378 2134 humili,
1396 2045 1454 2114 cui
1465 2043 1658 2132 insidebat,
1662 2043 1827 2139 jumento

241 2161 433 2234 devotione
449 2163 575 2262 populi
590 2189 665 2234 uon
682 2163 800 2236 solum
816 2188 935 2236 ramos
951 2163 1143 2253 arborum,
1158 2163 1341 2235 sedetiam
1357 2165 1504 2262 propria
1519 2164 1729 2235 vestimenta
1747 2164 1829 2236 sub-

240 2298 441 2372 sternente,
465 2284 600 2382 aliquid
619 2309 728 2383 supra
746 2285 1045 2356 consuetudinem
1065 2299 1291 2356 terrenorum
1312 2308 1436 2379 regum
1457 2284 1532 2355 haec
1553 2285 1628 2380 ejus
1643 2285 1826 2356 veneratio

242 2403 378 2476 habuit.
398 2404 486 2476 lnde
502 2404 548 2476 ad
564 2404 740 2502 templum
757 2420 929 2502 tanquam
950 2405 997 2478 ad
1017 2405 1206 2504 proprium
1227 2403 1400 2502 palatium
1421 2403 1563 2503 populis
1579 2403 1702 2476 laudes
1718 2404 1830 2477 accla-

242 2524 422 2596 mantibus
434 2523 622 2614 deductus,
638 2524 862 2621 sacrilegium
877 2526 1143 2621 negotiatorum
1160 2524 1245 2596 inde
1261 2539 1428 2622 potenter
1443 2524 1640 2622 expellens,
1655 2539 1829 2622 tanquam

242 2644 337 2738 regia
349 2668 433 2714 usus
444 2657 619 2742 potestate
630 2644 748 2742 ipsum
760 2644 926 2742 expiavit,
943 2659 979 2714 et
991 2643 1113 2715 divina
1129 2644 1260 2714 virtute
1276 2667 1387 2714 caecos
1404 2642 1475 2714 illic
1487 2643 1705 2732 illuminans,
1724 2645 1830 2716 mira·

241 2761 404 2834 culorum
420 2762 602 2834 beneficiis
619 2763 770 2835 domum
786 2788 889 2836 suam
898 2765 1132 2836 consecravit.
1148 2763 1248 2834 Sicut
1261 2779 1381 2836 autem
1393 2763 1443 2835 ibi
1454 2779 1541 2835 tunc
1558 2764 1604 2837 ab
1621 2765 1829 2838 hominibus

241 2905 342 2953 more
358 2881 583 2980 triumphalis
594 2908 753 2982 pompae,
768 2898 809 2954 ut
822 2882 992 2972 diximus,
1010 2898 1063 2954 est
1076 2881 1295 2984 bonoratus3
1310 2883 1360 2952 ita
1372 2881 1548 2955 hodierna
1562 2880 1620 2953 die
1632 2883 1829 2955 ascendens

241 3001 280 3071 in
296 3000 445 3091 coelum,
465 3002 512 3074 ab
527 3003 660 3100 angelis
676 3003 710 3075 ei
725 3003 997 3076 occurrentibus
1012 3019 1065 3075 est
1081 3018 1278 3102 susceptus.
1298 3007 1462 3090 Quorum
1479 3003 1553 3075 duo
1569 3004 1770 3076 assistentes
1790 3003 1828 3076 in

241 3120 331 3192 albis
351 3121 571 3194 solemnibus
591 3124 652 3224 pia
676 3123 893 3195 allocutione
918 3122 1112 3221 discipulos
1137 3122 1388 3214 consolantur,
1408 3123 1580 3194 dicentes¹
1601 3152 1609 3194 ε
1630 3152 1649 3191 a
1666 3124 1740 3196 Viri
1756 3128 1827 3198 Ga·

154 3233 156 3236 ’
241 3239 337 3329 lilaei,
353 3255 421 3312 etc.
437 3270 455 3308 n
471 3243 583 3339 Hujus
595 3257 715 3314 autem
724 3266 890 3314 ascensus
907 3239 1108 3312 mirabilem
1124 3240 1274 3338 gloriam
1290 3241 1357 3312 illis
1374 3257 1499 3314 mutua
1514 3240 1621 3313 laude
1636 3244 1829 3315 concinen-

241 3359 354 3449 tibus,
373 3387 485 3458 quum
502 3362 578 3432 aliis
600 3359 861 3435 admirantibus
877 3361 1003 3459 saepius
1019 3363 1237 3458 quaererent¹
1256 3387 1264 3430 ε
1287 3361 1405 3447 «Quis
1423 3374 1475 3432 est
1491 3361 1556 3432 iste
1572 3385 1633 3431 rex
1650 3360 1794 3457 gloriae?
1808 3361 1836 3430 n‘

241 3478 300 3550 alii
324 3480 582 3579 respondentes
607 3481 804 3554 dicebant:
835 3481 1045 3552 «Dominus
1070 3479 1171 3552 fortis
1196 3495 1234 3551 et
1256 3494 1404 3577 potens,
1431 3481 1606 3552 Dominus
1633 3496 1762 3579 potens
1790 3484 1828 3554 in

242 3599 376 3696 praelio.
392 3628 411 3668 n
430 3605 475 3671 Et
489 3604 646 3672 rursum³
662 3629 669 3671 :
691 3600 900 3672 «Dominus
916 3601 1090 3671 virtutum
1105 3599 1181 3697 ipse
1197 3613 1251 3670 est
1271 3624 1332 3672 rex
1353 3597 1484 3695 gloriae.
1500 3629 1518 3668 n
1544 3604 1683 3671 Horum
1698 3600 1830 3702 duplex

242 3721 446 3818 responsio,
469 3745 625 3819 quorum
646 3735 682 3793 et
707 3720 838 3819 duplex
858 3735 1085 3818 praecesserat
1096 3721 1228 3816 jussio,
1247 3719 1302 3792 bis
1319 3721 1366 3792 ita
1384 3721 1623 3792 dicentium‘:
1645 3721 1831 3794 «Attollite

241 3853 382 3935 portas,
398 3840 595 3938 principes,
614 3855 765 3931 vestras,
784 3853 820 3910 et
835 3837 1041 3928 elevamini,
1060 3853 1172 3936 portae
1193 3838 1423 3910 aeternales.»
1442 3841 1556 3936 Super
1581 3863 1655 3935 quo
1678 3841 1737 3913 alii
1759 3841 1830 3915 hoc

241 3959 444 4048 audientes,
464 3961 565 4056 quasi
585 3959 742 4058 quadam
763 3957 1000 4030 admiratione
1021 3957 1212 4046 commoti,
1237 3958 1424 4053 geminatae
1440 3958 1593 4053 jussioni
1613 3962 1830 4057 geminatam
1880 4005 1881 4010 =

237 4079 459 4151 subnectunt
473 4080 808 4176 interrogationem,
832 4101 945 4174 quum
964 4075 1130 4147 videlicet
1146 4076 1246 4147 aiunt
1266 4104 1274 4146 :
1297 4077 1411 4164 «Quis
1427 4091 1481 4147 est
1495 4077 1561 4150 iste
1576 4103 1638 4150 rex
1654 4079 1793 4176 gloriae?
1808 4109 1826 4148 n

236 4199 406 4294 Legimus
433 4199 630 4270 Dominum
652 4199 771 4296 ejectis
802 4223 824 4270 a
847 4198 1005 4269 terrestri
1029 4194 1197 4294 paradiso
1213 4197 1337 4295 primis
1363 4197 1589 4289 hominibus,
1621 4197 1828 4296 diligentem

235 4331 350 4414 atque
365 4316 533 4388 solertem
550 4317 760 4414 angelorum
775 4315 993 4405 custodiam,
1011 4339 1091 4412 quae
1106 4316 1254 4386 minime
1270 4315 1342 4388 falli
1357 4318 1487 4415 possit,
1508 4317 1558 4390 ibi
1574 4318 1824 4391 constituisse⁸.

238 4438 349 4518 Unde
366 4452 401 4508 et
417 4436 510 4508 bene
526 4437 733 4528 cherubim,
753 4437 859 4508 idest
874 4435 1062 4534 plenitudo
1079 4436 1233 4508 scientiae
1250 4437 1459 4537 apropheta
1473 4451 1662 4511 vocantur.
1682 4440 1726 4510 Hi
1742 4463 1827 4535 ergo

230 4559 362 4654 gladio
379 4559 539 4655 quodam
555 4560 725 4630 flammeo
745 4574 852 4656 atque
874 4556 1029 4629 versatili
1050 4556 1181 4654 ejectos
1201 4557 1281 4629 illos
1302 4558 1348 4631 ab
1369 4557 1469 4631 aditu
1491 4558 1648 4656 paradisi
1668 4573 1829 4642 arcentes

226 4694 350 4778 atque
366 4678 589 4769 inhibentes,
612 4679 683 4751 hoc
703 4681 783 4778 ipso
799 4678 917 4775 gladio
940 4678 1042 4776 quasi
1062 4676 1280 4775 quibusdam
1295 4680 1410 4777 portis
1426 4681 1614 4751 introitum
1630 4680 1830 4752 clauserant

225 4817 352 4898 atque
379 4800 629 4874 obstruxerant
653 4798 823 4900 paradisi.
849 4799 904 4870 ld
925 4798 1020 4896 'quos
1036 4798 1184 4895 quidem
1203 4800 1404 4900 principes,
1427 4800 1465 4871 id
1483 4815 1536 4872 est
1551 4800 1696 4898 angelos
1712 4800 1762 4872 ibi
1782 4801 1829 4872 ad

219 4919 445 4994 custodiam
460 4919 557 4993 illam
572 4920 800 5018 praesidentes
820 4919 857 4990 in
879 4917 992 5015 figura
1011 4917 1162 4990 coelestis
1179 4917 1352 5017 paradisi,
1376 4919 1486 4991 hodie
1502 4918 1607 4991 nobis
1627 4921 1664 4991 in
1682 4943 1830 4992 ascensu

267 5193 277 5218 ¹
305 5193 358 5242 Act.
372 5195 467 5256 Apoat„
482 5207 538 5260 cap.
552 5209 574 5254 r,
585 5208 607 5242 r.
624 5197 662 5244 tt.
673 5189 725 5230 -'
738 5190 826 5242 Pnlrn.
838 5206 913 5255 unt,
926 5205 948 5241 r.
961 5191 985 5239 8.
998 5215 1028 5228 -
1040 5187 1139 5251 ‘lbidq
1154 5205 1177 5240 r.
1194 5193 1232 5246 to,
1243 5189 1296 5231 -⁴
1307 5190 1383 5254 lbid.,
1396 5208 1419 5242 r.
1433 5193 1457 5242 9.
1467 5217 1494 5229 -
1507 5191 1517 5217 “
1528 5193 1624 5252 Gener„
1636 5207 1682 5258 cap
1703 5206 1742 5249 nr,
1755 5207 1777 5242 r.
1792 5191 1839 5242 2⁴.

366 5297 375 5338 r
1670 5280 1711 5341 60
