4590 6106
858 595 1113 700 'urrsronn
1737 625 1783 696 aa

210 771 277 841 hoc
294 783 349 840 est
370 768 479 866 patri,
510 741 802 859 commissorum,
829 786 901 842 tarn
926 769 1082 842 violenta
1106 791 1213 864 quam
1239 767 1363 839 dolosa
1390 769 1605 850 incessanter
1629 766 1786 836 sustineo

210 889 505 961 machinamenta.
533 887 727 983 Oquoties
755 914 897 962 veneno
922 913 980 960 me
1004 887 1156 986 perdere
1173 883 1435 958 tentaverunt¹l
1461 885 1552 955 sicut
1570 897 1605 954 et
1626 885 1662 954 in
1680 883 1787 956 beato

211 1011 339 1081 lactum
357 1021 411 1079 est
424 1004 645 1078 Benedicto¹.
656 1010 712 1076 'Ac
729 1010 758 1078 si
769 1008 844 1080 lraec
855 1011 932 1108 ipsa
950 1029 1073 1097 causa,
1089 1029 1160 1103 qua
1178 1005 1236 1076 ille
1247 1029 1435 1103 perversos
1446 1002 1600 1075 deservit
1617 1001 1727 1093 filios,
1742 1004 1787 1076 ad

212 1129 280 1200 boc
292 1130 409 1227 ipsum
422 1150 480 1198 me
494 1140 657 1224 patenter
675 1129 762 1198 tanti
774 1129 884 1226 patris
904 1127 1153 1200 adhortaretur
1166 1124 1348 1221 exemplo,
1368 1147 1415 1195 ne
1434 1147 1493 1194 me
1509 1136 1607 1198 certo
1625 1122 1789 1194 videlicet

212 1270 398 1347 opponens
412 1245 593 1344 periculo,
615 1249 823 1319 temerarius
835 1249 899 1322 Dei
912 1263 1066 1321 tentator
1079 1246 1198 1344 potius
1212 1267 1321 1342 quam
1334 1258 1484 1334 amator,
1500 1245 1574 1315 imo
1592 1245 1664 1316 mei
1680 1245 1789 1343 ipsius

210 1379 416 1464 peremptor
432 1363 622 1436 invenirer.
645 1369 673 1435 A
691 1365 820 1439 talibus
840 1382 959 1439 autem
978 1390 1104 1437 eorum
1123 1362 1339 1462 quotidianis
1355 1360 1492 1433 insidiis
1509 1385 1620 1458 quum
1647 1362 1733 1433 mihi
1751 1363 1789 1433 in

210 1486 514 1558 administratione
528 1483 598 1557 cibi
613 1485 668 1556 vel
680 1501 787 1584 potus
801 1503 974 1585 quantum
994 1511 1138 1586 possem
1152 1485 1397 1585 providerem,
1412 1485 1448 1555 in
1463 1485 1541 1582 ipso
1555 1483 1672 1554 altaris
1689 1485 1793 1557 sacri·

212 1605 291 1677 licio
304 1604 477 1676 toxicare⁸
494 1629 553 1677 me
569 1605 683 1678 moliti
697 1623 796 1697 sunt,
814 1633 954 1681 veneno
968 1607 1100 1679 scilicet
1113 1606 1213 1678 calici
1232 1605 1404 1676 immisso.
1422 1605 1493 1691 Qui
1511 1605 1618 1675 etiam
1636 1605 1789 1702 quadam

211 1724 266 1796 die
284 1748 398 1824 quum
420 1726 571 1796 Nanneti
589 1725 635 1796 ad
653 1728 820 1798 comitem
841 1729 877 1799 in
896 1727 1103 1824 aegritudine
1117 1751 1181 1797 sua
1198 1724 1414 1797 visitandum
1432 1724 1624 1814 venissem,
1639 1723 1792 1822 hospita·

212 1857 286 1914 urm
305 1867 365 1914 me
382 1841 432 1914 ibi
451 1844 486 1914 in
510 1843 622 1914 domo
640 1845 826 1942 cujusdam
846 1845 961 1918 fratris
985 1847 1055 1918 mei
1076 1845 1243 1936 carnalis,
1261 1871 1327 1944 per
1346 1847 1464 1945 ipsum
1482 1847 1545 1944 qui
1565 1847 1602 1916 in
1621 1847 1790 1916 comitatu

212 1977 336 2034 nostro
349 1977 424 2034 erat
440 1963 626 2054 famulum,
643 1989 784 2038 veneno
798 1967 997 2038 interficere
1011 1965 1203 2036 machinati
1222 1980 1321 2055 sunt,
1342 1964 1405 2035 ubi
1423 1964 1587 2036 videlicet
1601 1987 1658 2066 mc
1676 1965 1793 2034 minus

213 2105 233 2151 a
246 2081 306 2152 tali
321 2082 583 2154 machinatione
596 2085 787 2182 providere
801 2085 1042 2157 crediderunt.
1059 2086 1187 2156 Divina
1197 2099 1317 2156 autem
1332 2084 1565 2182 dispositione
1577 2098 1663 2156 tunc
1674 2098 1792 2155 actum

214 2203 293 2290 est⁸,
310 2217 349 2272 ut
366 2201 455 2272 dum
472 2201 592 2273 cibum
610 2203 697 2274 mihi
718 2220 927 2304 apparatum
948 2229 1022 2275 non
1045 2227 1224 2294 curarem,
1246 2203 1354 2276 irater
1374 2201 1522 2301 quidam
1544 2225 1587 2274 ex
1607 2203 1793 2274 monachis

212 2343 318 2415 quem
347 2343 490 2391 mecum
518 2320 754 2413 adduxeram,
783 2322 853 2393 hoc
880 2323 961 2395 cibo
984 2347 1049 2423 per
1077 2323 1314 2418 ignorantiam
1334 2345 1436 2411 usus,
1466 2320 1601 2392 ibidem
1629 2337 1793 2392 mortuus

212 2437 455 2529 occumberet,
474 2454 509 2511 et
521 2441 674 2512 famulus
689 2442 748 2512 ille
766 2444 827 2538 qui
846 2443 917 2514 hoc
930 2459 1203 2541 presumpserat
1210 2447 1232 2533 ¹,
1249 2457 1322 2514 tam
1341 2443 1566 2514 conscientiae
1579 2465 1667 2532 suae,
1683 2465 1791 2538 quam

212 2559 413 2630 testimonio
436 2558 546 2657 ipsius
569 2561 620 2630 rei
636 2562 861 2657 perterritus,
889 2563 1082 2657 aufugeret.
1108 2566 1161 2632 Ex
1180 2576 1266 2633 tunc
1284 2563 1403 2657 itaque
1421 2561 1605 2633 manifesta
1625 2561 1792 2633 omnibus

212 2701 336 2749 eorum
349 2679 524 2776 nequitia,
539 2693 702 2778 patenter
712 2679 786 2774 jam
800 2671 892 2777 coepi
906 2695 1046 2769 eorum,
1063 2693 1172 2777 prout
1184 2695 1359 2777 poteram,
1377 2677 1523 2752 insidias
1536 2681 1714 2753 declinare
1720 2685 1741 2771 ⁸,
1758 2697 1793 2753 et

209 2797 300 2890 jarn'
312 2821 332 2868 a
345 2811 523 2869 conventu
544 2796 692 2868 abbatiae
709 2821 768 2870 me
785 2797 1009 2888 subtrahere,
1032 2813 1067 2870 et
1088 2801 1125 2870 in
1144 2797 1280 2870 cellulis
1298 2822 1381 2870 cum
1394 2801 1516 2897 paucis
1532 2799 1703 2872 habitare.
1722 2801 1793 2887 Qui
1820 2827 1822 2830 ·

213 2917 240 2986 si
255 2939 311 2986 me
325 2916 556 2988 transiturum
572 2917 692 3014 aliquo
706 2917 986 3015 praesensissent,
1003 2932 1192 3014 corruptos
1209 2942 1275 3014 per
1292 2919 1481 3014 pecuniam
1499 2918 1655 2989 latrones
1673 2921 1709 2989 in
1727 2919 1793 2989 viis

212 3048 275 3104 aut
295 3033 443 3123 semitis,
465 3049 506 3104 ut
524 3059 580 3105 me
606 3033 864 3124 interficerent,
888 3035 1151 3134 opponebant⁸.
1174 3039 1269 3104 Dum
1289 3049 1408 3105 autem
1435 3035 1473 3104 in
1498 3036 1572 3106 istis
1592 3035 1790 3108 laborarem

212 3151 396 3250 periculis,
425 3151 516 3224 forte
539 3177 597 3224 me
616 3154 675 3226 die
690 3153 865 3250 quadam,
887 3153 932 3224 de
952 3169 1074 3225 nostra
1094 3153 1234 3251 lapsum
1257 3155 1475 3250 equitatura,
1499 3178 1626 3226 manus
1646 3153 1791 3226 Domini

211 3269 443 3342 vehementer
466 3270 610 3361 collisit,
646 3271 730 3344 colli
761 3271 927 3344 videlicet
953 3272 1023 3343 mei
1053 3271 1213 3344 canalem
1242 3271 1482 3367 confringens.
1517 3275 1561 3343 llt
1592 3272 1706 3344 multo
1735 3297 1793 3346 me

213 3390 365 3489 amplius
376 3391 452 3463 haec
465 3391 618 3464 fractura
632 3391 755 3464 alllixit
769 3407 802 3464 et
816 3391 1029 3476 debilitavit,
1051 3415 1159 3488 quam
1174 3392 1273 3489 prior
1285 3391 1399 3490 plaga.
1420 3389 1647 3489 Quandoque
1663 3393 1793 3464 borum

213 3511 425 3588 indomitam
447 3509 694 3584 rebellionem⁹
716 3535 781 3610 per
803 3511 1212 3584 excommunicationem
1236 3531 1421 3600 coercens,
1448 3510 1625 3607 quosdam
1648 3535 1790 3600 eorum,

214 3653 305 3726 quos
321 3629 434 3726 magis
457 3630 715 3719 formidabam,
731 3631 881 3702 adhoc
899 3630 1077 3727 compuli,
1096 3645 1136 3700 ut
1152 3629 1224 3700 lide
1249 3653 1313 3700 sua
1332 3651 1394 3700 sau
1411 3646 1633 3702 sacramento
1651 3630 1794 3728 publice

213 3749 301 3821 mibi
313 3751 580 3847 promitterent,
592 3772 640 3822 se
661 3749 871 3822 ulterius-ab
885 3750 1025 3822 abbatia
1041 3750 1183 3847 penitus
1196 3773 1416 3839 recessuros,
1434 3773 1501 3823 nec
1514 3774 1573 3823 me
1590 3751 1741 3852 amplius
1758 3755 1793 3825 in

213 3869 333 3966 aliquo
355 3871 651 3967 inquietaturos¹⁰.
676 3871 747 3959 Qui
770 3871 912 3968 publice
939 3885 974 3942 et
995 3869 1301 3966 impudentissime
1323 3884 1395 3942 tam
1417 3869 1524 3942 fidem
1549 3871 1669 3943 datam
1688 3897 1795 3971 quam

214 4003 434 4060 sacramenta
458 3989 550 4060 sacta
573 3989 766 4081 violantes,
791 3988 937 4060 tandem
964 4013 1028 4085 per
1057 3987 1303 4060 auctoritatem
1327 3991 1466 4060 romani
1494 3990 1672 4088 pontilicis
1689 3996 1797 4062 lnno-

213 4109 339 4198 centii,
360 4108 641 4208 legatoproprio
658 4110 703 4182 ad
725 4111 799 4182 boc
814 4110 1028 4198 destinato¹¹,
1050 4110 1086 4180 in
1105 4110 1292 4207 praesentia
1305 4111 1444 4181 comitis
1466 4126 1500 4182 et
1522 4113 1792 4210 cpiscoporum,

215 4226 288 4299 hoc
310 4228 428 4326 ipsum
447 4229 567 4324 jurare
593 4229 769 4326 compulsi
787 4243 888 4316 sunt,
909 4243 945 4300 et
967 4228 1136 4326 pleraque
1160 4227 1239 4299 alia.
1266 4231 1337 4299 Nec
1365 4229 1415 4300 sic
1435 4229 1558 4302 adhuc
1570 4233 1792 4328 quieverunt.

216 4351 337 4446 Nuper
349 4363 471 4420 autem
482 4348 701 4446 quumillis,
709 4348 978 4447 quospnedixi,
996 4348 1127 4444 ejectis,
1142 4347 1190 4419 ad
1201 4363 1418 4420 conventum
1433 4349 1582 4422 abbatiae
1594 4353 1794 4442 rediissem3

214 4481 250 4537 et
263 4467 409 4564 reliquis
423 4468 604 4558 fratribus,
620 4493 711 4565 quos
723 4469 841 4540 minus
855 4467 1071 4566 suspicabar,
1089 4492 1146 4539 me
1159 4468 1437 4558 committerem,
1453 4470 1566 4541 multo
1579 4469 1647 4541 hos
1659 4473 1799 4569 pejores

215 4609 325 4681 quam
348 4585 429 4656 illos
449 4587 577 4684 reperi.
594 4590 694 4673 Quos
709 4586 783 4681 jam
802 4586 948 4683 quidem
966 4611 1040 4658 non
1059 4585 1105 4658 de
1123 4611 1279 4676 veneno,
1301 4587 1365 4658 sed
1382 4587 1429 4658 de
1447 4587 1564 4684 gladio
1583 4589 1618 4662 in
1634 4590 1797 4687 jugulum

216 4729 339 4777 meum
365 4720 576 4797 tractantes,
598 4706 783 4803 cujusdam
806 4707 963 4805 proceris
987 4705 1315 4778 terracconductu1¹
1330 4707 1388 4778 vix
1407 4709 1512 4778 evasi.
1535 4712 1574 4778 ln
1600 4735 1673 4808 quo
1692 4711 1797 4786 etiam

253 4957 431 5008 ‘Smaorte
439 4964 519 5009 eonati
526 4971 580 5009 umt
589 4959 737 5010 tots-¹8.
747 4957 887 5024 Gregorius,
897 4961 993 5024 Diutoy.
1028 4961 1038 4988 ⁰
1055 4963 1148 5017 Vitare,
1163 4965 1204 5010 ret
1215 4965 1240 5010 r'rr
1254 4965 1376 5013 caniculos
1388 4965 1512 5013 aduersum
1527 4981 1599 5031 apere
1613 4965 1683 5018 Rus.
1695 4992 1728 5005 -
1739 4967 1748 4994 ¹
1758 4969 1798 5020 Sic

220 5041 263 5093 lib.
275 5043 309 5101 ll,
320 5057 375 5109 cap.
386 5059 423 5104 nr,
433 5044 494 5106 opp.
506 5044 613 5105 Parisiis,
626 5047 696 5095 tlot'r.
709 5045 798 5095 in-lol..
810 5045 867 5104 t.ll,
879 5045 927 5095 col.
937 5049 994 5096 lto.
1027 5045 1056 5095 ll.
1064 5045 1172 5095 -Etr'am
1182 5043 1238 5094 Edit
1253 5043 1299 5081 -·⁸
1313 5046 1469 5096 collocabant
1480 5046 1550 5118 tttts.
1560 5075 1587 5084 —-
1600 5048 1798 5103 ⁹·Perrr'cocr'orer

221 5151 252 5163 ·-
264 5125 274 5154 ⁸
287 5127 329 5178 Sic
347 5127 553 5178 l).-lutom'core
573 5128 636 5180 ttdtr.
654 5155 679 5164 -
691 5129 702 5155 ⁴
716 5131 766 5180 Deo
781 5140 859 5179 autem
880 5133 950 5180 aliter
962 5133 996 5180 ri·
1027 5133 1120 5178 animoa
1138 5127 1208 5179 tttts.
1220 5153 1249 5163 -
1262 5127 1284 5155 '⁰
1300 5130 1487 5182 Perturbururor
1506 5132 1651 5184 nats-¹¹
1670 5137 1799 5188 Constituto

223 5225 271 5260 saar
283 5209 354 5262 utta.
366 5237 399 5248 -
410 5211 422 5240 ⁸
432 5211 488 5262 lam
501 5214 627 5274 injunctam
645 5227 720 5264 auaro
730 5217 872 5278 estfactum
884 5213 955 5264 tots,
966 5239 998 5250 -
1029 5211 1100 5262 atts.
1110 5239 1138 5248 -
1152 5210 1173 5238 '¹
1184 5211 1278 5262 Tmnsl.
1292 5213 1396 5278 gallica:
1409 5233 1420 5259 ι
1432 5215 1463 5266 Et
1474 5215 1488 5265 l
1500 5218 1571 5282 paine
1584 5218 1636 5268 leur
1648 5219 1800 5287 eschapeyge
