4520 6104
449 598 521 672 228
1048 595 1175 668 PETRI
1201 593 1437 666 ABAEttttut
1479 623 1484 628 ·

449 763 558 834 quam
583 762 712 835 pavere
739 735 784 808 ad
811 735 958 832 singula.
984 733 1098 807 Trade
1117 731 1308 806 Eustochio
1326 733 1511 832 parvulam
1527 762 1534 804 :
1552 733 1648 806 illam
1669 735 1793 832 primis
1815 738 1962 811 miretur
1986 742 2026 812 ab

449 859 570 947 annis;
587 857 687 953 cujus
705 871 740 928 et
758 879 896 946 sermo,
914 870 949 926 et
962 856 1140 946 incessus,
1156 868 1193 926 et
1204 853 1347 926 habitus
1365 853 1527 926 doctrina
1550 856 1720 927 virtutum
1743 871 1808 926 est.
1829 859 1880 928 Sit
1898 860 1934 930 in
1958 887 2027 958 gre

449 976 522 1046 mio
539 975 640 1064 aviae,
662 998 741 1072 quae
754 973 863 1072 longo
882 979 949 1046 u'su
967 973 1089 1047 didicit
1103 975 1260 1066 nutrire,
1277 998 1417 1045 servare
1426 1027 1437 1062 ,
1454 972 1585 1046 docere
1602 975 1764 1072 virgines,
1784 979 1884 1048 Anna
1898 977 2026 1072 lilium,

448 1120 555 1191 quem
582 1099 657 1168 Deo
676 1109 843 1185 voverat,
868 1109 1059 1194 postquam
1074 1093 1204 1170 obtulit
1216 1095 1258 1167 ,in
1278 1092 1526 1186 tabernaculo,
1553 1118 1739 1191 nunquam
1762 1099 1905 1195 recepit.
1928 1103 2025 1196 lpse,

447 1214 476 1284 si
494 1212 640 1284 Paulam
665 1213 822 1304 miseria,
843 1227 878 1285 et
896 1214 1102 1310 magistrum
1120 1236 1195 1302 me,
1222 1225 1257 1283 et
1277 1212 1463 1283 nutritium
1482 1211 1657 1311 spondeo.
1674 1212 1830 1285 Gestabo
1848 1215 2026 1308 humeris,

446 1329 678 1404 balbutientia
711 1355 818 1403 senex
844 1329 953 1404 verba
981 1329 1164 1421 formab0,
1191 1329 1304 1402 multo
1338 1328 1526 1427 gloriosior
1555 1330 1680 1402 mundi
1705 1331 1942 1432 philosopho,
1971 1338 2028 1433 qui

446 1475 520 1521 non
541 1476 661 1547 regem
684 1450 942 1540 Macedonum,
961 1448 1156 1546 babylonio
1169 1450 1367 1548 periturum
1381 1474 1545 1541 veneno,
1561 1450 1623 1523 sed
1638 1450 1802 1523 ancillam
1816 1469 1852 1524 et
1864 1479 2028 1553 sponsam

445 1570 574 1643 Christi
588 1572 768 1662 erudiam,
786 1571 902 1668 regnis
915 1568 1116 1642 coelestibus
1132 1569 1364 1642 offerendam.
1381 1597 1399 1638 a
1419 1570 1651 1668 Perpendite,
1669 1596 1810 1644 somnes
1832 1573 1869 1643 in
1892 1574 2029 1647 Christo

445 1691 670 1782 charissimae,
684 1692 815 1789 pariter
829 1706 863 1764 ct
876 1715 1068 1782 conservae,
1083 1705 1253 1788 quantam
1268 1715 1391 1767 curam
1407 1704 1525 1762 tantus
1544 1688 1707 1764 Ecclesiae
1720 1691 1848 1763 doctor
1862 1694 1899 1764 in
1914 1693 2029 1767 erudi-

445 1815 543 1884 tione
570 1805 675 1884 unius
696 1811 851 1910 parvulae
871 1812 1083 1909 susceperit,
1106 1811 1143 1882 in
1164 1835 1235 1908 qua
1253 1825 1327 1882 tam
1350 1811 1537 1908 diligenter
1557 1825 1685 1883 cuncta
1710 1810 1930 1904 distinxerit,
1955 1842 2030 1912 que

445 1933 642 2037 necessaria
660 1931 830 2004 doctrinae
848 1931 1067 2021 decreverit,
1084 1931 1222 2031 abipso
1240 1930 1430 2030 alphabeto
1444 1955 1589 2004 sumens
1605 1930 1803 2004 exordium.
1822 1938 1893 2006 Nec
1916 1937 2030 2008 solum

449 2053 494 2124 de
515 2051 791 2152 pronuntiandis
808 2050 968 2150 syllabis,
990 2066 1024 2123 et
1041 2051 1165 2124 litteris
1190 2050 1468 2148 conjungendis,
1493 2075 1617 2125 verum
1641 2052 1747 2125 etiam
1769 2050 1816 2123 de
1837 2051 2032 2126 scribendis

448 2171 594 2243 adhibet
606 2172 883 2244 documentum:
900 2196 967 2242 nec
981 2196 1054 2243 non
1067 2169 1161 2243 etde
1175 2171 1280 2242 sociis
1291 2169 1456 2270 providet
1470 2169 1718 2268 adjungendis,
1734 2196 1890 2269 quorum
1905 2174 2028 2264 livore,

445 2291 505 2364 vel
522 2291 628 2364 laude
644 2291 838 2391 plurimum
859 2307 1055 2365 moveatur.
1073 2290 1180 2378 Quod
1195 2292 1321 2383 etiam,
1337 2289 1437 2390 [uti]
1456 2306 1653 2390 spontanea
1664 2294 1775 2391 magis
1788 2319 1897 2391 quam
1911 2310 2031 2368 coacta

449 2414 563 2504 faciat,
576 2429 611 2486 et
625 2413 751 2510 majori
766 2412 923 2485 studium
937 2437 1059 2485 amore
1072 2412 1342 2510 complectatur,
1361 2411 1558 2505 blanditiis,
1571 2429 1607 2486 et
1622 2413 1807 2500 laudibuS,
1829 2441 1896 2488 nec
1910 2443 1984 2488 non
1999 2433 2032 2488 et

449 2532 669 2606 munusculis
684 2533 822 2605 incitari
839 2531 1022 2604 admonet.
1043 2537 1122 2632 lpsa
1140 2557 1286 2631 quoque
1304 2534 1452 2605 nomina
1469 2533 1654 2632 distinguit
1672 2561 1714 2607 ex
1731 2537 1913 2635 scripturis
1927 2539 2033 2608 sacris

447 2655 664 2751 colligenda,
689 2656 726 2724 in
748 2654 878 2752 quibus
900 2652 1121 2753 proferendis
1138 2678 1176 2726 se
1195 2655 1351 2752 primum
1368 2679 1555 2747 exercens,
1575 2655 1652 2727 haec
1670 2657 1850 2728 memoriae
1869 2681 1940 2728 suae
1952 2657 2034 2755 plu-

447 2779 578 2848 rimum
600 2774 849 2868 commendet,
868 2775 967 2872 juxta
990 2775 1078 2847 illud
1099 2777 1325 2874 poeticum¹:

765 2998 832 3070 Quo
846 2997 940 3060 semel
955 3006 1001 3060 est
1015 2995 1132 3062 imbute
1146 3013 1272 3076 recens,
1287 2995 1422 3060 servabit
1434 2995 1571 3060 odorem.

767 3102 855 3162 Testa
869 3098 942 3162 diu..

447 3332 568 3418 Qualis
597 3332 703 3403 etiam
724 3331 889 3426 magister
913 3328 959 3400 ad
985 3329 1054 3400 hoc
1072 3332 1117 3400 sit
1135 3329 1339 3426 eligendus,
1366 3327 1553 3426 diligenter
1577 3328 1775 3402 describit:
1801 3353 1869 3402 nec
1887 3346 2034 3428 praeter-

448 3451 555 3522 mittit
578 3449 757 3550 praefixam
785 3473 861 3520 esse
890 3447 1022 3520 debere
1043 3473 1248 3520 mensuram
1270 3448 1454 3538 lectioniS,
1473 3474 1581 3547 quam
1607 3449 1838 3522 cordetenus
1856 3449 2036 3522 firmatam

447 3570 606 3668 quotidie
635 3566 826 3668 persolvat.
856 3571 900 3638 Et
925 3568 1008 3664 quia
1036 3593 1080 3640 eo
1109 3583 1290 3667 tempore,
1323 3594 1516 3667 graecarum
1545 3595 1690 3667 quoque
1717 3571 1915 3643 litterarum
1948 3596 2035 3643 usus

447 3694 567 3761 Romae
603 3685 828 3778 abundabat,
863 3711 929 3758 nec
959 3711 1151 3784 graecarum
1180 3686 1376 3760 litterarum
1407 3704 1588 3788 expertem
1618 3714 1697 3761 eam
1727 3714 1801 3762 esse
1828 3691 2032 3789 permittit:

448 3810 619 3892 maxime,
649 3821 689 3878 ut
713 3805 887 3897 arbitror,
915 3821 1062 3904 propter
1084 3807 1350 3880 translationem
1369 3809 1574 3881 divinorum
1600 3809 1774 3881 librorum
1802 3835 1823 3880 a
1847 3812 1968 3907 gracia
1988 3809 2036 3882 ad

447 3954 515 4000 nos
532 3929 747 4018 derivatam,
771 3925 868 3998 unde
885 3926 1086 3999 discernere
1100 3943 1220 4026 posset
1232 3930 1263 4018 ²,
1282 3928 1369 4025 quid
1385 3929 1479 4028 apud
1498 3954 1565 4001 nos
1580 3931 1714 4018 minus,
1731 3929 1788 4002 vel
1799 3930 1900 4002 aliter
1913 3947 2006 4002 esset
2025 3960 2033 4001 :

447 4064 481 4120 et
501 4049 646 4134 fortasse
665 4062 813 4148 propter
828 4046 1027 4119 liberalium
1053 4047 1297 4146 disciplinam⁸
1317 4050 1467 4139 artium,
1496 4075 1575 4146 quae
1599 4050 1675 4142 his,
1702 4052 1764 4148 qui
1782 4050 1828 4122 ad
1845 4051 2037 4148 perlectio-

446 4197 530 4243 nem
548 4171 719 4242 doctrinae
742 4171 945 4259 nituntur⁸,
968 4169 1133 4240 nonnihil
1153 4169 1306 4241 ailerunt
1328 4170 1497 4242 utilitatis.
1522 4173 1615 4259 Qui⁸
1639 4172 1746 4244 etiam
1770 4170 2037 4244 eruditionem⁸

445 4292 560 4363 latinae
585 4291 712 4388 lingua
722 4289 923 4389 praemittit,
944 4290 1044 4386 quasi
1059 4287 1104 4360 ab
1118 4289 1194 4386 ipsa
1206 4292 1217 4325 ⁷
1230 4304 1393 4360 nostrum
1405 4290 1627 4362 inchoaverit
1639 4291 1892 4388 magisterium.
1910 4297 2035 4381 Quum

446 4429 564 4486 autem
583 4436 602 4483 a
621 4436 713 4483 sono
739 4435 870 4483 vocum
894 4410 939 4482 ad
963 4434 1085 4482 earum
1110 4409 1313 4515 pervenerit
1334 4401 1500 4502 sensuin,
1529 4427 1566 4484 ut
1587 4437 1666 4508 quae
1686 4413 1846 4511 prolerre
1869 4411 2042 4484 didicerit
2085 4395 2090 4404 ¹

441 4534 515 4629 jam
545 4531 740 4630 intelligere
759 4531 843 4602 velit
869 4557 876 4600 :
907 4529 1049 4601 codices
1067 4529 1099 4599 ci
1124 4527 1306 4626 distinguit
1334 4529 1515 4622 divorsos,
1545 4546 1617 4603 tarn
1642 4532 1689 4603 de
1713 4557 1852 4604 canone
1875 4531 2037 4604 duorum

444 4659 768 4740 Testamentorum,
789 4675 897 4749 quam
914 4650 960 4722 de
979 4648 1159 4749 opusculis
1175 4648 1385 4742 doctorum,
1402 4676 1443 4723 ex
1460 4676 1615 4748 quorum
1635 4651 1836 4725 eruditione
1853 4653 2033 4752 proficiat,

448 4792 486 4848 ut
503 4791 782 4884 consummetur.
805 4779 900 4846 Inter
913 4772 1102 4844 canonicas
1114 4785 1233 4844 autem
1247 4774 1457 4873 scripturas,
1478 4776 1525 4846 ita
1537 4776 1569 4846 ei
1585 4775 1773 4872 Evangelia
1786 4776 2034 4868 commendat,

479 5045 486 5072 ¹
506 5045 590 5095 Horat.
610 5045 700 5107 apua,
718 5043 744 5104 l,
762 5059 787 5106 r,
804 5061 825 5095 v·
845 5045 886 5093 ot.
898 5042 949 5081 -²
963 5045 1029 5093 Unde
1048 5056 1071 5092 et
1087 5046 1222 5094 discernere
1254 5044 1317 5095 Cud.
1329 5044 1392 5095 Vict.
1402 5070 1419 5082 -
1430 5045 1590 5096 &raditionem
1601 5043 1666 5094 Edit.
1678 5023 1749 5094 hmb.
1758 5043 1812 5082 -'
1826 5046 1865 5094 Aa
1877 5048 1953 5108 iprum
1966 5042 2032 5092 Cod.

443 5129 506 5180 Cod.
523 5129 585 5180 Vici.
595 5155 623 5164 -
634 5127 645 5155 ¹
655 5130 797 5195 liberalium
812 5145 904 5192 otioque
917 5131 1067 5191 disciplinam
1080 5128 1140 5179 Cod.
1157 5127 1222 5178 vtcr.
1254 5127 1316 5180 Vict.
1999 5131 2006 5150 ‘

443 5215 497 5254 ·—⁴
516 5215 617 5264 litaretur
637 5212 697 5264 Cod.
719 5212 782 5264 Vici.
800 5243 822 5250 -
837 5214 847 5239 ⁸
862 5213 938 5270 Ouum
957 5213 1019 5264 Cod.
1040 5212 1103 5264 Vict.
1116 5241 1144 5250 ·-
1159 5213 1168 5238 ⁸
1181 5211 1221 5263 ste
