4588 6106
464 637 533 708 tto
895 635 1023 707 PETRl
1050 635 1288 707 ABAEtlttol
1315 635 1371 708 ΕΤ
1395 625 1620 708 flatotssAE

462 780 516 852 vel
544 781 729 880 praecipuis
763 777 886 875 vigiliis
915 792 975 848 aut
1000 777 1143 873 jejuniis
1170 792 1324 874 quatuor
1351 791 1577 876 temporum,
1607 803 1669 851 seu
1700 778 1987 876 quadragesimae.
2019 785 2047 852 Α

458 915 606 999 peccato
625 916 744 972 autem
762 914 862 971 tanto
880 897 1033 996 amplius
1050 913 1300 987 coerceantur,
1322 913 1456 996 quanto
1475 899 1626 997 amplius
1645 899 1690 971 de
1704 902 1798 972 exitu
1812 927 1878 972 suo
1891 903 2046 999 cogitan-

461 1020 547 1092 dum
577 1019 763 1092 incumbit.
785 1020 935 1091 Maxime
963 1043 1050 1090 vero
1078 1033 1166 1089 ωηο
1194 1018 1334 1090 silentio
1360 1018 1577 1090 studendum
1599 1035 1675 1110 est,
1704 1020 1840 1118 inquo
1866 1021 2046 1093 exceditur

459 1143 675 1241 plurimum,
698 1157 732 1214 et
749 1142 904 1214 orationi
923 1139 1153 1230 instandum,
1174 1140 1265 1212 sicut
1283 1142 1453 1240 scripturn
1465 1145 1537 1214 est¹
1555 1169 1562 1211 :
1588 1140 1701 1233 «Fili,
1716 1143 1753 1215 in
1768 1158 1828 1214 tua
1842 1142 2044 1215 infirmitate

460 1287 505 1334 ne
522 1262 695 1360 despicias
711 1263 904 1359 teipsum,
926 1261 989 1332 sed
1007 1285 1071 1332 ora
1090 1265 1230 1349 Deum,
1252 1276 1288 1331 et
1305 1262 1380 1359 ipse
1395 1260 1533 1331 curabit
1550 1275 1596 1332 te.
1621 1265 1787 1334 Avertere
1803 1287 1824 1332 a
1842 1262 1992 1354 delicto,
2009 1278 2045 1334 et

460 1383 570 1478 dirige
589 1406 738 1472 manus,
763 1397 799 1453 et
819 1381 864 1452 ab
887 1382 987 1452 omui
1002 1381 1132 1452 delicto
1151 1380 1287 1452 munda
1307 1396 1502 1452 cortuum.
1524 1407 1541 1446 η
1563 1384 1714 1480 Oportet
1736 1406 1880 1479 quoque
1894 1382 2043 1454 infirmis

459 1503 646 1602 providam
665 1528 806 1602 semper
824 1503 986 1574 assistere
1004 1500 1223 1590 custodiam,
1245 1525 1323 1598 quae
1343 1525 1455 1598 quum
1470 1525 1562 1601 opus
1580 1501 1684 1573 fuerit
1697 1503 1816 1573 statim
1832 1502 2038 1575 subveniat:

458 1639 491 1694 et
511 1622 661 1693 domum
681 1621 847 1693 omnibus
865 1623 1072 1692 instructam
1091 1646 1188 1711 esse,
1209 1645 1289 1718 quae
1306 1620 1503 1692 infirmitati
1515 1620 1565 1692 illi
1583 1637 1667 1692 sunt
1679 1625 1887 1694 necessaria.
1904 1627 1958 1695 De
1971 1649 2043 1696 me-

459 1743 667 1815 dicamentis
692 1767 837 1839 quoque
864 1744 893 1812 si
919 1766 1061 1812 necesse
1087 1756 1161 1831 est,
1190 1767 1256 1840 pro
1277 1741 1439 1812 facultate
1457 1739 1525 1813 loci
1544 1741 1807 1841 providendum
1833 1743 1910 1814 erit.
1937 1743 2043 1830 Quod

459 1863 592 1936 facilius
610 1862 687 1934 fieri
705 1876 842 1962 potest,
863 1864 891 1932 si
905 1887 983 1959 quae
1001 1861 1151 1933 infirmis
1168 1877 1294 1959 praeest
1312 1886 1385 1932 non
1401 1861 1505 1934 fuerit
1519 1887 1644 1960 expers
1658 1862 1853 1935 medicinae.
1873 1862 1925 1936 Ad
1936 1888 2043 1962 quam

459 1983 563 2053 etiam
585 1983 631 2054 de
659 1983 701 2052 iis
725 2006 804 2078 quae
822 1982 1031 2078 sanguinem
1053 1982 1219 2051 minuunt
1238 2005 1324 2050 cura
1342 1979 1546 2079 pertinebit.
1570 1984 1721 2079 Oportet
1745 1997 1864 2053 autem
1890 1981 2042 2080 aliquam

457 2101 673 2172 flebotomiae
688 2103 839 2198 peritam
861 2125 958 2188 esse,
981 2124 1027 2171 ne
1050 2100 1165 2170 virum
1188 2114 1334 2197 propter
1350 2097 1420 2195 hoc
1434 2099 1481 2170 ad
1494 2099 1660 2172 mulieres
1676 2099 1814 2197 ingredi
1828 2125 1973 2174 necesse
1985 2103 2039 2174 sit.

459 2221 723 2293 Providendum
740 2237 791 2292 est
810 2221 916 2292 etiam
936 2219 981 2291 de
1002 2219 1128 2291 officiis
1142 2219 1313 2292 horarum
1328 2235 1362 2291 et
1375 2221 1652 2308 communione,
1679 2215 1726 2292 n'e
1740 2221 1857 2293 desint
1873 2222 2039 2313 infirmis,

456 2357 497 2412 ut
514 2341 638 2413 saltem
655 2341 838 2412 dominico
853 2339 911 2409 die
924 2339 1229 2427 communicetur,
1249 2337 1473 2410 confessione
1484 2363 1626 2436 semper
1637 2355 1672 2411 et
1685 2340 1921 2413 satisfactione
1935 2365 2043 2439 quam

458 2463 639 2557 potuerint
664 2458 915 2559 praeeuntibus.
943 2463 996 2528 De
1017 2459 1186 2528 unctione
1213 2482 1358 2554 quoque
1379 2457 1604 2529 infirmorum
1628 2457 1722 2530 beati
1745 2459 1867 2531 Jacobi
1892 2463 2043 2559 apostoli

457 2583 630 2654 sententia
647 2580 793 2652 sollicite
816 2577 1058 2668 custodiatur,
1079 2577 1125 2648 ad
1145 2601 1253 2675 quam
1272 2577 1417 2674 quidem
1439 2576 1636 2670 faciendam
1658 2594 1744 2650 tunc
1761 2580 1915 2652 maxime
1930 2606 2042 2678 quum

456 2703 501 2774 de
520 2703 589 2774 vita
608 2701 809 2798 aegrotantis
827 2700 1058 2799 desperatur,
1080 2697 1297 2770 inducantur
1315 2724 1358 2770 ex
1374 2698 1561 2769 monachis
1577 2698 1652 2770 duo
1669 2699 1826 2772 seniores
1845 2701 2043 2774 sacerdotes

453 2848 536 2894 cum
563 2823 738 2913 diacono,
768 2823 831 2920 qui
849 2820 1108 2902 sanctificatum
1137 2820 1257 2892 oleum
1279 2815 1400 2894 secum
1421 2819 1590 2910 afferant,
1623 2835 1659 2891 et
1676 2837 1857 2893 conventu
1878 2845 2043 2894 sororum

453 2943 656 3031 assistente,
676 2942 888 3040 interposito
912 2957 1032 3013 tamen
1051 2941 1207 3038 pariete,
1230 2941 1298 3038 ipsi
1311 2940 1383 3012 hoc
1395 2939 1577 3012 celebrent
1590 2955 1864 3011 sacramentum.
1880 2941 2043 3012 Similiter

452 3087 563 3158 quum
580 3087 672 3161 opus
692 3063 816 3150 fuerit,
837 3062 884 3133 de
902 3062 1158 3132 communione
1178 3074 1313 3156 agatur.
1340 3063 1492 3157 Oportet
1509 3061 1628 3157 itaque
1646 3058 1796 3132 domum
1821 3059 2041 3134 infirmarum

451 3185 500 3253 sic
518 3184 651 3280 aptari,
673 3197 713 3253 ut
733 3181 779 3252 ad
797 3181 873 3253 haec
891 3180 1052 3252 facienda
1073 3179 1241 3251 monachi
1260 3178 1398 3250 facilem
1412 3178 1568 3250 babeant
1587 3203 1768 3251 accessum
1788 3195 1823 3251 et
1842 3205 2039 3272 recessum,

451 3327 518 3374 nec
536 3316 755 3374 conventum
771 3301 952 3390 videntes,
972 3325 1039 3373 nec
1057 3297 1103 3370 ab
1129 3323 1173 3371 eo
1197 3300 1273 3370 visi.
1299 3299 1451 3396 Singulis
1465 3315 1585 3372 autem
1603 3299 1730 3371 diebus
1741 3300 1852 3372 semel
1866 3301 1913 3372 ad
1927 3301 2042 3374 minus

452 3421 650 3494 diaconissa
668 3447 751 3493 cum
767 3421 947 3494 celleraria
964 3419 1145 3491 infirmam
1166 3435 1339 3516 tanquam
1355 3418 1535 3491 Christum
1554 3419 1720 3508 visitent,
1743 3436 1782 3492 ut
1797 3419 1843 3493 de
1856 3423 2042 3493 necessita·

453 3542 546 3614 tibus
564 3543 639 3639 ejus
653 3542 809 3614 sollicitae
826 3541 1041 3639 provideant
1053 3555 1128 3612 tam
1145 3542 1182 3611 in
1198 3539 1444 3639 corporalibus
1462 3565 1570 3638 quam
1589 3539 1848 3639 spiritualibus,
1870 3557 1907 3613 et
1920 3540 2043 3614 illuda

453 3662 610 3733 Domino
629 3662 753 3733 audire
772 3663 1021 3734 mereantur':
1046 3689 1064 3728 v
1081 3658 1249 3731 Infirmus
1268 3684 1388 3751 eram,
1410 3676 1446 3732 et
1464 3661 1610 3732 visitasti
1628 3684 1698 3732 me.
1718 3687 1736 3726 η
1760 3658 1868 3746 Quod
1886 3661 1915 3732 si
1933 3685 2041 3758 aegro·

453 3797 531 3852 tans
559 3781 606 3852 ad
629 3782 762 3852 exitum
787 3781 1101 3879 propinquaverit,
1130 3795 1166 3850 et
1193 3781 1230 3849 in
1259 3780 1367 3851 extasi
1395 3780 1529 3876 agoniae
1554 3779 1715 3865 venerit,
1740 3779 1857 3850 statim
1876 3778 1994 3877 aliqua
2010 3782 2042 3852 ei

452 3904 615 3974 assistens
637 3901 684 3972 ad
706 3916 924 3973 conventum
950 3915 1118 3999 properet
1144 3924 1229 3971 cum
1251 3898 1391 3988 tabula,
1424 3915 1459 3970 et
1485 3923 1565 3971 eam
1587 3898 1732 3997 pulsans
1754 3899 1886 3970 exitum
1911 3900 2043 3970 sororis

452 4025 614 4112 nuntiet,
630 4037 798 4119 totusque
815 4035 1011 4094 conventus
1026 4073 1035 4111 ,
1053 4044 1275 4118 quaecunque
1295 4019 1387 4092 hora
1404 4020 1447 4090 sit
1462 4018 1532 4090 diei
1551 4015 1607 4091 vel
1621 4018 1756 4108 noctis,
1772 4017 1819 4089 ad
1830 4019 2042 4091 morientem

342 4125 346 4130 ¹
452 4144 611 4233 festinet,
633 4143 701 4214 nisi
719 4142 960 4214 ecclesiasticis
976 4140 1214 4240 praepediatur
1225 4143 1236 4179 ³
1247 4137 1385 4211 officiis.
1403 4137 1511 4225 Quod
1526 4139 1555 4210 si
1574 4136 1759 4228 acciderit,
1773 4139 1874 4236 quod
1890 4138 1979 4210 nibil
1992 4153 2043 4211 est

452 4265 553 4364 operi
572 4265 636 4335 Dei
655 4262 960 4362 praeponendum,
990 4261 1073 4332 satis
1092 4274 1145 4332 est
1162 4260 1402 4332 diaconissam
1429 4282 1512 4328 cum
1538 4257 1735 4355 aliquibus,
1761 4281 1851 4356 quas
1873 4258 2039 4356 elegerit,

451 4385 671 4472 accelerare,
693 4398 727 4455 et
752 4397 972 4454 conventum
989 4379 1224 4478 postmodum
1241 4380 1353 4476 sequi.
1378 4383 1609 4476 Quaecunque
1631 4403 1715 4450 vero
1735 4379 1782 4450 ad
1801 4379 1900 4450 hunc
1917 4377 2043 4450 tabulae

452 4506 595 4604 pulsum
615 4503 858 4593 occurrerint,
879 4502 998 4572 statim
1016 4500 1177 4571 litaniam
1195 4497 1386 4588 inchoent,
1412 4523 1603 4595 quousque
1627 4511 1832 4569 sanctorum
1851 4512 1886 4569 et
1909 4513 2043 4574 sancta·

453 4650 534 4696 rum
547 4625 726 4696 invocatio
739 4622 980 4721 compleatur;
1000 4635 1035 4691 et
1049 4634 1134 4690 tunc
1147 4618 1274 4718 psalmi
1287 4619 1343 4690 vel
1357 4633 1502 4707 caetera,
1517 4643 1596 4714 quae
1610 4618 1656 4688 ad
1668 4617 1834 4715 exequias
1847 4619 2040 4716 pertinent,

455 4743 728 4841 subsequantur.
746 4746 863 4828 Quam
882 4739 1024 4811 salubre
1043 4763 1131 4809 vero
1149 4739 1194 4808 sit
1209 4737 1255 4808 ad
1272 4737 1434 4808 infirmos
1452 4739 1502 4807 ire
1522 4738 1594 4808 sive
1613 4751 1797 4826 mortuoS,
1820 4736 2043 4810 Ecclesiastes

456 4863 645 4960 diligenter
662 4861 870 4950 attendens,
894 4861 987 4931 ait⁸2
1013 4887 1031 4926 a
1044 4857 1169 4931 Melius
1188 4872 1241 4930 est
1253 4859 1305 4930 ire
1321 4857 1368 4929 ad
1386 4857 1537 4928 domum
1553 4854 1694 4946 luctus,
1711 4879 1820 4953 quam
1834 4855 1881 4927 ad
1894 4857 2042 4930 domum

457 4983 623 5054 convivii.
645 4985 686 5053 ln
705 4981 764 5052 illa
788 4981 884 5052 enim
903 4977 984 5050 linis
1003 4991 1215 5050 cunctorum
1236 4976 1452 5048 admonetur
1468 4975 1681 5066 bominum,
1707 4989 1743 5047 et
1767 4977 1889 5048 vivens
1915 4977 2045 5073 cogitat

490 5271 498 5296 ¹
512 5275 604 5332 Ecett,
615 5285 669 5337 cap.
684 5285 791 5330 xxxvto,
802 5283 826 5316 r.
839 5269 854 5314 a
866 5277 890 5318 et
902 5268 964 5318 lu-
981 5264 1096 5325 'llatth.‚
1110 5281 1164 5332 cap.
1174 5282 1234 5328 xxv,
1246 5282 1269 5318 r.
1282 5267 1322 5316 ³8.
1331 5293 1362 5304 -
1371 5266 1532 5331 'impediatur
1542 5265 1727 5318 tts.tmb.-·
1737 5267 1845 5326 Ereta„
1854 5281 1909 5332 cap.
1922 5283 1970 5326 ru,
1981 5281 2003 5314 v.
2017 5265 2040 5314 l.
