4520 6104
476 595 556 667 224
792 597 919 668 PETRI
946 596 1180 668 assAEasRut
1207 596 1262 668 ΕΤ
1286 596 1512 668 HELOlSSAE
1542 595 1780 669 EPISTOLAE.

533 742 588 814 De
605 741 784 810 communi
797 741 865 810 otta
883 763 1057 810 sororum.
1070 742 1287 810 -Dooenta
1303 738 1450 811 historia
1467 743 1620 810 Actuum
1637 738 1900 836 Apostolorum,
1921 739 2002 810 satis
2012 753 2058 810 est

484 855 644 926 lucidum
662 871 896 956 stapedum,
919 857 1018 954 qnod
1036 859 1187 928 Ananias
1210 871 1244 928 et
1262 857 1431 955 Saphira,
1457 881 1547 931 uxor
1571 881 1653 945 sua,
1676 855 1806 929 oblatis
1821 854 2056 954 apostolorum
2114 845 2117 852 ’

485 977 636 1072 principi
665 977 707 1046 iis
733 1002 812 1074 quae
839 978 1038 1048 transitorie
1057 976 1307 1074 possidebant,
1330 993 1365 1049 et
1383 992 1519 1050 relenta
1547 991 1646 1074 parte
1662 977 1764 1074 pretii
1788 976 1972 1072 cujusdam
1995 978 2058 1072 agri

372 1097 376 1104 '
485 1094 620 1166 venditi
639 1096 684 1168 ab
705 1096 867 1187 eisdem,¹
884 1113 999 1170 morte
1017 1097 1201 1187 subitanea
1218 1112 1302 1171 sunt
1314 1099 1483 1197 percussi.
1501 1097 1594 1184 Quia
1606 1121 1691 1193 ergo
1705 1119 1925 1194 quaecuuque
1941 1098 2059 1194 scripta

486 1231 585 1302 sunt,
606 1214 652 1287 ad
669 1231 828 1290 nostram
841 1218 1042 1291 doctrinam
1060 1219 1190 1317 scripta
1206 1233 1310 1308 suut,
1326 1235 1366 1291 ut
1384 1218 1609 1316 proprietatis
1622 1217 1767 1306 vitium,
1784 1215 1841 1288 vel
1855 1216 1981 1291 saltem
1994 1241 2060 1314 spo

486 1339 555 1408 cies
579 1338 792 1434 extirpetur,
813 1341 1021 1429 statuimus,
1054 1356 1093 1410 ut
1119 1339 1268 1436 quilibet
1292 1340 1402 1414 abbas
1424 1341 1535 1414 nostri
1554 1339 1692 1413 ordinis
1720 1340 1768 1412 ita
1795 1337 1979 1411 sororibus
1999 1341 2061 1410 suis

487 1457 695 1555 provideat,
719 1473 758 1530 ut
775 1458 822 1531 de
843 1461 1081 1534 communiet
1104 1461 1140 1530 in
1161 1463 1346 1536 communi
1365 1462 1505 1549 vivant,
1528 1460 1768 1536 communiter
1782 1474 2008 1557 operentur,
2031 1474 2062 1528 et

486 1579 533 1650 ad
549 1603 781 1652 communem
799 1580 1004 1671 utilitatem,
1033 1605 1099 1654 nec
1119 1583 1368 1679 permittantur
1392 1581 1525 1658 babere
1551 1580 1760 1679 proprium,
1790 1579 1853 1652 sed
1877 1579 2064 1652 necessaria

489 1707 539 1776 eis
563 1703 855 1780 administrentur
878 1706 924 1779 de
947 1711 1153 1797 communi,
1179 1708 1379 1780 seeundum
1405 1707 1654 1796 ecelesiarum,
1679 1706 1724 1779 ad
1754 1731 1842 1804 quas
1867 1707 2061 1804 pertinent,

489 1823 681 1896 facultates.
707 1826 742 1898 Si
762 1825 850 1922 quid
867 1843 987 1902 autem
1008 1830 1164 1927 ipsarum
1186 1827 1292 1902 alicui
1319 1827 1443 1900 datum
1464 1828 1568 1900 luerit
1591 1852 1614 1898 a
1641 1851 1848 1924 quoquam,
1872 1825 2064 1898 secundum

489 1945 598 2040 patris
617 1945 730 2018 nostri
748 1947 930 2042 Augustini
948 1963 1185 2048 preceptum,
1204 1948 1323 2020 statim
1337 1948 1471 2046 redigat
1483 1949 1519 2018 in
1531 1971 1736 2033 commune.
1756 1945 1865 2033 Quod
1877 1947 1906 2016 si
1922 1947 2066 2016 retinere

487 2066 771 2163 praesumpserit,
793 2064 1016 2166 deprehensa
1036 2068 1082 2142 ab
1107 2068 1234 2142 abbate
1261 2068 1315 2141 vel
1336 2069 1524 2166 priorissa,
1545 2068 1706 2164 gravius,
1727 2065 1926 2140 secundum
1938 2065 2067 2138 ordinis

490 2199 635 2273 statuta,
655 2186 837 2282 puniatur.

539 2309 593 2376 Ne
618 2329 758 2378 sorores
779 2305 1064 2404 frequentenmr.
1090 2351 1139 2366 -
1158 2313 1278 2397 Quium
1297 2309 1494 2381 secundum
1514 2308 1724 2408 Apostolum
1743 2309 1925 2380 universos
1945 2306 2069 2378 Christi

488 2422 629 2513 fideles,
649 2439 684 2495 et
715 2425 867 2498 maxime
892 2428 987 2499 viros
1004 2427 1207 2526 religiosos,
1228 2428 1273 2502 ab
1291 2430 1391 2502 omni
1407 2429 1525 2526 specie
1544 2427 1636 2500 mala
1658 2427 1782 2503 densat
1804 2427 2002 2514 abstinere3
2022 2426 2069 2494 in·

489 2545 654 2618 hibernus
675 2561 751 2618 tam
793 2545 943 2620 subditis
961 2572 1070 2646 quam
1090 2549 1239 2648 praelatis
1257 2551 1389 2622 ostium
1406 2549 1544 2649 aperire
1562 2572 1744 2638 somnam,
1765 2563 1801 2620 et
1815 2546 1887 2618 hoo
1903 2547 1941 2618 in
1961 2545 2071 2618 domi·

490 2665 557 2736 bus
581 2665 718 2739 alienis.
739 2667 965 2740 sustinemus
985 2685 1125 2760 tamen,
1147 2686 1186 2742 ut
1206 2672 1234 2744 si
1259 2673 1339 2768 quis
1360 2671 1545 2743 accesserit
1563 2669 1609 2744 ad
1627 2694 1686 2742 aas
1705 2670 1815 2766 gratia
1834 2663 2068 2766 praedicandi,

489 2802 613 2883 aperto
632 2787 724 2860 ostio
742 2787 915 2876 eeclesia,
942 2789 1087 2863 ulterius
1109 2815 1183 2864 non
1205 2790 1400 2890 procedat,
1423 2791 1497 2862 imo
1518 2789 1648 2866 sedens
1673 2791 1709 2862 in
1736 2789 1886 2876 eodem,
1913 2787 2072 2860 effundat

490 2909 573 3006 ipsis
591 2905 816 2982 audientibus
834 2907 984 2980 verbum
1007 2913 1094 3003 Dei,
1119 2937 1185 2986 nec
1201 2913 1382 3012 permittat
1404 2911 1627 3008 aliquatenus
1646 2910 1850 3010 capellanos
1870 2926 1932 2982 aut
1957 2911 2074 2982 socios

484 3050 574 3106 ¹¹suos
594 3027 742 3099 introire
759 3027 805 3100 ad
820 3029 925 3125 ipsas.
1210 3015 1216 3025 ⁸
