4536 6102
480 589 549 658 582
1073 585 1200 660 PETRI
1226 587 1459 660 tumulum

477 729 694 802 monachum
712 729 880 826 scriptam
899 755 973 803 non
992 745 1065 802 tam
1088 755 1130 802 ex
1146 731 1293 801 nomine
1311 729 1480 802 monachi
1496 753 1607 826 quam
1623 728 1820 826 presbyteri
1839 727 2049 804 intitulatam

477 874 563 922 esse.
585 850 731 920 Censuit
756 849 890 948 quippe
915 849 1044 920 doctor
1068 849 1357 940 discretissimus,
1385 873 1469 920 eum
1490 851 1552 946 qui
1576 849 1742 920 nondum
1764 848 1810 921 ad
1827 849 2050 923 solitudinem

476 971 677 1062 transierat,
697 970 943 1070 presbyterum
963 971 1073 1065 magis
1090 993 1200 1067 quam
1218 969 1440 1042 monachum
1454 994 1529 1044 esse
1545 969 1762 1042 vocandum.

524 1090 619 1176 Quid
636 1105 756 1162 autem
774 1092 820 1163 de
837 1090 893 1161 bis
910 1090 1106 1162 dicendum
1126 1105 1178 1160 est
1200 1089 1406 1177 monachis,
1427 1091 1489 1186 qui
1507 1089 1718 1162 nouaclum
1734 1088 1853 1176 urbes,
1869 1103 1931 1161 aut
1947 1113 2050 1160 saecu·

473 1211 602 1282 larium
610 1211 815 1286 habitacula
826 1235 901 1282 non
913 1211 1063 1304 lugiunt,
1078 1210 1258 1281 sedetiam
1268 1209 1773 1306 adsciscuntlQuemquidam
1784 1214 1941 1280 loannes
1954 1224 2048 1281 tanto

474 1333 639 1430 ampliori
651 1332 829 1404 desiderio
847 1346 899 1402 est
913 1330 1113 1428 amplexus,
1132 1344 1268 1427 quanto
1283 1333 1320 1401 in
1335 1355 1379 1401 ea
1392 1331 1550 1427 providit
1563 1335 1639 1401 Deo
1656 1331 1835 1402 deservire
1850 1332 2046 1428 perfectius.

463 1450 577 1522 ·Unde
596 1450 689 1521 bene
706 1451 742 1520 in
760 1450 835 1545 ejus
850 1448 956 1519 laude
974 1449 1202 1520 meminimus
1219 1473 1241 1522 a
1255 1449 1413 1519 Domino
1429 1450 1650 1546 praemissum
1667 1455 1782 1519 esse¹2
1804 1477 1821 1517 ιι
1837 1450 1903 1520 Cui
1919 1449 2000 1521 dedi
2015 1451 2050 1519 in
2083 1487 2086 1494 ⁴

475 1569 668 1642 solitudine
692 1570 855 1640 domum.
873 1597 891 1636 ιι
912 1569 1027 1640 Semel
1047 1594 1068 1640 a
1083 1567 1212 1640 saeculo
1229 1569 1372 1640 recessit
1388 1568 1435 1641 ad
1452 1569 1660 1656 heremum,
1679 1567 1775 1638 nulla
1792 1567 1960 1667 deinceps
1978 1572 2051 1666 pie·

473 1695 554 1764 tatis
589 1692 800 1780 occasione,
832 1690 888 1761 vel
916 1690 1119 1785 indigentiae
1149 1690 1412 1762 necessitudine
1440 1705 1626 1764 revocatus
1652 1689 1698 1761 ad
1725 1687 1912 1774 saeculum,
1937 1691 2051 1764 donec

474 1809 519 1881 ab
538 1810 680 1882 Herode
696 1826 828 1882 tractus
845 1810 891 1881 ad
909 1828 1110 1898 carcerem,
1131 1808 1204 1880 lilio
1226 1808 1436 1904 virginitatis
1453 1831 1573 1880 rosam
1591 1809 1751 1903 martyrii
1772 1807 1965 1906 copulavit.
1984 1811 2051 1895 Qui

472 1927 585 2026 quum
601 1945 721 2001 tantus
738 1930 932 2018 videretur,
952 1944 993 2000 ut
1009 1929 1169 2000 Christus
1189 1915 1288 2000 credi
1305 1944 1441 2027 posset,
1462 1944 1497 1999 et
1510 1953 1655 2001 summo
1673 1927 1851 2000 desiderio
1868 1928 1915 2000 ab
1938 1930 2050 2000 onmi-

472 2053 540 2123 bus
562 2053 800 2148 requireretur
827 2053 865 2122 in
891 2051 1062 2139 heremo,
1093 2048 1204 2120 multa
1231 2048 1331 2122 facile
1360 2051 1397 2120 in
1426 2049 1628 2121 civitatibus
1648 2064 1769 2147 posset
1792 2050 1996 2144 corrigere,
2019 2065 2050 2119 et

472 2170 697 2244 saecularibus
711 2170 919 2242 hominibus
934 2167 1167 2266 persuadere,
1188 2170 1217 2239 si
1232 2168 1349 2264 aliqua
1365 2168 1506 2239 ratione
1521 2167 1589 2239 sibi
1605 2189 1806 2263 congruum
1817 2166 1995 2263 judicaret
2010 2167 2051 2238 ad

472 2293 641 2364 saeculum
659 2292 788 2362 redire.
808 2291 895 2376 Quis
913 2291 1020 2361 etiam
1039 2291 1172 2360 nesciat
1188 2314 1232 2360 eo
1249 2303 1429 2387 tempore,
1448 2313 1521 2386 quo
1538 2279 1636 2386 patri
1647 2288 1837 2358 succedere
1857 2289 1894 2360 in
1918 2289 2050 2384 episco-

473 2427 558 2508 patu
574 2409 751 2498 habebat,
766 2411 841 2504 jam
859 2411 895 2479 in
914 2408 1020 2480 lsrael
1035 2409 1190 2479 caecitate
1206 2407 1317 2496 lacta,
1336 2423 1512 2505 quantum
1528 2408 1648 2479 locum
1664 2408 1701 2478 in
1717 2406 1788 2478 hac
1803 2406 1975 2501 dignitate
1999 2429 2049 2474 re·

472 2529 557 2624 ligio
580 2529 655 2623 ejus
675 2528 841 2618 haberet,
862 2552 972 2623 quarn
988 2527 1260 2600 convenientius
1276 2551 1359 2597 emn
1375 2550 1485 2624 quam
1503 2530 1642 2597 Annam
1659 2541 1695 2596 et
1710 2523 1883 2623 Caipbam
1908 2522 2049 2622 pontili-

472 2650 545 2720 cari
561 2663 757 2745 oporteret,
770 2648 798 2718 si
808 2647 854 2718 ad
863 2646 1062 2718 humanum
1071 2645 1246 2741 judicium
1258 2647 1385 2742 magis,
1400 2671 1511 2743 quarn
1523 2645 1570 2717 ad
1581 2645 1741 2716 divinam
1752 2644 2048 2742 dispensationem

472 2767 726 2865 respiciamus?
743 2771 795 2837 Eo
812 2779 932 2838 tamen
949 2782 1130 2865 tempore,
1149 2789 1223 2862 quo
1240 2764 1476 2863 pontificandi
1497 2767 1671 2861 majorem
1695 2779 1821 2836 nactus
1846 2763 2049 2861 opinionem

472 2886 613 2957 videtur
629 2885 758 2973 luisse,
777 2884 1034 2956 monachatum
1050 2881 1274 2980 pontificatui
1296 2885 1506 2980 praeposuit,
1526 2898 1561 2955 et
1577 2882 1678 2953 lucro
1698 2881 1850 2954 aliorum
1867 2883 2047 2980 proprium

473 3007 628 3078 melioris
644 3007 724 3077 vitae
740 3005 907 3074 meritum
924 3001 1089 3101 praetulit.
1109 3003 1226 3074 Semel
1242 3004 1361 3101 itaque
1377 3002 1549 3074 recedens
1565 3028 1586 3075 a
1600 3001 1746 3091 saecule,
1764 2999 1960 3072 immobilis
1974 3025 2048 3098 per·

472 3130 560 3198 stitit
577 3129 613 3198 in
631 3126 800 3213 heremo,
820 3139 855 3194 et
871 3146 984 3220 quum
1001 3147 1128 3194 omnes
1145 3122 1192 3195 ad
1209 3147 1292 3197 eum
1317 3123 1362 3194 dc
1386 3123 1616 3220 lerosolymis
1636 3138 1671 3193 et
1696 3122 1742 3200 de
1766 3120 1904 3210 ludica,
1923 3121 1980 3192 vel
2008 3121 2048 3192 de

471 3249 617 3342 regione
641 3247 735 3317 circa
750 3243 945 3338 Jordanern
961 3267 1068 3314 causa
1082 3241 1305 3340 baptismatis
1322 3241 1377 3312 vel
1395 3241 1639 3314 aedificationis
1655 3243 1809 3329 exirent,
1828 3243 1904 3338 ipse
1924 3240 1970 3313 ad
1991 3265 2046 3310 ne·

471 3372 606 3440 minem
623 3367 799 3452 intrabat,
818 3380 854 3434 et
871 3365 933 3460 qui
955 3364 1064 3436 semel
1085 3364 1229 3434 vincula
1249 3379 1413 3462 ruperat,
1438 3363 1576 3436 nodare
1596 3363 1830 3463 postmodum
1854 3363 2048 3435 nullatenus

472 3486 730 3583 acquiescebat.
754 3484 824 3569 Qui
840 3496 977 3579 quanto
993 3481 1145 3578 amplius
1160 3481 1325 3552 homines
1350 3482 1527 3578 fugiebat,
1552 3485 1673 3580 eisque
1698 3483 1811 3554 rarior
1836 3482 2045 3580 apparebat,

471 3622 572 3679 tanto
587 3605 704 3676 carior
721 3602 889 3674 omnibus
905 3601 1031 3696 majori
1047 3600 1224 3674 desiderio
1241 3601 1501 3698 requirebatur.
1524 3603 1577 3675 ld
1597 3627 1706 3700 quem
1723 3617 1758 3674 et
1778 3602 1955 3674 Dominus
1979 3603 2048 3698 ipse

471 3750 555 3797 cum
570 3722 707 3822 populo
725 3722 819 3794 exire
835 3745 909 3792 non
927 3720 1138 3816 dedignatus
1155 3720 1295 3819 abipso
1313 3745 1386 3793 una
1400 3745 1520 3819 quum·
1530 3722 1580 3796 eis
1603 3736 1656 3795 est
1671 3722 1890 3820 baptizatus,
1909 3723 1998 3791 sicut
2015 3733 2047 3789 et

471 3851 583 3918 Lucas
599 3841 779 3932 meminit,
792 3841 951 3914 dicens':
969 3869 986 3908 ιι
1000 3845 1147 3913 Factum
1156 3855 1226 3930 est,
1243 3866 1354 3938 quum
1371 3840 1611 3939 baptizaretur
1620 3843 1737 3912 omnis
1747 3839 1918 3939 populus,
1929 3855 1966 3910 et
1973 3842 2046 3909 Jesu

470 3966 651 4064 baptizato
666 4020 674 4052 ,
692 3977 761 4034 etc.
780 3989 797 4029 ιι
817 3961 870 4032 ad
886 3986 1028 4034 servum
1044 3963 1242 4050 Dominus,
1262 3962 1307 4033 ad
1328 3960 1548 4034 monachum
1569 3987 1728 4033 summus
1750 3958 1912 4059 pontifex
1933 3959 2044 4044 venit,

470 4104 511 4158 ut
525 4087 572 4158 ab
589 4112 633 4158 eo
648 4083 867 4182 baptismum
883 4083 1094 4181 susciperet,
1113 4083 1159 4156 ab
1177 4107 1220 4153 eo
1238 4083 1484 4157 testimonium
1500 4082 1667 4173 haberet,
1685 4084 1776 4154 sicut
1792 4097 1827 4154 et
1842 4081 1934 4154 alius
1947 4104 2048 4152 evan·

471 4208 594 4303 gelista
612 4193 891 4278 commemorat'
911 4231 919 4274 ι
941 4201 1074 4274 «Vidit
1096 4207 1251 4274 loannes
1278 4207 1396 4274 Jesum
1421 4203 1627 4276 venientem
1646 4203 1763 4294 adse,
1782 4216 1817 4274 et
1833 4203 1908 4274 ait:
1930 4231 1950 4270 ιι
1963 4206 2048 4272 Ecoe

471 4355 488 4392 ιι
506 4331 624 4422 Agnus
637 4323 702 4394 Dei
715 4377 723 4412 ,
740 4336 808 4395 etc.
824 4349 842 4389 ιι
862 4325 933 4392 Nec
949 4318 1076 4408 semel,
1090 4319 1154 4391 sed
1166 4321 1293 4425 saepius
1305 4321 1351 4392 ad
1364 4343 1447 4392 eum
1458 4321 1625 4393 veniebat
1639 4322 1828 4410 Dominus,
1843 4343 1958 4417 quum
1969 4341 2048 4390 eum

470 4446 515 4518 ad
531 4444 731 4516 Dominum
746 4466 932 4540 nunquam
948 4442 1086 4512 venisse
1105 4440 1275 4535 legamus.
1297 4441 1434 4513 Mittere
1452 4465 1520 4541 pro
1536 4467 1581 4513 eo
1597 4443 1773 4513 Dominus
1789 4455 1932 4538 posset,
1950 4453 1990 4509 ut
2003 4436 2053 4508 ad

468 4593 506 4668 se
522 4564 779 4664 baptizandum
794 4564 952 4651 veniret,
973 4577 1034 4634 aut
1052 4575 1091 4632 ut
1112 4563 1145 4633 ei
1162 4562 1382 4659 apostolatus
1398 4561 1559 4636 officium
1573 4564 1665 4635 sicut
1680 4563 1815 4634 caeteris
1829 4559 2047 4656 injungeret.

470 4689 498 4758 si
514 4686 585 4758 hoc
609 4707 808 4780 congruum
820 4683 1009 4780 judicaret.
1029 4680 1099 4752 Sed
1115 4680 1277 4779 profecto
1293 4706 1402 4779 quem
1418 4681 1509 4753 nihil
1524 4681 1675 4773 latebat,
1693 4681 1730 4754 id
1749 4693 1900 4752 noverat
1916 4699 2049 4774 nequa-

470 4829 578 4902 quam
597 4803 782 4900 proposito
799 4816 906 4873 tantae
921 4801 1000 4872 vitae
1016 4813 1057 4872 ut
1073 4797 1119 4872 ad
1130 4799 1298 4872 saeculum
1314 4813 1542 4872 revocaretur
1557 4801 1773 4890 convenire,
1789 4798 1886 4870 etsie
1904 4789 2051 4868 eumfa-

471 4925 536 4995 eile
550 4924 738 5012 vilescere,
757 4947 824 4994 nec
851 4923 1094 4994 testimonium
1115 4922 1189 5016 ejus
1211 4936 1361 4993 tantam·
1373 4920 1520 4994 ulterius
1540 4923 1788 4994 auctoritatem
1805 4917 1954 4991 habere.
1978 4913 2049 5000 Qui

505 5171 512 5200 ¹
530 5171 1040 5240 sot,capanna.s.-¹1.ue.‚cnp.
1055 5189 1095 5233 ιιι,
1109 5189 1130 5220 ι.
1147 5175 1189 5222 21.
1201 5197 1234 5211 -
1245 5171 1255 5200 ⁸
1266 5173 1347 5233 toan..
1361 5187 1415 5237 ap.
1436 5187 1457 5232 ι,
1468 5187 1491 5222 r.
1503 5173 1546 5222 tt.
1573 5111 1582 5150 l
