<?xml version="1.0" encoding="UTF-8"?>
<!DOCTYPE html PUBLIC "-//W3C//DTD XHTML 1.0 Transitional//EN"
    "http://www.w3.org/TR/xhtml1/DTD/xhtml1-transitional.dtd">
<html xmlns="http://www.w3.org/1999/xhtml" xml:lang="en" lang="en">
 <head>
  <title>
</title>
<meta http-equiv="Content-Type" content="text/html;charset=utf-8" />
  <meta name='ocr-system' content='tesseract 3.04.00' />
  <meta name='ocr-capabilities' content='ocr_page ocr_carea ocr_par ocr_line ocrx_word'/>
</head>
<body>
  <div class='ocr_page' id='page_1' title='image "./petriablardiope01despgoog_0045.png"; bbox 0 0 4590 6106; ppageno 0'>
   <div class='ocr_carea' id='block_1_1' title="bbox 495 567 1637 648">
    <p class='ocr_par' dir='ltr' id='par_1_1' title="bbox 495 567 1637 648">
     <span class='ocr_line' id='line_1_1' title="bbox 495 567 1637 648; baseline 0.01 -11"><span class='ocrx_word' id='word_1_1' title='bbox 495 569 541 638; x_wconf 85' lang='lat'><strong>28</strong></span> <span class='ocrx_word' id='word_1_2' title='bbox 924 567 1049 641; x_wconf 85' lang='lat' dir='ltr'><strong>PETRl</strong></span> <span class='ocrx_word' id='word_1_3' title='bbox 1075 570 1308 644; x_wconf 70' lang='lat' dir='ltr'><strong>tumulltu}</strong></span> <span class='ocrx_word' id='word_1_4' title='bbox 1332 571 1388 644; x_wconf 82' lang='grc' dir='ltr'><strong>ΕΤ</strong></span> <span class='ocrx_word' id='word_1_5' title='bbox 1412 571 1637 648; x_wconf 86' lang='lat' dir='ltr'><strong>HELOlSSAE</strong></span> 
     </span>
    </p>
   </div>
   <div class='ocr_carea' id='block_1_2' title="bbox 258 705 2069 4169">
    <p class='ocr_par' dir='ltr' id='par_1_2' title="bbox 258 705 2069 4169">
     <span class='ocr_line' id='line_1_2' title="bbox 494 705 2069 814; baseline 0.01 -38"><span class='ocrx_word' id='word_1_6' title='bbox 494 705 712 799; x_wconf 87' lang='lat' dir='ltr'><strong>dedicanda,</strong></span> <span class='ocrx_word' id='word_1_7' title='bbox 746 708 845 804; x_wconf 87' lang='lat' dir='ltr'><strong>quod</strong></span> <span class='ocrx_word' id='word_1_8' title='bbox 873 709 948 804; x_wconf 83' lang='lat' dir='ltr'><strong>ejus</strong></span> <span class='ocrx_word' id='word_1_9' title='bbox 978 709 1124 807; x_wconf 83' lang='lat' dir='ltr'>aliquod</span> <span class='ocrx_word' id='word_1_10' title='bbox 1152 709 1298 783; x_wconf 85' lang='lat' dir='ltr'><strong>festum¹</strong></span> <span class='ocrx_word' id='word_1_11' title='bbox 1320 735 1394 784; x_wconf 91' lang='lat' dir='ltr'><strong>non</strong></span> <span class='ocrx_word' id='word_1_12' title='bbox 1421 713 1557 804; x_wconf 81' lang='lat' dir='ltr'><strong>existit,</strong></span> <span class='ocrx_word' id='word_1_13' title='bbox 1583 705 1893 814; x_wconf 62' lang='lat' dir='ltr'><strong>quod&#39;specialem</strong></span> <span class='ocrx_word' id='word_1_14' title='bbox 1921 717 1953 789; x_wconf 89' lang='lat' dir='ltr'><strong>ei</strong></span> <span class='ocrx_word' id='word_1_15' title='bbox 1977 719 2069 793; x_wconf 88' lang='lat' dir='ltr'><strong>sole·</strong></span> 
     </span>
     <span class='ocr_line' id='line_1_3' title="bbox 493 827 2067 936; baseline 0.008 -38"><span class='ocrx_word' id='word_1_16' title='bbox 493 829 678 900; x_wconf 90' lang='lat' dir='ltr'><strong>mnitatem</strong></span> <span class='ocrx_word' id='word_1_17' title='bbox 695 827 837 900; x_wconf 91' lang='lat' dir='ltr'><strong>tribuat.</strong></span> <span class='ocrx_word' id='word_1_18' title='bbox 858 827 927 900; x_wconf 85' lang='lat' dir='ltr'><strong>Sed</strong></span> <span class='ocrx_word' id='word_1_19' title='bbox 945 829 1020 902; x_wconf 84' lang='lat' dir='ltr'><strong>baec</strong></span> <span class='ocrx_word' id='word_1_20' title='bbox 1037 831 1198 929; x_wconf 88' lang='lat' dir='ltr'><strong>profecto</strong></span> <span class='ocrx_word' id='word_1_21' title='bbox 1220 832 1309 904; x_wconf 89' lang='lat' dir='ltr'><strong>ratio</strong></span> <span class='ocrx_word' id='word_1_22' title='bbox 1334 833 1401 931; x_wconf 86' lang='lat' dir='ltr'><strong>ipsi</strong></span> <span class='ocrx_word' id='word_1_23' title='bbox 1428 832 1498 904; x_wconf 90' lang='lat' dir='ltr'><strong>boc</strong></span> <span class='ocrx_word' id='word_1_24' title='bbox 1513 835 1681 906; x_wconf 87' lang='lat' dir='ltr'><strong>.Trinitati</strong></span> <span class='ocrx_word' id='word_1_25' title='bbox 1703 835 1833 925; x_wconf 78' lang='lat' dir='ltr'><strong>aufert,</strong></span> <span class='ocrx_word' id='word_1_26' title='bbox 1862 852 1897 908; x_wconf 85' lang='lat' dir='ltr'><strong>et</strong></span> <span class='ocrx_word' id='word_1_27' title='bbox 1922 839 2067 936; x_wconf 87' lang='lat' dir='ltr'><strong>Spiritui</strong></span> 
     </span>
     <span class='ocr_line' id='line_1_4' title="bbox 494 946 2067 1055; baseline 0.009 -39"><span class='ocrx_word' id='word_1_28' title='bbox 494 962 615 1019; x_wconf 87' lang='lat' dir='ltr'><strong>sancto</strong></span> <span class='ocrx_word' id='word_1_29' title='bbox 635 971 709 1020; x_wconf 93' lang='lat' dir='ltr'><strong>non</strong></span> <span class='ocrx_word' id='word_1_30' title='bbox 723 946 853 1037; x_wconf 79' lang='lat' dir='ltr'><strong>aufert,</strong></span> <span class='ocrx_word' id='word_1_31' title='bbox 869 973 981 1045; x_wconf 90' lang='lat' dir='ltr'><strong>quum</strong></span> <span class='ocrx_word' id='word_1_32' title='bbox 1003 951 1078 1048; x_wconf 89' lang='lat' dir='ltr'><strong>ipse</strong></span> <span class='ocrx_word' id='word_1_33' title='bbox 1100 975 1244 1048; x_wconf 90' lang='lat' dir='ltr'><strong>quoque</strong></span> <span class='ocrx_word' id='word_1_34' title='bbox 1261 953 1410 1050; x_wconf 80' lang='lat' dir='ltr'><strong>Spiritus</strong></span> <span class='ocrx_word' id='word_1_35' title='bbox 1429 978 1473 1024; x_wconf 86' lang='lat' dir='ltr'><strong>ex</strong></span> <span class='ocrx_word' id='word_1_36' title='bbox 1492 954 1646 1026; x_wconf 87' lang='lat' dir='ltr'><strong>adventu</strong></span> <span class='ocrx_word' id='word_1_37' title='bbox 1660 979 1725 1026; x_wconf 91' lang='lat' dir='ltr'><strong>suo</strong></span> <span class='ocrx_word' id='word_1_38' title='bbox 1738 957 1920 1055; x_wconf 88' lang='lat' dir='ltr'><strong>propriam</strong></span> <span class='ocrx_word' id='word_1_39' title='bbox 1938 957 2067 1030; x_wconf 88' lang='lat' dir='ltr'><strong>babeat</strong></span> 
     </span>
     <span class='ocr_line' id='line_1_5' title="bbox 493 1069 2065 1160; baseline 0.006 -22"><span class='ocrx_word' id='word_1_40' title='bbox 493 1071 716 1139; x_wconf 81' lang='lat' dir='ltr'><strong>Pentecostes</strong></span> <span class='ocrx_word' id='word_1_41' title='bbox 734 1069 1013 1160; x_wconf 85' lang='lat' dir='ltr'><strong>solemnitatem,</strong></span> <span class='ocrx_word' id='word_1_42' title='bbox 1034 1071 1125 1142; x_wconf 89' lang='lat' dir='ltr'><strong>sicut</strong></span> <span class='ocrx_word' id='word_1_43' title='bbox 1139 1070 1230 1143; x_wconf 87' lang='lat' dir='ltr'><strong>filius</strong></span> <span class='ocrx_word' id='word_1_44' title='bbox 1244 1097 1286 1144; x_wconf 83' lang='lat' dir='ltr'><strong>ex</strong></span> <span class='ocrx_word' id='word_1_45' title='bbox 1304 1098 1370 1144; x_wconf 90' lang='lat' dir='ltr'><strong>suo</strong></span> <span class='ocrx_word' id='word_1_46' title='bbox 1384 1071 1515 1144; x_wconf 87' lang='lat' dir='ltr'><strong>Natalis</strong></span> <span class='ocrx_word' id='word_1_47' title='bbox 1532 1075 1587 1144; x_wconf 89' lang='lat' dir='ltr'><strong>sui</strong></span> <span class='ocrx_word' id='word_1_48' title='bbox 1603 1074 1836 1146; x_wconf 85' lang='lat' dir='ltr'><strong>festivitatem.</strong></span> <span class='ocrx_word' id='word_1_49' title='bbox 1854 1077 1952 1147; x_wconf 89' lang='lat' dir='ltr'><strong>Sicut</strong></span> <span class='ocrx_word' id='word_1_50' title='bbox 1970 1079 2065 1148; x_wconf 85' lang='lat' dir='ltr'><strong>enim</strong></span> 
     </span>
     <span class='ocr_line' id='line_1_6' title="bbox 492 1184 2065 1294; baseline 0.008 -38"><span class='ocrx_word' id='word_1_51' title='bbox 492 1184 583 1258; x_wconf 77' lang='lat' dir='ltr'><strong>filius</strong></span> <span class='ocrx_word' id='word_1_52' title='bbox 595 1188 721 1260; x_wconf 88' lang='lat' dir='ltr'><strong>missus</strong></span> <span class='ocrx_word' id='word_1_53' title='bbox 740 1204 792 1260; x_wconf 90' lang='lat' dir='ltr'><strong>est</strong></span> <span class='ocrx_word' id='word_1_54' title='bbox 808 1190 846 1259; x_wconf 92' lang='lat' dir='ltr'><strong>in</strong></span> <span class='ocrx_word' id='word_1_55' title='bbox 865 1189 1058 1280; x_wconf 89' lang='lat' dir='ltr'><strong>mundum,</strong></span> <span class='ocrx_word' id='word_1_56' title='bbox 1080 1192 1181 1262; x_wconf 87' lang='lat' dir='ltr'><strong>itaet</strong></span> <span class='ocrx_word' id='word_1_57' title='bbox 1198 1192 1346 1289; x_wconf 87' lang='lat' dir='ltr'><strong>Spiritus</strong></span> <span class='ocrx_word' id='word_1_58' title='bbox 1364 1207 1505 1263; x_wconf 88' lang='lat' dir='ltr'><strong>sanctus</strong></span> <span class='ocrx_word' id='word_1_59' title='bbox 1522 1193 1559 1264; x_wconf 91' lang='lat' dir='ltr'><strong>in</strong></span> <span class='ocrx_word' id='word_1_60' title='bbox 1578 1192 1789 1292; x_wconf 77' lang='lat' dir='ltr'><strong>discipulos*</strong></span> <span class='ocrx_word' id='word_1_61' title='bbox 1804 1196 1986 1294; x_wconf 84' lang='lat' dir='ltr'><strong>propriam</strong></span> <span class='ocrx_word' id='word_1_62' title='bbox 1998 1196 2065 1268; x_wconf 90' lang='lat' dir='ltr'><strong>sibi</strong></span> 
     </span>
     <span class='ocr_line' id='line_1_7' title="bbox 490 1308 2064 1413; baseline 0.006 -35"><span class='ocrx_word' id='word_1_63' title='bbox 490 1308 646 1380; x_wconf 88' lang='lat' dir='ltr'><strong>vindicat</strong></span> <span class='ocrx_word' id='word_1_64' title='bbox 666 1309 938 1382; x_wconf 88' lang='lat' dir='ltr'><strong>solemnitatem.</strong></span> <span class='ocrx_word' id='word_1_65' title='bbox 963 1311 1028 1380; x_wconf 93' lang='lat' dir='ltr'><strong>Cui</strong></span> <span class='ocrx_word' id='word_1_66' title='bbox 1048 1311 1153 1384; x_wconf 91' lang='lat' dir='ltr'><strong>etiam</strong></span> <span class='ocrx_word' id='word_1_67' title='bbox 1170 1310 1387 1408; x_wconf 85' lang='lat' dir='ltr'><strong>probabilius</strong></span> <span class='ocrx_word' id='word_1_68' title='bbox 1409 1335 1519 1410; x_wconf 82' lang='lat' dir='ltr'><strong>quam</strong></span> <span class='ocrx_word' id='word_1_69' title='bbox 1539 1311 1643 1384; x_wconf 90' lang='lat' dir='ltr'><strong>alicui</strong></span> <span class='ocrx_word' id='word_1_70' title='bbox 1661 1313 1808 1386; x_wconf 83' lang='lat' dir='ltr'><strong>aliarum</strong></span> <span class='ocrx_word' id='word_1_71' title='bbox 1829 1339 2064 1413; x_wconf 89' lang='lat' dir='ltr'><strong>personarum</strong></span> 
     </span>
     <span class='ocr_line' id='line_1_8' title="bbox 490 1429 2064 1532; baseline 0.006 -32"><span class='ocrx_word' id='word_1_72' title='bbox 490 1429 663 1527; x_wconf 86' lang='lat' dir='ltr'><strong>templum</strong></span> <span class='ocrx_word' id='word_1_73' title='bbox 685 1430 961 1503; x_wconf 90' lang='lat' dir='ltr'><strong>adscribendum</strong></span> <span class='ocrx_word' id='word_1_74' title='bbox 979 1432 1137 1520; x_wconf 88' lang='lat' dir='ltr'><strong>videtur,</strong></span> <span class='ocrx_word' id='word_1_75' title='bbox 1166 1435 1194 1504; x_wconf 91' lang='lat' dir='ltr'><strong>si</strong></span> <span class='ocrx_word' id='word_1_76' title='bbox 1211 1432 1411 1530; x_wconf 79' lang='lat' dir='ltr'><strong>diligentius</strong></span> <span class='ocrx_word' id='word_1_77' title='bbox 1430 1433 1663 1532; x_wconf 86' lang='lat' dir='ltr'><strong>apostolicam</strong></span> <span class='ocrx_word' id='word_1_78' title='bbox 1681 1435 1927 1507; x_wconf 82' lang='lat' dir='ltr'><strong>attendamus³</strong></span> <span class='ocrx_word' id='word_1_79' title='bbox 1944 1453 2064 1510; x_wconf 89' lang='lat' dir='ltr'><strong>aucto-</strong></span> 
     </span>
     <span class='ocr_line' id='line_1_9' title="bbox 432 1532 2065 1656; baseline 0.007 -36"><span class='ocrx_word' id='word_1_80' title='bbox 432 1532 435 1540; x_wconf 55' lang='grc'><strong>’</strong></span> <span class='ocrx_word' id='word_1_81' title='bbox 488 1551 646 1636; x_wconf 90' lang='lat' dir='ltr'><strong>ritatem,</strong></span> <span class='ocrx_word' id='word_1_82' title='bbox 672 1555 778 1648; x_wconf 85' lang='lat' dir='ltr'><strong>alque</strong></span> <span class='ocrx_word' id='word_1_83' title='bbox 793 1553 901 1649; x_wconf 86' lang='lat' dir='ltr'><strong>ipsius</strong></span> <span class='ocrx_word' id='word_1_84' title='bbox 920 1553 1068 1651; x_wconf 89' lang='lat' dir='ltr'><strong>Spiritus</strong></span> <span class='ocrx_word' id='word_1_85' title='bbox 1089 1556 1346 1652; x_wconf 84' lang='lat' dir='ltr'><strong>operationem.</strong></span> <span class='ocrx_word' id='word_1_86' title='bbox 1371 1553 1463 1626; x_wconf 89' lang='lat' dir='ltr'><strong>Nulli</strong></span> <span class='ocrx_word' id='word_1_87' title='bbox 1477 1555 1573 1627; x_wconf 89' lang='lat' dir='ltr'><strong>enim</strong></span> <span class='ocrx_word' id='word_1_88' title='bbox 1590 1555 1698 1626; x_wconf 90' lang='lat' dir='ltr'><strong>trium</strong></span> <span class='ocrx_word' id='word_1_89' title='bbox 1718 1579 1953 1653; x_wconf 87' lang='lat' dir='ltr'><strong>personarum</strong></span> <span class='ocrx_word' id='word_1_90' title='bbox 1964 1560 2065 1656; x_wconf 92' lang='lat' dir='ltr'><strong>spiri-</strong></span> 
     </span>
     <span class='ocr_line' id='line_1_10' title="bbox 462 1670 2064 1774; baseline 0.007 -34"><span class='ocrx_word' id='word_1_91' title='bbox 462 1707 463 1712; x_wconf 15' lang='grc' dir='ltr'><strong>κ</strong></span> <span class='ocrx_word' id='word_1_92' title='bbox 488 1670 599 1742; x_wconf 75' lang='lat' dir='ltr'><strong>tuale⁵</strong></span> <span class='ocrx_word' id='word_1_93' title='bbox 621 1671 793 1770; x_wconf 91' lang='lat' dir='ltr'><strong>templum</strong></span> <span class='ocrx_word' id='word_1_94' title='bbox 816 1674 1013 1771; x_wconf 83' lang='lat' dir='ltr'><strong>specialiter</strong></span> <span class='ocrx_word' id='word_1_95' title='bbox 1037 1675 1204 1746; x_wconf 85' lang='lat' dir='ltr'><strong>adscribit</strong></span> <span class='ocrx_word' id='word_1_96' title='bbox 1224 1674 1425 1773; x_wconf 88' lang='lat' dir='ltr'><strong>apostolus,</strong></span> <span class='ocrx_word' id='word_1_97' title='bbox 1446 1676 1513 1746; x_wconf 93' lang='lat' dir='ltr'><strong>nisi</strong></span> <span class='ocrx_word' id='word_1_98' title='bbox 1535 1676 1678 1774; x_wconf 86' lang='lat' dir='ltr'><strong>Spiritui</strong></span> <span class='ocrx_word' id='word_1_99' title='bbox 1700 1691 1836 1748; x_wconf 89' lang='lat' dir='ltr'><strong>sancto.</strong></span> <span class='ocrx_word' id='word_1_100' title='bbox 1864 1681 1942 1747; x_wconf 89' lang='lat' dir='ltr'><strong>Non</strong></span> <span class='ocrx_word' id='word_1_101' title='bbox 1968 1680 2064 1752; x_wconf 90' lang='lat' dir='ltr'><strong>enim</strong></span> 
     </span>
     <span class='ocr_line' id='line_1_11' title="bbox 486 1793 2059 1896; baseline 0.006 -34"><span class='ocrx_word' id='word_1_102' title='bbox 486 1794 534 1863; x_wconf 90' lang='lat' dir='ltr'><strong>ita</strong></span> <span class='ocrx_word' id='word_1_103' title='bbox 554 1793 726 1891; x_wconf 90' lang='lat' dir='ltr'><strong>templum</strong></span> <span class='ocrx_word' id='word_1_104' title='bbox 754 1796 882 1886; x_wconf 89' lang='lat' dir='ltr'><strong>Patris,</strong></span> <span class='ocrx_word' id='word_1_105' title='bbox 915 1797 971 1868; x_wconf 88' lang='lat' dir='ltr'><strong>vel</strong></span> <span class='ocrx_word' id='word_1_106' title='bbox 1000 1797 1172 1896; x_wconf 90' lang='lat' dir='ltr'><strong>templum</strong></span> <span class='ocrx_word' id='word_1_107' title='bbox 1199 1797 1275 1868; x_wconf 90' lang='lat' dir='ltr'><strong>Filii</strong></span> <span class='ocrx_word' id='word_1_108' title='bbox 1302 1797 1405 1888; x_wconf 91' lang='lat' dir='ltr'><strong>dicit,</strong></span> <span class='ocrx_word' id='word_1_109' title='bbox 1442 1797 1533 1870; x_wconf 89' lang='lat' dir='ltr'><strong>sicut</strong></span> <span class='ocrx_word' id='word_1_110' title='bbox 1559 1798 1732 1896; x_wconf 90' lang='lat' dir='ltr'><strong>templum</strong></span> <span class='ocrx_word' id='word_1_111' title='bbox 1759 1799 1908 1896; x_wconf 89' lang='lat' dir='ltr'><strong>Spiritus</strong></span> <span class='ocrx_word' id='word_1_112' title='bbox 1932 1803 2059 1893; x_wconf 86' lang='lat' dir='ltr'><strong>sancti,</strong></span> 
     </span>
     <span class='ocr_line' id='line_1_12' title="bbox 488 1915 2059 2016; baseline 0.003 -32"><span class='ocrx_word' id='word_1_113' title='bbox 488 1915 523 1985; x_wconf 93' lang='lat' dir='ltr'><strong>in</strong></span> <span class='ocrx_word' id='word_1_114' title='bbox 540 1916 654 2013; x_wconf 90' lang='lat' dir='ltr'><strong>prima</strong></span> <span class='ocrx_word' id='word_1_115' title='bbox 674 1915 725 1986; x_wconf 83' lang='lat' dir='ltr'><strong>ud</strong></span> <span class='ocrx_word' id='word_1_116' title='bbox 738 1918 935 1990; x_wconf 74' lang='lat' dir='ltr'><strong>Corinthios</strong></span> <span class='ocrx_word' id='word_1_117' title='bbox 947 1919 995 1990; x_wconf 90' lang='lat' dir='ltr'><strong>ita</strong></span> <span class='ocrx_word' id='word_1_118' title='bbox 1006 1918 1198 1991; x_wconf 77' lang='lat' dir='ltr'><strong>scribens⁵2</strong></span> <span class='ocrx_word' id='word_1_119' title='bbox 1223 1947 1240 1986; x_wconf 77' lang='grc' dir='ltr'><strong><em>κ</em></strong></span> <span class='ocrx_word' id='word_1_120' title='bbox 1254 1919 1324 2005; x_wconf 88' lang='lat' dir='ltr'><strong>Qui</strong></span> <span class='ocrx_word' id='word_1_121' title='bbox 1340 1916 1496 1990; x_wconf 81' lang='lat' dir='ltr'><strong>adbaeret</strong></span> <span class='ocrx_word' id='word_1_122' title='bbox 1505 1919 1681 2008; x_wconf 87' lang='lat' dir='ltr'><strong>Domino,</strong></span> <span class='ocrx_word' id='word_1_123' title='bbox 1698 1943 1790 1989; x_wconf 88' lang='lat' dir='ltr'><strong>unus</strong></span> <span class='ocrx_word' id='word_1_124' title='bbox 1810 1919 1952 2016; x_wconf 89' lang='lat' dir='ltr'><strong>spiritus</strong></span> <span class='ocrx_word' id='word_1_125' title='bbox 1970 1937 2059 1992; x_wconf 83' lang='lat' dir='ltr'><strong>est.»</strong></span> 
     </span>
     <span class='ocr_line' id='line_1_13' title="bbox 486 2037 2060 2137; baseline 0.005 -33"><span class='ocrx_word' id='word_1_126' title='bbox 486 2039 596 2108; x_wconf 88' lang='lat' dir='ltr'><strong>ltem:</strong></span> <span class='ocrx_word' id='word_1_127' title='bbox 622 2065 640 2104; x_wconf 82' lang='lat' dir='ltr'><strong>u</strong></span> <span class='ocrx_word' id='word_1_128' title='bbox 660 2044 711 2108; x_wconf 81' lang='lat' dir='ltr'><strong>An</strong></span> <span class='ocrx_word' id='word_1_129' title='bbox 731 2039 871 2108; x_wconf 90' lang='lat' dir='ltr'><strong>nescitis</strong></span> <span class='ocrx_word' id='word_1_130' title='bbox 888 2039 972 2136; x_wconf 88' lang='lat' dir='ltr'><strong>quia</strong></span> <span class='ocrx_word' id='word_1_131' title='bbox 989 2062 1139 2137; x_wconf 90' lang='lat' dir='ltr'><strong>corpora</strong></span> <span class='ocrx_word' id='word_1_132' title='bbox 1163 2052 1278 2109; x_wconf 85' lang='lat' dir='ltr'><strong>vestra</strong></span> <span class='ocrx_word' id='word_1_133' title='bbox 1306 2037 1479 2136; x_wconf 90' lang='lat' dir='ltr'><strong>templum</strong></span> <span class='ocrx_word' id='word_1_134' title='bbox 1505 2053 1588 2109; x_wconf 91' lang='lat' dir='ltr'><strong>sunt</strong></span> <span class='ocrx_word' id='word_1_135' title='bbox 1610 2038 1759 2135; x_wconf 89' lang='lat' dir='ltr'><strong>Spiritus</strong></span> <span class='ocrx_word' id='word_1_136' title='bbox 1783 2039 1911 2128; x_wconf 89' lang='lat' dir='ltr'><strong>sancti,</strong></span> <span class='ocrx_word' id='word_1_137' title='bbox 1939 2042 2001 2137; x_wconf 92' lang='lat' dir='ltr'><strong>qui</strong></span> <span class='ocrx_word' id='word_1_138' title='bbox 2025 2043 2060 2112; x_wconf 94' lang='lat' dir='ltr'><strong>in</strong></span> 
     </span>
     <span class='ocr_line' id='line_1_14' title="bbox 485 2155 2059 2253; baseline 0.004 -29"><span class='ocrx_word' id='word_1_139' title='bbox 485 2155 584 2228; x_wconf 92' lang='lat' dir='ltr'><strong>vobis</strong></span> <span class='ocrx_word' id='word_1_140' title='bbox 603 2172 672 2245; x_wconf 86' lang='lat' dir='ltr'><strong>est,</strong></span> <span class='ocrx_word' id='word_1_141' title='bbox 701 2181 809 2253; x_wconf 89' lang='lat' dir='ltr'><strong>quem</strong></span> <span class='ocrx_word' id='word_1_142' title='bbox 832 2155 969 2228; x_wconf 87' lang='lat' dir='ltr'><strong>habetis</strong></span> <span class='ocrx_word' id='word_1_143' title='bbox 993 2181 1014 2227; x_wconf 86' lang='lat' dir='ltr'><strong>a</strong></span> <span class='ocrx_word' id='word_1_144' title='bbox 1040 2160 1137 2247; x_wconf 92' lang='lat' dir='ltr'><strong>Deo,</strong></span> <span class='ocrx_word' id='word_1_145' title='bbox 1161 2171 1196 2229; x_wconf 92' lang='lat' dir='ltr'><strong>et</strong></span> <span class='ocrx_word' id='word_1_146' title='bbox 1217 2181 1290 2229; x_wconf 93' lang='lat' dir='ltr'><strong>non</strong></span> <span class='ocrx_word' id='word_1_147' title='bbox 1316 2157 1398 2228; x_wconf 88' lang='lat' dir='ltr'><strong>estis</strong></span> <span class='ocrx_word' id='word_1_148' title='bbox 1420 2157 1550 2228; x_wconf 80' lang='lat' dir='ltr'><strong>vestri?</strong></span> <span class='ocrx_word' id='word_1_149' title='bbox 1566 2185 1585 2224; x_wconf 87' lang='lat' dir='ltr'><strong>n</strong></span> <span class='ocrx_word' id='word_1_150' title='bbox 1610 2157 1698 2242; x_wconf 88' lang='lat' dir='ltr'><strong>Quis</strong></span> <span class='ocrx_word' id='word_1_151' title='bbox 1727 2157 1833 2227; x_wconf 87' lang='lat' dir='ltr'><strong>etiam</strong></span> <span class='ocrx_word' id='word_1_152' title='bbox 1858 2155 2059 2230; x_wconf 83' lang='lat' dir='ltr'><strong>divinorum</strong></span> 
     </span>
     <span class='ocr_line' id='line_1_15' title="bbox 483 2276 2060 2376; baseline 0.003 -28"><span class='ocrx_word' id='word_1_153' title='bbox 483 2292 700 2349; x_wconf 89' lang='lat' dir='ltr'><strong>sacramenta</strong></span> <span class='ocrx_word' id='word_1_154' title='bbox 717 2277 994 2368; x_wconf 77' lang='lat' dir='ltr'><strong>beneficiorum,</strong></span> <span class='ocrx_word' id='word_1_155' title='bbox 1013 2302 1092 2375; x_wconf 86' lang='lat' dir='ltr'><strong>quae</strong></span> <span class='ocrx_word' id='word_1_156' title='bbox 1109 2279 1144 2348; x_wconf 90' lang='lat' dir='ltr'><strong>in</strong></span> <span class='ocrx_word' id='word_1_157' title='bbox 1169 2278 1323 2350; x_wconf 85' lang='lat' dir='ltr'><strong>Ecclesia</strong></span> <span class='ocrx_word' id='word_1_158' title='bbox 1341 2277 1449 2366; x_wconf 88' lang='lat' dir='ltr'><strong>liunt,</strong></span> <span class='ocrx_word' id='word_1_159' title='bbox 1470 2278 1668 2376; x_wconf 90' lang='lat' dir='ltr'><strong>operationi</strong></span> <span class='ocrx_word' id='word_1_160' title='bbox 1687 2276 1815 2348; x_wconf 76' lang='lat' dir='ltr'><strong>divium</strong></span> <span class='ocrx_word' id='word_1_161' title='bbox 1831 2279 1968 2374; x_wconf 82' lang='lat' dir='ltr'><strong>gratiae,</strong></span> <span class='ocrx_word' id='word_1_162' title='bbox 1989 2303 2060 2376; x_wconf 93' lang='lat' dir='ltr'><strong>qua</strong></span> 
     </span>
     <span class='ocr_line' id='line_1_16' title="bbox 482 2397 2061 2498; baseline 0.002 -31"><span class='ocrx_word' id='word_1_163' title='bbox 482 2398 629 2494; x_wconf 90' lang='lat' dir='ltr'><strong>Spiritus</strong></span> <span class='ocrx_word' id='word_1_164' title='bbox 648 2413 788 2470; x_wconf 88' lang='lat' dir='ltr'><strong>sanctus</strong></span> <span class='ocrx_word' id='word_1_165' title='bbox 806 2397 1022 2496; x_wconf 86' lang='lat' dir='ltr'><strong>intelligitur,</strong></span> <span class='ocrx_word' id='word_1_166' title='bbox 1043 2400 1175 2470; x_wconf 90' lang='lat' dir='ltr'><strong>nesciat</strong></span> <span class='ocrx_word' id='word_1_167' title='bbox 1192 2398 1388 2496; x_wconf 87' lang='lat' dir='ltr'><strong>specialiter</strong></span> <span class='ocrx_word' id='word_1_168' title='bbox 1406 2397 1582 2470; x_wconf 77' lang='lat' dir='ltr'><strong>adscribi?</strong></span> <span class='ocrx_word' id='word_1_169' title='bbox 1602 2402 1653 2468; x_wconf 84' lang='lat' dir='ltr'><strong>Ex</strong></span> <span class='ocrx_word' id='word_1_170' title='bbox 1670 2421 1762 2494; x_wconf 87' lang='lat' dir='ltr'><strong>aqua</strong></span> <span class='ocrx_word' id='word_1_171' title='bbox 1782 2399 1915 2498; x_wconf 91' lang='lat' dir='ltr'><strong>quippe</strong></span> <span class='ocrx_word' id='word_1_172' title='bbox 1936 2415 1971 2472; x_wconf 90' lang='lat' dir='ltr'><strong>et</strong></span> <span class='ocrx_word' id='word_1_173' title='bbox 1988 2402 2061 2498; x_wconf 92' lang='lat' dir='ltr'><strong>Spi-</strong></span> 
     </span>
     <span class='ocr_line' id='line_1_17' title="bbox 480 2519 2058 2618; baseline 0.001 -28"><span class='ocrx_word' id='word_1_174' title='bbox 480 2519 549 2590; x_wconf 88' lang='lat' dir='ltr'><strong>ritu</strong></span> <span class='ocrx_word' id='word_1_175' title='bbox 574 2535 713 2611; x_wconf 87' lang='lat' dir='ltr'><strong>sancto‚</strong></span> <span class='ocrx_word' id='word_1_176' title='bbox 729 2521 766 2590; x_wconf 91' lang='lat' dir='ltr'><strong>in</strong></span> <span class='ocrx_word' id='word_1_177' title='bbox 785 2520 962 2618; x_wconf 89' lang='lat' dir='ltr'><strong>baptismo</strong></span> <span class='ocrx_word' id='word_1_178' title='bbox 977 2521 1207 2610; x_wconf 89' lang='lat' dir='ltr'><strong>renascimur,</strong></span> <span class='ocrx_word' id='word_1_179' title='bbox 1224 2534 1260 2591; x_wconf 90' lang='lat' dir='ltr'><strong>et</strong></span> <span class='ocrx_word' id='word_1_180' title='bbox 1279 2535 1365 2591; x_wconf 93' lang='lat' dir='ltr'><strong>tunc</strong></span> <span class='ocrx_word' id='word_1_181' title='bbox 1382 2520 1499 2618; x_wconf 86' lang='lat' dir='ltr'><strong>primo</strong></span> <span class='ocrx_word' id='word_1_182' title='bbox 1514 2520 1615 2616; x_wconf 86' lang='lat' dir='ltr'><strong>quasi</strong></span> <span class='ocrx_word' id='word_1_183' title='bbox 1629 2519 1779 2618; x_wconf 89' lang='lat' dir='ltr'><strong>speciale</strong></span> <span class='ocrx_word' id='word_1_184' title='bbox 1792 2521 1967 2617; x_wconf 90' lang='lat' dir='ltr'><strong>templum</strong></span> <span class='ocrx_word' id='word_1_185' title='bbox 1983 2525 2058 2592; x_wconf 89' lang='lat' dir='ltr'><strong>Deo</strong></span> 
     </span>
     <span class='ocr_line' id='line_1_18' title="bbox 480 2636 2058 2736; baseline 0.001 -27"><span class='ocrx_word' id='word_1_186' title='bbox 480 2639 739 2710; x_wconf 88' lang='lat' dir='ltr'><strong>constituimur.</strong></span> <span class='ocrx_word' id='word_1_187' title='bbox 756 2643 796 2709; x_wconf 94' lang='lat' dir='ltr'><strong>ln</strong></span> <span class='ocrx_word' id='word_1_188' title='bbox 811 2640 1119 2712; x_wconf 87' lang='lat' dir='ltr'><strong>consummatione</strong></span> <span class='ocrx_word' id='word_1_189' title='bbox 1132 2663 1276 2736; x_wconf 90' lang='lat' dir='ltr'><strong>quoque</strong></span> <span class='ocrx_word' id='word_1_190' title='bbox 1293 2636 1506 2736; x_wconf 89' lang='lat' dir='ltr'><strong>septiformis</strong></span> <span class='ocrx_word' id='word_1_191' title='bbox 1516 2637 1667 2736; x_wconf 91' lang='lat' dir='ltr'><strong>Spiritus</strong></span> <span class='ocrx_word' id='word_1_192' title='bbox 1679 2639 1788 2734; x_wconf 83' lang='lat' dir='ltr'><strong>gratia</strong></span> <span class='ocrx_word' id='word_1_193' title='bbox 1801 2637 1964 2728; x_wconf 89' lang='lat' dir='ltr'><strong>traditur,</strong></span> <span class='ocrx_word' id='word_1_194' title='bbox 1981 2642 2058 2736; x_wconf 90' lang='lat' dir='ltr'><strong>qui·</strong></span> 
     </span>
     <span class='ocr_line' id='line_1_19' title="bbox 479 2756 2059 2858; baseline 0.002 -31"><span class='ocrx_word' id='word_1_195' title='bbox 479 2757 545 2829; x_wconf 89' lang='lat' dir='ltr'><strong>bns</strong></span> <span class='ocrx_word' id='word_1_196' title='bbox 559 2759 677 2857; x_wconf 89' lang='lat' dir='ltr'><strong>ipsum</strong></span> <span class='ocrx_word' id='word_1_197' title='bbox 692 2759 756 2830; x_wconf 83' lang='lat' dir='ltr'><strong>[lei</strong></span> <span class='ocrx_word' id='word_1_198' title='bbox 768 2759 943 2858; x_wconf 90' lang='lat' dir='ltr'><strong>templum</strong></span> <span class='ocrx_word' id='word_1_199' title='bbox 960 2759 1155 2830; x_wconf 90' lang='lat' dir='ltr'><strong>adornatur</strong></span> <span class='ocrx_word' id='word_1_200' title='bbox 1171 2773 1277 2855; x_wconf 89' lang='lat' dir='ltr'><strong>atque</strong></span> <span class='ocrx_word' id='word_1_201' title='bbox 1296 2756 1492 2829; x_wconf 83' lang='lat' dir='ltr'><strong>dedicatur.</strong></span> <span class='ocrx_word' id='word_1_202' title='bbox 1513 2756 1609 2843; x_wconf 90' lang='lat' dir='ltr'><strong>Quid</strong></span> <span class='ocrx_word' id='word_1_203' title='bbox 1627 2781 1713 2853; x_wconf 85' lang='lat' dir='ltr'><strong>ergo</strong></span> <span class='ocrx_word' id='word_1_204' title='bbox 1727 2757 1874 2846; x_wconf 90' lang='lat' dir='ltr'><strong>mirum,</strong></span> <span class='ocrx_word' id='word_1_205' title='bbox 1889 2758 1919 2826; x_wconf 91' lang='lat' dir='ltr'><strong>si</strong></span> <span class='ocrx_word' id='word_1_206' title='bbox 1934 2759 1966 2829; x_wconf 89' lang='lat' dir='ltr'><strong>ei</strong></span> <span class='ocrx_word' id='word_1_207' title='bbox 1979 2783 2059 2854; x_wconf 89' lang='lat' dir='ltr'><strong>per-</strong></span> 
     </span>
     <span class='ocr_line' id='line_1_20' title="bbox 478 2871 2057 2976; baseline 0.001 -30"><span class='ocrx_word' id='word_1_208' title='bbox 478 2899 573 2947; x_wconf 86' lang='lat' dir='ltr'><strong>sonae</strong></span> <span class='ocrx_word' id='word_1_209' title='bbox 591 2877 648 2947; x_wconf 92' lang='lat' dir='ltr'><strong>cui</strong></span> <span class='ocrx_word' id='word_1_210' title='bbox 672 2876 869 2976; x_wconf 88' lang='lat' dir='ltr'><strong>specialiter</strong></span> <span class='ocrx_word' id='word_1_211' title='bbox 886 2876 1066 2976; x_wconf 84' lang='lat' dir='ltr'><strong>spirituale</strong></span> <span class='ocrx_word' id='word_1_212' title='bbox 1085 2876 1258 2974; x_wconf 90' lang='lat' dir='ltr'><strong>templum</strong></span> <span class='ocrx_word' id='word_1_213' title='bbox 1273 2874 1455 2974; x_wconf 90' lang='lat' dir='ltr'><strong>apostolus</strong></span> <span class='ocrx_word' id='word_1_214' title='bbox 1467 2874 1608 2964; x_wconf 92' lang='lat' dir='ltr'><strong>tribuit,</strong></span> <span class='ocrx_word' id='word_1_215' title='bbox 1625 2897 1692 2946; x_wconf 92' lang='lat' dir='ltr'><strong>nos</strong></span> <span class='ocrx_word' id='word_1_216' title='bbox 1705 2871 1889 2971; x_wconf 88' lang='lat' dir='ltr'><strong>corporale</strong></span> <span class='ocrx_word' id='word_1_217' title='bbox 1903 2874 2057 2970; x_wconf 85' lang='lat' dir='ltr'><strong>assigne-</strong></span> 
     </span>
     <span class='ocr_line' id='line_1_21' title="bbox 477 2993 2056 3096; baseline 0.002 -32"><span class='ocrx_word' id='word_1_218' title='bbox 477 2996 577 3066; x_wconf 83' lang='lat' dir='ltr'><strong>mus?</strong></span> <span class='ocrx_word' id='word_1_219' title='bbox 594 3000 662 3066; x_wconf 80' lang='lat' dir='ltr'><strong>Aut</strong></span> <span class='ocrx_word' id='word_1_220' title='bbox 681 2997 782 3093; x_wconf 89' lang='lat' dir='ltr'><strong>cujus</strong></span> <span class='ocrx_word' id='word_1_221' title='bbox 793 3022 953 3096; x_wconf 86' lang='lat' dir='ltr'><strong>personae</strong></span> <span class='ocrx_word' id='word_1_222' title='bbox 964 2998 1093 3068; x_wconf 91' lang='lat' dir='ltr'><strong>rectius</strong></span> <span class='ocrx_word' id='word_1_223' title='bbox 1107 2995 1252 3068; x_wconf 84' lang='lat' dir='ltr'><strong>ecclesia</strong></span> <span class='ocrx_word' id='word_1_224' title='bbox 1266 3019 1342 3066; x_wconf 89' lang='lat' dir='ltr'><strong>esse</strong></span> <span class='ocrx_word' id='word_1_225' title='bbox 1360 2994 1502 3084; x_wconf 90' lang='lat' dir='ltr'><strong>dicitur,</strong></span> <span class='ocrx_word' id='word_1_226' title='bbox 1519 3017 1627 3091; x_wconf 88' lang='lat' dir='ltr'><strong>quam</strong></span> <span class='ocrx_word' id='word_1_227' title='bbox 1646 2994 1722 3091; x_wconf 85' lang='lat' dir='ltr'><strong>ejus</strong></span> <span class='ocrx_word' id='word_1_228' title='bbox 1738 2993 1839 3088; x_wconf 91' lang='lat' dir='ltr'><strong>cujus</strong></span> <span class='ocrx_word' id='word_1_229' title='bbox 1857 2995 2056 3091; x_wconf 87' lang='lat' dir='ltr'><strong>operationi</strong></span> 
     </span>
     <span class='ocr_line' id='line_1_22' title="bbox 477 3111 2056 3212; baseline 0 -27"><span class='ocrx_word' id='word_1_230' title='bbox 477 3129 605 3186; x_wconf 86' lang='lat' dir='ltr'><strong>cuncta</strong></span> <span class='ocrx_word' id='word_1_231' title='bbox 635 3141 714 3212; x_wconf 84' lang='lat' dir='ltr'><strong>quae</strong></span> <span class='ocrx_word' id='word_1_232' title='bbox 747 3117 785 3185; x_wconf 93' lang='lat' dir='ltr'><strong>in</strong></span> <span class='ocrx_word' id='word_1_233' title='bbox 824 3115 970 3186; x_wconf 88' lang='lat' dir='ltr'><strong>ccclesia</strong></span> <span class='ocrx_word' id='word_1_234' title='bbox 1003 3116 1248 3186; x_wconf 87' lang='lat' dir='ltr'><strong>ministrantur</strong></span> <span class='ocrx_word' id='word_1_235' title='bbox 1275 3111 1449 3185; x_wconf 85' lang='lat' dir='ltr'><strong>beneficia</strong></span> <span class='ocrx_word' id='word_1_236' title='bbox 1481 3112 1678 3211; x_wconf 87' lang='lat' dir='ltr'><strong>specialiter</strong></span> <span class='ocrx_word' id='word_1_237' title='bbox 1707 3113 1951 3208; x_wconf 80' lang='lat' dir='ltr'><strong>assignantur?</strong></span> <span class='ocrx_word' id='word_1_238' title='bbox 1977 3118 2056 3185; x_wconf 90' lang='lat' dir='ltr'><strong>Non</strong></span> 
     </span>
     <span class='ocr_line' id='line_1_23' title="bbox 478 3231 2056 3332; baseline 0.001 -29"><span class='ocrx_word' id='word_1_239' title='bbox 478 3247 596 3305; x_wconf 86' lang='lat' dir='ltr'><strong>tamen</strong></span> <span class='ocrx_word' id='word_1_240' title='bbox 618 3233 689 3304; x_wconf 92' lang='lat' dir='ltr'><strong>hoc</strong></span> <span class='ocrx_word' id='word_1_241' title='bbox 714 3236 762 3306; x_wconf 89' lang='lat' dir='ltr'><strong>ita</strong></span> <span class='ocrx_word' id='word_1_242' title='bbox 783 3234 1019 3329; x_wconf 84' lang='lat' dir='ltr'><strong>conjicimus⁸,</strong></span> <span class='ocrx_word' id='word_1_243' title='bbox 1052 3248 1090 3305; x_wconf 92' lang='lat' dir='ltr'><strong>nt</strong></span> <span class='ocrx_word' id='word_1_244' title='bbox 1116 3257 1228 3330; x_wconf 90' lang='lat' dir='ltr'><strong>quum</strong></span> <span class='ocrx_word' id='word_1_245' title='bbox 1251 3231 1470 3304; x_wconf 86' lang='lat' dir='ltr'><strong>Paracletum</strong></span> <span class='ocrx_word' id='word_1_246' title='bbox 1488 3233 1606 3332; x_wconf 89' lang='lat' dir='ltr'><strong>primo</strong></span> <span class='ocrx_word' id='word_1_247' title='bbox 1628 3247 1789 3303; x_wconf 89' lang='lat' dir='ltr'><strong>nostrum</strong></span> <span class='ocrx_word' id='word_1_248' title='bbox 1813 3234 2056 3305; x_wconf 87' lang='lat' dir='ltr'><strong>vocaverimus</strong></span> 
     </span>
     <span class='ocr_line' id='line_1_24' title="bbox 478 3350 2055 3452; baseline 0.001 -30"><span class='ocrx_word' id='word_1_249' title='bbox 478 3354 690 3444; x_wconf 88' lang='lat' dir='ltr'><strong>oratorium,</strong></span> <span class='ocrx_word' id='word_1_250' title='bbox 714 3353 776 3425; x_wconf 91' lang='lat' dir='ltr'><strong>uni</strong></span> <span class='ocrx_word' id='word_1_251' title='bbox 796 3353 913 3450; x_wconf 92' lang='lat' dir='ltr'><strong>ipsum</strong></span> <span class='ocrx_word' id='word_1_252' title='bbox 938 3377 1098 3452; x_wconf 89' lang='lat' dir='ltr'><strong>personae</strong></span> <span class='ocrx_word' id='word_1_253' title='bbox 1126 3377 1193 3423; x_wconf 90' lang='lat' dir='ltr'><strong>nos</strong></span> <span class='ocrx_word' id='word_1_254' title='bbox 1218 3350 1354 3423; x_wconf 87' lang='lat' dir='ltr'><strong>dicasse</strong></span> <span class='ocrx_word' id='word_1_255' title='bbox 1382 3351 1572 3443; x_wconf 74' lang='lat' dir='ltr'><strong>fateamur,</strong></span> <span class='ocrx_word' id='word_1_256' title='bbox 1596 3350 1660 3423; x_wconf 90' lang='lat' dir='ltr'><strong>sed</strong></span> <span class='ocrx_word' id='word_1_257' title='bbox 1681 3364 1829 3448; x_wconf 90' lang='lat' dir='ltr'><strong>propter</strong></span> <span class='ocrx_word' id='word_1_258' title='bbox 1846 3373 1925 3422; x_wconf 90' lang='lat' dir='ltr'><strong>eam</strong></span> <span class='ocrx_word' id='word_1_259' title='bbox 1947 3373 2055 3447; x_wconf 88' lang='lat' dir='ltr'><strong>quam</strong></span> 
     </span>
     <span class='ocr_line' id='line_1_25' title="bbox 477 3467 2055 3569; baseline 0 -29"><span class='ocrx_word' id='word_1_260' title='bbox 477 3495 583 3569; x_wconf 89' lang='lat' dir='ltr'><strong>supra</strong></span> <span class='ocrx_word' id='word_1_261' title='bbox 611 3469 833 3543; x_wconf 87' lang='lat' dir='ltr'><strong>reddidimus</strong></span> <span class='ocrx_word' id='word_1_262' title='bbox 856 3495 1018 3562; x_wconf 86' lang='lat' dir='ltr'><strong>causam,</strong></span> <span class='ocrx_word' id='word_1_263' title='bbox 1044 3471 1081 3542; x_wconf 92' lang='lat' dir='ltr'><strong>in</strong></span> <span class='ocrx_word' id='word_1_264' title='bbox 1104 3470 1314 3542; x_wconf 90' lang='lat' dir='ltr'><strong>memoriam</strong></span> <span class='ocrx_word' id='word_1_265' title='bbox 1340 3468 1472 3542; x_wconf 85' lang='lat' dir='ltr'><strong>scilicet</strong></span> <span class='ocrx_word' id='word_1_266' title='bbox 1491 3483 1620 3542; x_wconf 87' lang='lat' dir='ltr'><strong>nostrae</strong></span> <span class='ocrx_word' id='word_1_267' title='bbox 1642 3467 1917 3559; x_wconf 89' lang='lat' dir='ltr'><strong>consolationis,</strong></span> <span class='ocrx_word' id='word_1_268' title='bbox 1944 3491 2055 3565; x_wconf 88' lang='lat' dir='ltr'><strong>quan·</strong></span> 
     </span>
     <span class='ocr_line' id='line_1_26' title="bbox 477 3587 2053 3688; baseline -0.002 -26"><span class='ocrx_word' id='word_1_269' title='bbox 477 3614 583 3686; x_wconf 86' lang='lat' dir='ltr'><strong>qnam</strong></span> <span class='ocrx_word' id='word_1_270' title='bbox 599 3592 627 3663; x_wconf 90' lang='lat' dir='ltr'><strong>si</strong></span> <span class='ocrx_word' id='word_1_271' title='bbox 641 3591 702 3662; x_wconf 93' lang='lat' dir='ltr'><strong>illo</strong></span> <span class='ocrx_word' id='word_1_272' title='bbox 716 3615 877 3688; x_wconf 91' lang='lat' dir='ltr'><strong>quoque,</strong></span> <span class='ocrx_word' id='word_1_273' title='bbox 892 3615 966 3688; x_wconf 89' lang='lat' dir='ltr'><strong>qno</strong></span> <span class='ocrx_word' id='word_1_274' title='bbox 985 3589 1153 3681; x_wconf 86' lang='lat' dir='ltr'><strong>creditur,</strong></span> <span class='ocrx_word' id='word_1_275' title='bbox 1168 3588 1279 3660; x_wconf 92' lang='lat' dir='ltr'><strong>modo</strong></span> <span class='ocrx_word' id='word_1_276' title='bbox 1293 3587 1331 3660; x_wconf 93' lang='lat' dir='ltr'><strong>id</strong></span> <span class='ocrx_word' id='word_1_277' title='bbox 1346 3589 1565 3680; x_wconf 83' lang='lat' dir='ltr'><strong>fecissemus,</strong></span> <span class='ocrx_word' id='word_1_278' title='bbox 1580 3611 1655 3660; x_wconf 92' lang='lat' dir='ltr'><strong>non</strong></span> <span class='ocrx_word' id='word_1_279' title='bbox 1668 3590 1773 3660; x_wconf 78' lang='lat' dir='ltr'><strong>esset⁷</strong></span> <span class='ocrx_word' id='word_1_280' title='bbox 1786 3587 1915 3659; x_wconf 89' lang='lat' dir='ltr'><strong>rationi</strong></span> <span class='ocrx_word' id='word_1_281' title='bbox 1928 3587 2053 3660; x_wconf 80' lang='lat' dir='ltr'><strong>adver·</strong></span> 
     </span>
     <span class='ocr_line' id='line_1_27' title="bbox 476 3709 1193 3808; baseline 0.001 -28"><span class='ocrx_word' id='word_1_282' title='bbox 476 3733 575 3802; x_wconf 89' lang='lat' dir='ltr'><strong>sum,</strong></span> <span class='ocrx_word' id='word_1_283' title='bbox 596 3710 678 3783; x_wconf 87' lang='lat' dir='ltr'><strong>licet</strong></span> <span class='ocrx_word' id='word_1_284' title='bbox 693 3709 942 3784; x_wconf 87' lang='lat' dir='ltr'><strong>consuetudini</strong></span> <span class='ocrx_word' id='word_1_285' title='bbox 959 3711 1193 3808; x_wconf 80' lang='lat' dir='ltr'><strong>incognitum.</strong></span> 
     </span>
     <span class='ocr_line' id='line_1_28' title="bbox 295 3828 2052 3929; baseline -0.002 -28"><span class='ocrx_word' id='word_1_286' title='bbox 295 3869 348 3902; x_wconf 74' lang='lat' dir='ltr'><strong>cn.</strong></span> <span class='ocrx_word' id='word_1_287' title='bbox 366 3869 408 3903; x_wconf 73' lang='lat' dir='ltr'><strong>n.</strong></span> <span class='ocrx_word' id='word_1_288' title='bbox 523 3834 600 3903; x_wconf 90' lang='lat' dir='ltr'><strong>Hoc</strong></span> <span class='ocrx_word' id='word_1_289' title='bbox 624 3847 741 3904; x_wconf 90' lang='lat' dir='ltr'><strong>autem</strong></span> <span class='ocrx_word' id='word_1_290' title='bbox 769 3832 850 3904; x_wconf 89' lang='lat' dir='ltr'><strong>loco</strong></span> <span class='ocrx_word' id='word_1_291' title='bbox 878 3857 936 3904; x_wconf 90' lang='lat' dir='ltr'><strong>me</strong></span> <span class='ocrx_word' id='word_1_292' title='bbox 963 3855 1114 3929; x_wconf 88' lang='lat' dir='ltr'><strong>corpore</strong></span> <span class='ocrx_word' id='word_1_293' title='bbox 1139 3831 1314 3921; x_wconf 88' lang='lat' dir='ltr'><strong>latitante,</strong></span> <span class='ocrx_word' id='word_1_294' title='bbox 1344 3829 1408 3902; x_wconf 88' lang='lat' dir='ltr'><strong>sed</strong></span> <span class='ocrx_word' id='word_1_295' title='bbox 1437 3830 1530 3902; x_wconf 90' lang='lat' dir='ltr'><strong>fama</strong></span> <span class='ocrx_word' id='word_1_296' title='bbox 1550 3844 1635 3901; x_wconf 90' lang='lat' dir='ltr'><strong>tunc</strong></span> <span class='ocrx_word' id='word_1_297' title='bbox 1662 3828 1833 3900; x_wconf 82' lang='lat' dir='ltr'><strong>maxime⁸</strong></span> <span class='ocrx_word' id='word_1_298' title='bbox 1849 3828 2052 3900; x_wconf 86' lang='lat' dir='ltr'><strong>universum</strong></span> 
     </span>
     <span class='ocr_line' id='line_1_29' title="bbox 258 3917 1952 3982; baseline 0 -16"><span class='ocrx_word' id='word_1_299' title='bbox 258 3917 451 3982; x_wconf 83' lang='lat' dir='ltr'><strong>beperaecutio-</strong></span> <span class='ocrx_word' id='word_1_300' title='bbox 1060 3954 1066 3967; x_wconf 92' lang='lat'><em>.</em></span> <span class='ocrx_word' id='word_1_301' title='bbox 1098 3952 1104 3967; x_wconf 92' lang='lat'>.</span> <span class='ocrx_word' id='word_1_302' title='bbox 1262 3951 1269 3966; x_wconf 90' lang='lat'><em>.</em></span> <span class='ocrx_word' id='word_1_303' title='bbox 1295 3950 1303 3966; x_wconf 85' lang='lat'><strong><em>.</em></strong></span> <span class='ocrx_word' id='word_1_304' title='bbox 1477 3951 1485 3966; x_wconf 91' lang='lat'><strong>.</strong></span> <span class='ocrx_word' id='word_1_305' title='bbox 1790 3949 1797 3964; x_wconf 90' lang='lat'><strong>.</strong></span> <span class='ocrx_word' id='word_1_306' title='bbox 1823 3949 1830 3964; x_wconf 90' lang='lat'><strong>.</strong></span> <span class='ocrx_word' id='word_1_307' title='bbox 1945 3949 1952 3966; x_wconf 89' lang='lat'><strong>.</strong></span> 
     </span>
     <span class='ocr_line' id='line_1_30' title="bbox 274 3947 2053 4051; baseline -0.001 -31"><span class='ocrx_word' id='word_1_308' title='bbox 274 3997 434 4049; x_wconf 58' lang='lat' dir='ltr'><strong>„qum</strong></span> <span class='ocrx_word' id='word_1_309' title='bbox 476 3951 651 4022; x_wconf 89' lang='lat' dir='ltr'><strong>mundum</strong></span> <span class='ocrx_word' id='word_1_310' title='bbox 677 3949 964 4051; x_wconf 87' lang='lat' dir='ltr'><strong>perambulante,</strong></span> <span class='ocrx_word' id='word_1_311' title='bbox 997 3967 1032 4022; x_wconf 91' lang='lat' dir='ltr'><strong>et</strong></span> <span class='ocrx_word' id='word_1_312' title='bbox 1058 3951 1150 4023; x_wconf 81' lang='lat' dir='ltr'><strong>tllrus</strong></span> <span class='ocrx_word' id='word_1_313' title='bbox 1176 3965 1306 4048; x_wconf 86' lang='lat' dir='ltr'><strong>poetrcr</strong></span> <span class='ocrx_word' id='word_1_314' title='bbox 1329 3949 1488 4048; x_wconf 76' lang='lat' dir='ltr'><strong>figmenta</strong></span> <span class='ocrx_word' id='word_1_315' title='bbox 1514 3949 1614 4047; x_wconf 93' lang='lat' dir='ltr'><strong>quod</strong></span> <span class='ocrx_word' id='word_1_316' title='bbox 1636 3949 1735 4020; x_wconf 86' lang='lat' dir='ltr'><strong>Echo</strong></span> <span class='ocrx_word' id='word_1_317' title='bbox 1762 3947 1915 4020; x_wconf 76' lang='lat' dir='ltr'><strong>dtcrtur⁸</strong></span> <span class='ocrx_word' id='word_1_318' title='bbox 1943 3962 2053 4020; x_wconf 71' lang='lat' dir='ltr'><strong>instar</strong></span> 
     </span>
     <span class='ocr_line' id='line_1_31' title="bbox 291 4047 2048 4169; baseline -0.003 -27"><span class='ocrx_word' id='word_1_319' title='bbox 291 4047 422 4113; x_wconf 58' lang='lat' dir='ltr'><strong>‘¹qu</strong></span> <span class='ocrx_word' id='word_1_320' title='bbox 477 4072 617 4167; x_wconf 92' lang='lat' dir='ltr'><strong>penitus</strong></span> <span class='ocrx_word' id='word_1_321' title='bbox 633 4074 850 4163; x_wconf 58' lang='lat' dir='ltr'><strong>recinentem,</strong></span> <span class='ocrx_word' id='word_1_322' title='bbox 874 4071 972 4169; x_wconf 90' lang='lat' dir='ltr'><strong>quod</strong></span> <span class='ocrx_word' id='word_1_323' title='bbox 996 4071 1157 4143; x_wconf 88' lang='lat' dir='ltr'><strong>videlicet</strong></span> <span class='ocrx_word' id='word_1_324' title='bbox 1174 4069 1369 4168; x_wconf 87' lang='lat' dir='ltr'><strong>plurimum</strong></span> <span class='ocrx_word' id='word_1_325' title='bbox 1388 4071 1486 4142; x_wconf 86' lang='lat' dir='ltr'><strong>vocis</strong></span> <span class='ocrx_word' id='word_1_326' title='bbox 1507 4068 1673 4159; x_wconf 87' lang='lat' dir='ltr'><strong>babeat¹¹,</strong></span> <span class='ocrx_word' id='word_1_327' title='bbox 1697 4069 1760 4140; x_wconf 87' lang='lat' dir='ltr'><strong>sed</strong></span> <span class='ocrx_word' id='word_1_328' title='bbox 1785 4067 1874 4140; x_wconf 90' lang='lat' dir='ltr'><strong>nihil</strong></span> <span class='ocrx_word' id='word_1_329' title='bbox 1900 4065 2048 4138; x_wconf 87' lang='lat' dir='ltr'><strong>subest:</strong></span> 
     </span>
    </p>
   </div>
   <div class='ocr_carea' id='block_1_3' title="bbox 257 4126 454 4180">
    <p class='ocr_par' dir='ltr' id='par_1_3' title="bbox 257 4126 454 4180">
     <span class='ocr_line' id='line_1_32' title="bbox 257 4126 454 4180; baseline 0.02 -21"><span class='ocrx_word' id='word_1_330' title='bbox 257 4126 373 4162; x_wconf 78' lang='lat' dir='ltr'><strong>notorum</strong></span> <span class='ocrx_word' id='word_1_331' title='bbox 395 4129 454 4180; x_wconf 68' lang='lat' dir='ltr'><strong>apd·</strong></span> 
     </span>
    </p>
   </div>
   <div class='ocr_carea' id='block_1_4' title="bbox 278 4177 2053 4294">
    <p class='ocr_par' dir='ltr' id='par_1_4' title="bbox 278 4177 2053 4294">
     <span class='ocr_line' id='line_1_33' title="bbox 278 4177 2053 4294; baseline -0.001 -36"><span class='ocrx_word' id='word_1_332' title='bbox 278 4177 393 4294; x_wconf 54' lang='lat' dir='ltr'><strong>soffia</strong></span> <span class='ocrx_word' id='word_1_333' title='bbox 405 4182 429 4229; x_wconf 67' lang='lat'><strong>”²</strong></span> <span class='ocrx_word' id='word_1_334' title='bbox 476 4193 612 4290; x_wconf 88' lang='lat' dir='ltr'><strong>priores</strong></span> <span class='ocrx_word' id='word_1_335' title='bbox 631 4193 760 4284; x_wconf 88' lang='lat' dir='ltr'><strong>aemuli,</strong></span> <span class='ocrx_word' id='word_1_336' title='bbox 779 4217 891 4291; x_wconf 90' lang='lat' dir='ltr'><strong>quum</strong></span> <span class='ocrx_word' id='word_1_337' title='bbox 912 4217 1029 4290; x_wconf 88' lang='lat' dir='ltr'><strong>perse</strong></span> <span class='ocrx_word' id='word_1_338' title='bbox 1046 4193 1121 4288; x_wconf 89' lang='lat' dir='ltr'><strong>jam</strong></span> <span class='ocrx_word' id='word_1_339' title='bbox 1133 4191 1252 4260; x_wconf 91' lang='lat' dir='ltr'><strong>minus</strong></span> <span class='ocrx_word' id='word_1_340' title='bbox 1268 4189 1442 4279; x_wconf 88' lang='lat' dir='ltr'><strong>valerent,</strong></span> <span class='ocrx_word' id='word_1_341' title='bbox 1462 4187 1637 4286; x_wconf 86' lang='lat' dir='ltr'><strong>quosdam</strong></span> <span class='ocrx_word' id='word_1_342' title='bbox 1656 4187 1845 4260; x_wconf 87' lang='lat' dir='ltr'><strong>adversum</strong></span> <span class='ocrx_word' id='word_1_343' title='bbox 1861 4209 1919 4256; x_wconf 91' lang='lat' dir='ltr'><strong>me</strong></span> <span class='ocrx_word' id='word_1_344' title='bbox 1937 4206 2053 4256; x_wconf 87' lang='lat' dir='ltr'><strong>novos</strong></span> 
     </span>
    </p>
   </div>
   <div class='ocr_carea' id='block_1_5' title="bbox 474 4303 2053 4653">
    <p class='ocr_par' dir='ltr' id='par_1_5' title="bbox 474 4303 2053 4653">
     <span class='ocr_line' id='line_1_34' title="bbox 476 4303 2053 4412; baseline -0.006 -28"><span class='ocrx_word' id='word_1_345' title='bbox 476 4313 674 4412; x_wconf 87' lang='lat' dir='ltr'><strong>apostolos,</strong></span> <span class='ocrx_word' id='word_1_346' title='bbox 707 4313 836 4411; x_wconf 85' lang='lat' dir='ltr'><strong>quibus</strong></span> <span class='ocrx_word' id='word_1_347' title='bbox 867 4313 1023 4384; x_wconf 90' lang='lat' dir='ltr'><strong>mundus</strong></span> <span class='ocrx_word' id='word_1_348' title='bbox 1053 4310 1247 4409; x_wconf 89' lang='lat' dir='ltr'><strong>plurimum</strong></span> <span class='ocrx_word' id='word_1_349' title='bbox 1276 4307 1462 4399; x_wconf 87' lang='lat' dir='ltr'><strong>credebat,</strong></span> <span class='ocrx_word' id='word_1_350' title='bbox 1488 4307 1748 4397; x_wconf 73' lang='lat' dir='ltr'><strong>excitaverunt,</strong></span> <span class='ocrx_word' id='word_1_351' title='bbox 1783 4327 1938 4401; x_wconf 89' lang='lat' dir='ltr'><strong>qnorum</strong></span> <span class='ocrx_word' id='word_1_352' title='bbox 1965 4303 2053 4376; x_wconf 87' lang='lat' dir='ltr'><strong>alter</strong></span> 
     </span>
     <span class='ocr_line' id='line_1_35' title="bbox 475 4423 2047 4531; baseline -0.007 -28"><span class='ocrx_word' id='word_1_353' title='bbox 475 4435 686 4531; x_wconf 82' lang='lat' dir='ltr'><strong>regularium</strong></span> <span class='ocrx_word' id='word_1_354' title='bbox 705 4433 961 4506; x_wconf 89' lang='lat' dir='ltr'><strong>canonicorum</strong></span> <span class='ocrx_word' id='word_1_355' title='bbox 977 4433 1105 4520; x_wconf 89' lang='lat' dir='ltr'><strong>vitam,</strong></span> <span class='ocrx_word' id='word_1_356' title='bbox 1125 4429 1212 4501; x_wconf 89' lang='lat' dir='ltr'><strong>alter</strong></span> <span class='ocrx_word' id='word_1_357' title='bbox 1230 4427 1490 4500; x_wconf 89' lang='lat' dir='ltr'><strong>monachorum</strong></span> <span class='ocrx_word' id='word_1_358' title='bbox 1504 4451 1541 4498; x_wconf 86' lang='lat' dir='ltr'><strong>se</strong></span> <span class='ocrx_word' id='word_1_359' title='bbox 1556 4427 1777 4500; x_wconf 85' lang='lat' dir='ltr'><strong>resuscitasse</strong></span> <span class='ocrx_word' id='word_1_360' title='bbox 1795 4423 2047 4521; x_wconf 36' lang='lat' dir='ltr'><strong>gloriabatur&amp;</strong></span> 
     </span>
     <span class='ocr_line' id='line_1_36' title="bbox 474 4546 2052 4653; baseline -0.008 -27"><span class='ocrx_word' id='word_1_361' title='bbox 474 4556 517 4626; x_wconf 90' lang='lat' dir='ltr'><strong>lli</strong></span> <span class='ocrx_word' id='word_1_362' title='bbox 535 4555 761 4653; x_wconf 69' lang='lat' dir='ltr'><strong>praedicando</strong></span> <span class='ocrx_word' id='word_1_363' title='bbox 781 4579 846 4652; x_wconf 89' lang='lat' dir='ltr'><strong>per</strong></span> <span class='ocrx_word' id='word_1_364' title='bbox 863 4551 1039 4625; x_wconf 91' lang='lat' dir='ltr'><strong>mundum</strong></span> <span class='ocrx_word' id='word_1_365' title='bbox 1053 4549 1308 4638; x_wconf 88' lang='lat' dir='ltr'><strong>discurrentes,</strong></span> <span class='ocrx_word' id='word_1_366' title='bbox 1327 4563 1363 4620; x_wconf 88' lang='lat' dir='ltr'><strong>et</strong></span> <span class='ocrx_word' id='word_1_367' title='bbox 1375 4573 1433 4620; x_wconf 90' lang='lat' dir='ltr'><strong>me</strong></span> <span class='ocrx_word' id='word_1_368' title='bbox 1450 4546 1678 4646; x_wconf 89' lang='lat' dir='ltr'><strong>impudenter</strong></span> <span class='ocrx_word' id='word_1_369' title='bbox 1694 4557 1869 4642; x_wconf 89' lang='lat' dir='ltr'><strong>quantum</strong></span> <span class='ocrx_word' id='word_1_370' title='bbox 1887 4557 2052 4641; x_wconf 88' lang='lat' dir='ltr'><strong>poterant</strong></span> 
     </span>
    </p>
   </div>
   <div class='ocr_carea' id='block_1_6' title="bbox 473 4662 2051 4770">
    <p class='ocr_par' dir='ltr' id='par_1_6' title="bbox 473 4662 2051 4770">
     <span class='ocr_line' id='line_1_37' title="bbox 473 4662 2051 4770; baseline -0.006 -27"><span class='ocrx_word' id='word_1_371' title='bbox 473 4673 724 4765; x_wconf 89' lang='lat' dir='ltr'><strong>corrodentes,</strong></span> <span class='ocrx_word' id='word_1_372' title='bbox 745 4697 820 4744; x_wconf 93' lang='lat' dir='ltr'><strong>non</strong></span> <span class='ocrx_word' id='word_1_373' title='bbox 847 4671 1013 4770; x_wconf 59' lang='lat' dir='ltr'><strong>modicel</strong></span> <span class='ocrx_word' id='word_1_374' title='bbox 1031 4686 1102 4742; x_wconf 90' lang='lat' dir='ltr'><strong>tam</strong></span> <span class='ocrx_word' id='word_1_375' title='bbox 1125 4669 1366 4742; x_wconf 89' lang='lat' dir='ltr'><strong>ecclesiasticis</strong></span> <span class='ocrx_word' id='word_1_376' title='bbox 1387 4668 1600 4766; x_wconf 89' lang='lat' dir='ltr'><strong>quibusdam</strong></span> <span class='ocrx_word' id='word_1_377' title='bbox 1618 4689 1727 4764; x_wconf 91' lang='lat' dir='ltr'><strong>quam</strong></span> <span class='ocrx_word' id='word_1_378' title='bbox 1751 4662 1968 4737; x_wconf 86' lang='lat' dir='ltr'><strong>secularibus</strong></span> <span class='ocrx_word' id='word_1_379' title='bbox 1987 4687 2051 4758; x_wconf 90' lang='lat' dir='ltr'><strong>po·</strong></span> 
     </span>
    </p>
   </div>
   <div class='ocr_carea' id='block_1_7' title="bbox 474 4915 2051 5168">
    <p class='ocr_par' dir='ltr' id='par_1_7' title="bbox 474 4915 2051 5168">
     <span class='ocr_line' id='line_1_38' title="bbox 508 4915 2048 4996; baseline -0.016 -8"><span class='ocrx_word' id='word_1_380' title='bbox 508 4939 515 4964; x_wconf 83' lang='lat'>⁴</span> <span class='ocrx_word' id='word_1_381' title='bbox 527 4937 568 4988; x_wconf 78' lang='lat' dir='ltr'><strong>stc</strong></span> <span class='ocrx_word' id='word_1_382' title='bbox 580 4937 630 4988; x_wconf 85' lang='lat' dir='ltr'><strong>tts.</strong></span> <span class='ocrx_word' id='word_1_383' title='bbox 645 4935 846 4987; x_wconf 30' lang='lat' dir='ltr'><strong>Amba-Factum</strong></span> <span class='ocrx_word' id='word_1_384' title='bbox 857 4933 921 4985; x_wconf 85' lang='lat' dir='ltr'><strong>Edit.</strong></span> <span class='ocrx_word' id='word_1_385' title='bbox 932 4933 1003 4985; x_wconf 78' lang='lat' dir='ltr'><strong>lmb.</strong></span> <span class='ocrx_word' id='word_1_386' title='bbox 1014 4961 1043 4972; x_wconf 91' lang='lat'><strong>-·</strong></span> <span class='ocrx_word' id='word_1_387' title='bbox 1053 4932 1064 4960; x_wconf 79' lang='lat'>&#39;</span> <span class='ocrx_word' id='word_1_388' title='bbox 1074 4933 1201 4996; x_wconf 61' lang='lat' dir='ltr'><strong>Discipulo</strong></span> <span class='ocrx_word' id='word_1_389' title='bbox 1213 4931 1242 4982; x_wconf 80' lang='lat' dir='ltr'><strong>l).</strong></span> <span class='ocrx_word' id='word_1_390' title='bbox 1274 4929 1325 4981; x_wconf 89' lang='lat' dir='ltr'><strong>llS.</strong></span> <span class='ocrx_word' id='word_1_391' title='bbox 1341 4928 1411 4980; x_wconf 81' lang='lat' dir='ltr'><strong>tmb.</strong></span> <span class='ocrx_word' id='word_1_392' title='bbox 1420 4949 1454 4967; x_wconf 85' lang='lat'><strong>··-</strong></span> <span class='ocrx_word' id='word_1_393' title='bbox 1465 4927 1475 4956; x_wconf 85' lang='lat'>⁸</span> <span class='ocrx_word' id='word_1_394' title='bbox 1488 4927 1529 4980; x_wconf 85' lang='lat' dir='ltr'><strong>Sic</strong></span> <span class='ocrx_word' id='word_1_395' title='bbox 1542 4919 1882 4977; x_wconf 73' lang='lat' dir='ltr'><strong>ABCll.-1uat&#39;attdeattin</strong></span> <span class='ocrx_word' id='word_1_396' title='bbox 1893 4915 2048 4969; x_wconf 77' lang='lat' dir='ltr'><strong>aditionibus.</strong></span> 
     </span>
     <span class='ocr_line' id='line_1_39' title="bbox 474 4999 2051 5079; baseline -0.014 -8"><span class='ocrx_word' id='word_1_397' title='bbox 474 5020 522 5058; x_wconf 84' lang='lat'><strong>-⁸</strong></span> <span class='ocrx_word' id='word_1_398' title='bbox 534 5016 820 5070; x_wconf 71' lang='lat' dir='ltr'><strong>CrtrmualtllS.-⁴Sic</strong></span> <span class='ocrx_word' id='word_1_399' title='bbox 830 5020 859 5070; x_wconf 87' lang='lat' dir='ltr'><strong>G.</strong></span> <span class='ocrx_word' id='word_1_400' title='bbox 870 5029 895 5068; x_wconf 91' lang='lat' dir='ltr'><strong>et</strong></span> <span class='ocrx_word' id='word_1_401' title='bbox 903 5019 952 5070; x_wconf 81' lang='lat' dir='ltr'><strong>tls.</strong></span> <span class='ocrx_word' id='word_1_402' title='bbox 960 5017 1169 5079; x_wconf 71' lang='lat' dir='ltr'><strong>barb-Spectata</strong></span> <span class='ocrx_word' id='word_1_403' title='bbox 1177 5015 1243 5065; x_wconf 83' lang='lat' dir='ltr'><strong>Edit.</strong></span> <span class='ocrx_word' id='word_1_404' title='bbox 1275 5041 1306 5052; x_wconf 89' lang='lat'>-</span> <span class='ocrx_word' id='word_1_405' title='bbox 1314 5014 1325 5042; x_wconf 87' lang='lat'>&#39;</span> <span class='ocrx_word' id='word_1_406' title='bbox 1333 5013 1404 5065; x_wconf 70' lang='lat' dir='ltr'><strong>ovid.</strong></span> <span class='ocrx_word' id='word_1_407' title='bbox 1415 5015 1512 5064; x_wconf 68' lang='lat' dir='ltr'><strong>letum.</strong></span> <span class='ocrx_word' id='word_1_408' title='bbox 1522 5009 1555 5060; x_wconf 95' lang='lat' dir='ltr'><strong>lll</strong></span> <span class='ocrx_word' id='word_1_409' title='bbox 1564 5047 1570 5070; x_wconf 88' lang='lat'><strong>,</strong></span> <span class='ocrx_word' id='word_1_410' title='bbox 1579 5025 1602 5058; x_wconf 83' lang='lat' dir='ltr'><strong>r.</strong></span> <span class='ocrx_word' id='word_1_411' title='bbox 1615 5009 1663 5059; x_wconf 76' lang='lat'><strong>3⁵8</strong></span> <span class='ocrx_word' id='word_1_412' title='bbox 1674 5015 1699 5058; x_wconf 87' lang='lat' dir='ltr'><strong>et</strong></span> <span class='ocrx_word' id='word_1_413' title='bbox 1709 5023 1779 5072; x_wconf 77' lang='lat' dir='ltr'><strong>sap·</strong></span> <span class='ocrx_word' id='word_1_414' title='bbox 1787 5004 1810 5032; x_wconf 77' lang='lat'><strong>‘⁰</strong></span> <span class='ocrx_word' id='word_1_415' title='bbox 1824 5005 1946 5055; x_wconf 71' lang='lat' dir='ltr'><strong>Remum</strong></span> <span class='ocrx_word' id='word_1_416' title='bbox 1958 4999 2051 5051; x_wconf 78' lang='lat' dir='ltr'><strong>suc.-</strong></span> 
     </span>
     <span class='ocr_line' id='line_1_40' title="bbox 474 5085 2048 5168; baseline -0.015 -12"><span class='ocrx_word' id='word_1_417' title='bbox 474 5104 704 5157; x_wconf 61' lang='lat' dir='ltr'><strong>anu-worma.</strong></span> <span class='ocrx_word' id='word_1_418' title='bbox 715 5105 736 5157; x_wconf 83' lang='lat' dir='ltr'><strong>l.</strong></span> <span class='ocrx_word' id='word_1_419' title='bbox 749 5118 804 5168; x_wconf 84' lang='lat' dir='ltr'><strong>cap.</strong></span> <span class='ocrx_word' id='word_1_420' title='bbox 816 5119 877 5166; x_wconf 83' lang='lat' dir='ltr'><strong>n,r.</strong></span> <span class='ocrx_word' id='word_1_421' title='bbox 886 5107 913 5153; x_wconf 84' lang='lat' dir='ltr'><strong>n</strong></span> <span class='ocrx_word' id='word_1_422' title='bbox 923 5115 947 5154; x_wconf 87' lang='lat' dir='ltr'><strong>et</strong></span> <span class='ocrx_word' id='word_1_423' title='bbox 959 5101 1245 5153; x_wconf 74' lang='lat' dir='ltr'><strong>19.-⁸SichC.-Co·</strong></span> <span class='ocrx_word' id='word_1_424' title='bbox 1277 5096 1469 5150; x_wconf 68' lang='lat' dir='ltr'><strong>RmanuntfflS.</strong></span> <span class='ocrx_word' id='word_1_425' title='bbox 1478 5093 1605 5146; x_wconf 65' lang='lat' dir='ltr'><strong>amb-&#39;¹</strong></span> <span class='ocrx_word' id='word_1_426' title='bbox 1615 5095 1690 5143; x_wconf 78' lang='lat' dir='ltr'><strong>flabat</strong></span> <span class='ocrx_word' id='word_1_427' title='bbox 1699 5089 1767 5141; x_wconf 72' lang='lat' dir='ltr'><strong>ABG.</strong></span> <span class='ocrx_word' id='word_1_428' title='bbox 1776 5117 1793 5125; x_wconf 78' lang='lat'>-</span> <span class='ocrx_word' id='word_1_429' title='bbox 1809 5085 1903 5137; x_wconf 79' lang='lat' dir='ltr'><strong>”Vide</strong></span> <span class='ocrx_word' id='word_1_430' title='bbox 1915 5096 2048 5136; x_wconf 80' lang='lat' dir='ltr'><strong>notxun.</strong></span> 
     </span>
    </p>
   </div>
   <div class='ocr_carea' id='block_1_8' title="bbox 474 5176 1617 5252">
    <p class='ocr_par' dir='ltr' id='par_1_8' title="bbox 474 5176 1617 5252">
     <span class='ocr_line' id='line_1_41' title="bbox 474 5176 1617 5252; baseline -0.009 -12"><span class='ocrx_word' id='word_1_431' title='bbox 474 5189 775 5252; x_wconf 63' lang='lat' dir='ltr'><strong>qnovtmmlleluttamna</strong></span> <span class='ocrx_word' id='word_1_432' title='bbox 785 5187 834 5238; x_wconf 86' lang='lat' dir='ltr'><strong>llS.</strong></span> <span class='ocrx_word' id='word_1_433' title='bbox 844 5187 1071 5252; x_wconf 73' lang='lat' dir='ltr'><strong>lmb.-Copttumur</strong></span> <span class='ocrx_word' id='word_1_434' title='bbox 1079 5183 1190 5238; x_wconf 61' lang='lat' dir='ltr'><strong>lidia-2</strong></span> <span class='ocrx_word' id='word_1_435' title='bbox 1201 5185 1246 5235; x_wconf 72' lang='lat' dir='ltr'><strong>liat</strong></span> <span class='ocrx_word' id='word_1_436' title='bbox 1276 5182 1338 5224; x_wconf 80' lang='lat'><strong>-‘¹</strong></span> <span class='ocrx_word' id='word_1_437' title='bbox 1353 5183 1472 5234; x_wconf 66' lang='lat' dir='ltr'><strong>Fortinum</strong></span> <span class='ocrx_word' id='word_1_438' title='bbox 1482 5179 1532 5232; x_wconf 85' lang='lat' dir='ltr'><strong>tts.</strong></span> <span class='ocrx_word' id='word_1_439' title='bbox 1546 5176 1617 5230; x_wconf 72' lang='lat' dir='ltr'><strong>Aah.</strong></span> 
     </span>
    </p>
   </div>
   <div class='ocr_carea' id='block_1_9' title="bbox 0 0 2300 6106">
    <p class='ocr_par' dir='ltr' id='par_1_9' title="bbox 0 0 2300 6106">
     <span class='ocr_line' id='line_1_42' title="bbox 0 0 2300 6106; baseline 0 3"><span class='ocrx_word' id='word_1_440' title='bbox 0 0 2300 6106; x_wconf 95' lang='lat' dir='ltr'><strong> </strong></span> 
     </span>
    </p>
   </div>
  </div>
 </body>
</html>
