4606 6106
484 589 560 668 252·
973 539 977 550 ’
1008 589 1234 664 ustonsn
1258 587 1551 665 rnonceusrs

486 734 690 838 obedientia
705 731 980 816 committimus,
1001 755 1114 827 quum
1133 729 1170 800 id
1188 743 1282 800 recte
1298 754 1460 826 gerarum
1471 783 1487 822 ,1
1501 733 1537 802 in
1556 756 1629 828 quo
1647 732 1711 802 Dei
1724 731 1922 826 jussionem
1936 737 2066 836 impie·

401 939 404 944 ‚
489 876 580 923 mus.
595 846 777 944 Quidquid
795 847 841 918 ad
856 849 1001 919 Domini
1013 849 1274 946 possessionem
1292 849 1470 945 pertinere
1489 849 1641 940 videtur,
1656 849 1721 922 Dei
1739 851 1857 946 potius
1873 877 1984 948 quam
1998 855 2065 927 ho·

490 972 593 1040 minis
615 992 690 1042 esse
708 965 901 1038 dicendum
917 983 982 1038 est.
1005 971 1076 1039 Nec
1094 967 1281 1064 quisquam
1304 991 1430 1038 eorum
1453 968 1621 1060 dominns
1639 983 1712 1060 est,
1738 969 1801 1040 sed
1825 970 2062 1069 dispensator,

489 1086 646 1183 quandin
665 1084 736 1156 hoc
755 1084 863 1156 habet
880 1087 1037 1156 Domino
1055 1085 1303 1183 permittente:
1324 1109 1391 1157 nec
1412 1086 1600 1183 quisquam
1619 1087 1736 1158 hocei
1753 1089 1895 1186 surripit
1913 1091 2063 1186 injuste,

489 1201 550 1302 qui
563 1205 633 1276 hoc
643 1205 939 1303 accipit·Domino
949 1205 1097 1300 jubente
1113 1204 1232 1299 :cujus
1245 1219 1383 1276 tantum
1397 1221 1480 1276 sunt
1491 1204 1550 1276 illa
1562 1231 1583 1276 a
1596 1206 1851 1304 quo,quandiu
1863 1209 1951 1300 vult,
1960 1212 2067 1286 nobis

488 1341 569 1397 sunt
587 1326 795 1412 commissa,
815 1340 920 1422 atque
937 1326 974 1394 in
990 1325 1165 1409 diversos,
1187 1338 1296 1423 prout
1310 1325 1478 1415 voluerit,
1500 1324 1759 1423 dispensatores
1776 1329 1981 1420 transitura,
2001 1335 2066 1428 qui

489 1461 588 1517 tanto
602 1447 720 1516 minus
735 1445 811 1516 haec
833 1445 1037 1542 dispensare
1056 1459 1093 1520 et
1113 1442 1245 1514 habere
1259 1441 1357 1539 digni
1376 1457 1479 1533 sunt,
1502 1459 1637 1541 quanto
1654 1446 1772 1517 minus
1790 1468 1873 1518 eum
1894 1471 2064 1547 recogno-

489 1580 608 1655 scunt,
628 1589 737 1662 aquo
751 1565 826 1636 haec
843 1565 893 1634 eis
909 1579 990 1635 sunt
1009 1563 1209 1634 commissa.
1227 1561 1356 1648 Quales
1374 1564 1497 1659 utique
1515 1561 1675 1635 infideles
1692 1580 1793 1636 erant
1805 1569 2064 1665 AEgyptii,haec

489 1687 600 1782 magis
615 1686 774 1756 amittere
788 1707 894 1779 quam
907 1682 1038 1755 habere
1052 1682 1162 1779 digni.

1052 1895 1232 1942 Paontattn
1257 1894 1423 1942 HELOISSAE
1449 1897 1499 1942 tx..

539 2034 714 2104 Dominus
725 2032 926 2130 leprosum,
943 2033 1032 2105 sicut
1044 2031 1227 2104 Matthaeus
1242 2031 1347 2108 reteri
1357 2036 1390 2134 ¹,
1401 2048 1495 2104 tactu
1509 2058 1576 2104 suo
1589 2033 1860 2116 mundatumad
1873 2037 2076 2110 sacerdotis·

486 2153 658 2247 judicium
677 2153 791 2258 misit,
813 2166 849 2222 et
868 2151 994 2224 offerre
1007 2151 1045 2222 id
1058 2151 1184 2246 jussit,
1195 2150 1293 2247 quod
1308 2150 1364 2222 lex
1381 2151 1508 2223 talibus
1527 2152 1750 2225 offerendum
1771 2155 1939 2252 praecipit.
1962 2156 2064 2229 Unde

490 2299 597 2371 super
626 2274 697 2348 hoc
724 2273 916 2368 quastione
937 2261 1137 2361 moriemur,
1164 2295 1235 2368 qua
1259 2272 1395 2342 ratione
1420 2273 1596 2344 Dominus
1619 2273 1655 2352 in
1676 2273 1746 2344 hoc
1768 2272 1860 2344 facto
1885 2271 1953 2369 legi
1975 2298 2064 2346 coo-

491 2392 663 2464 tradicerc
686 2391 789 2464 simul
813 2407 847 2463 et
872 2389 1118 2486 obtemperare
1141 2389 1312 2464 videatur.
1339 2394 1533 2489 Leprosum
1564 2392 1697 2490 quippe
1725 2392 1858 2488 tetigit,
1884 2393 1988 2489 quod
2010 2394 2066 2466 lea

491 2512 678 2610 prohibet,
699 2527 733 2584 et
751 2507 965 2583 mundatum
984 2508 1030 2580 ad
1051 2507 1271 2580 sacerdotem
1290 2509 1403 2600 misit,
1424 2509 1521 2582 etad
1540 2508 1759 2583 offerendam
1782 2509 1954 2602 hostiam,
1978 2512 2063 2584 sicut

492 2632 546 2704 lex
557 2632 669 2728 jubet.

1105 2769 1238 2840 Salutio
1254 2769 1447 2841 Aboelardt'.

540 2939 636 3007 Sicut
662 2937 738 3033 ipse
763 2912 939 3005 Dominus
958 2934 1051 3004 ait²z
1072 2937 1225 3030 «Usque
1250 2933 1297 3005 ad
1320 2937 1495 3004 Joannem
1520 2930 1577 3002 lex
1602 2947 1634 3002 et
1663 2933 1862 3031 prophetae3
1879 2962 1897 3002 u
1919 2935 1989 3008 hoc
2014 2951 2063 3006 cst

493 3053 670 3152 usquead
686 3069 825 3152 tempus
843 3053 979 3149 gratiae,
999 3065 1071 3121 tam
1088 3051 1174 3147 legis
1190 3075 1296 3147 quam
1315 3050 1569 3148 prophetarum
1586 3065 1759 3148 praecepta
1778 3053 1882 3123 etiam
1895 3054 1994 3148 juxta
2012 3054 2063 3124 lit·

491 3191 601 3247 teram
623 3174 765 3244 fuerunt
781 3169 974 3270 implenda.
992 3175 1031 3239 in
1051 3169 1150 3240 nullo
1167 3193 1251 3266 ergo
1273 3171 1347 3264 jam
1372 3171 1547 3241 Dominus
1572 3169 1638 3266 legi
1661 3171 1892 3260 contradicit,
1914 3173 1972 3243 cui
1992 3173 2062 3267 jam

491 3294 609 3366 nullus
623 3291 768 3364 obedire
785 3315 828 3362 ex
847 3281 1022 3388 precepto
1041 3290 1293 3385 constringitur
1309 3290 1374 3359 Dei
1390 3291 1592 3388 :praecipue
1610 3315 1721 3386 quum
1741 3289 1796 3361 lex
1810 3291 1885 3390 ipsa
1902 3294 1938 3362 in
1958 3317 2063 3364 manu

493 3414 713 3501 mediatoris,
732 3427 771 3482 ut
791 3409 979 3509 Apostolus
1001 3411 1077 3499 ait³,
1094 3410 1228 3508 posita,
1249 3408 1320 3480 hoc
1333 3425 1385 3479 est
1398 3409 1435 3479 in
1453 3409 1527 3504 ejus
1543 3425 1717 3506 potestate
1735 3413 1926 3483 constituta
1944 3415 2006 3500 sit,
2028 3427 2064 3483 ut

492 3535 554 3629 qui
571 3556 649 3604 eam
664 3530 709 3601 ad
724 3545 865 3627 tempus
882 3529 1095 3618 instituerat,
1112 3552 1248 3599 cessare
1262 3550 1328 3625 pro
1346 3527 1490 3598 arbitrio
1509 3527 1655 3618 faceret,
1676 3554 1786 3625 quum
1807 3545 2010 3628 oporteret:
2028 3545 2064 3601 ut

489 3654 562 3748 jam
581 3651 735 3750 perfecta
746 3649 871 3719 caritas
889 3649 925 3718 in
945 3662 1105 3745 tempore
1120 3648 1237 3743 gratiae
1250 3645 1418 3717 'timorem
1433 3645 1525 3718 foras
1539 3647 1704 3719 mitteret.
1723 3649 1876 3720 Pertinet
1889 3663 2008 3719 autern
2020 3648 2064 3719 ad

493 3787 633 3868 tempus
650 3769 766 3866 gratiae
785 3765 1062 3839 misericordiam
1080 3767 1232 3837 maxime
1251 3766 1344 3836 circa
1360 3764 1538 3862 quoslibet
1555 3765 1742 3853 exhibere,
1762 3781 1798 3836 et
1815 3765 1860 3836 ad
1876 3767 2040 3863 pietatem
2051 3819 2067 3851 ,

493 3914 584 3987 quos
604 3913 808 3986 possumus,
838 3885 1006 3983 exemplis
1030 3886 1197 3977 invitare,
1219 3908 1285 3956 nec
1311 3883 1508 3982 quidquam
1532 3884 1570 3956 in
1588 3883 1793 3956 hominibus
1815 3885 2066 3975 immundum,

492 4023 619 4108 praeter
637 4022 839 4106 peccatum,
857 4003 1060 4076 abhorrere.
1084 4004 1187 4076 Unde
1203 4005 1376 4082 Dominus
1395 4005 1431 4075 in
1450 4003 1592 4102 leproso
1608 4020 1733 4076 cuncta
1752 4004 1811 4076 hic
1829 4005 2062 4077 misericordi·

491 4145 546 4202 ter
563 4109 652 4226 {gin
669 4152 779 4225 quum
794 4139 925 4198 etcum
945 4141 1086 4223 tangere
1099 4137 1246 4224 propter
1262 4123 1502 4195 infirmitatem
1516 4125 1676 4222 corporis
1687 4148 1760 4196 non
1775 4139 1827 4197 est
1841 4123 2061 4222 dedignatus,

491 4250 571 4321 etei
585 4247 623 4319 id
636 4246 948 4344 facerepraecepit,
968 4246 1043 4315 sine
1055 4261 1128 4339 quo
1143 4244 1179 4314 in
1194 4243 1499 4314 conversationem
1515 4241 1706 4314 hominum
1716 4267 1941 4342 nequaquam
1955 4244 2066 4314 fiterat
2092 4237 2098 4248 ’

491 4367 746 4467 suscipiendus.
769 4364 909 4442 Adhoc
926 4365 1057 4436 enimn
1076 4361 1259 4436 sacerdote
1276 4364 1579 4460 aspectus,ipsius
1592 4361 1728 4458 judicio
1746 4377 1781 4435 et
1798 4363 1882 4460 legis
1894 4361 2068 4436 sacrificio

491 4488 603 4561 fuerat
620 4483 941 4584 commendandus.
1539 4485 1541 4490 '

1062 4673 1241 4721 PRDBLRMA
1264 4671 1431 4722 HELOssSAE
1457 4675 1492 4720 Χ.

540 4817 635 4904 Quid
653 4832 705 4889 est
722 4815 809 4887 illud
827 4817 864 4886 in
883 4815 1065 4912 evangelio
1083 4819 1204 4905 Lucae,
1225 4816 1322 4913 quod
1342 4816 1442 4888 diviti
1460 4817 1629 4889 damnato
1649 4815 1823 4888 Abraham
1842 4816 1947 4888 dicit‘
1963 4843 1971 4885 :
1989 4844 2007 4882 «
2025 4818 2063 4884 Et

492 4937 527 5006 in
545 4935 601 5005 his
619 4935 785 5007 omnibus
804 4935 893 5006 inter
913 4959 978 5005 nos
997 4949 1031 5005 et
1050 4959 1114 5005 vos
1130 4933 1239 5005 chaos
1264 4959 1433 5032 magnum
1460 4933 1640 5006 firmatum
1657 4949 1728 5027 est,
1751 4951 1790 5006 ut
1808 4934 1844 5006 hi
1862 4935 1923 5032 qui
1943 4933 2063 5005 volunt

526 5187 533 5212 ¹
552 5184 646 5244 ttaun,
660 5201 715 5252 cap.
729 5202 783 5246 tur,
798 5201 822 5235 ν.
833 5187 898 5235 2.-
909 5183 918 5210 ¹
931 5185 1002 5244 Luc..
1017 5199 1073 5251 cap.
1085 5201 1141 5246 avr,
1154 5201 1178 5236 t.
1194 5187 1234 5236 tt.
1246 5211 1270 5220 v*
1286 5185 1296 5212 ⁸
1310 5187 1403 5248 Goion,
1415 5201 1471 5253 cap.
1485 5201 1527 5248 ut,
1541 5201 1564 5237 v.
1578 5186 1617 5237 tt.
1630 5212 1660 5222 -
1672 5185 1683 5212 ⁰
1696 5141 1831 5251 πῖαρ.
1846 5199 1899 5245 xu,
1910 5200 1933 5234 v.
1945 5187 1986 5235 26.
