<?xml version="1.0" encoding="UTF-8"?>
<!DOCTYPE html PUBLIC "-//W3C//DTD XHTML 1.0 Transitional//EN"
    "http://www.w3.org/TR/xhtml1/DTD/xhtml1-transitional.dtd">
<html xmlns="http://www.w3.org/1999/xhtml" xml:lang="en" lang="en">
 <head>
  <title>
</title>
<meta http-equiv="Content-Type" content="text/html;charset=utf-8" />
  <meta name='ocr-system' content='tesseract 3.04.00' />
  <meta name='ocr-capabilities' content='ocr_page ocr_carea ocr_par ocr_line ocrx_word'/>
</head>
<body>
  <div class='ocr_page' id='page_1' title='image "./petriablardiope01despgoog_0263.png"; bbox 0 0 4520 6104; ppageno 0'>
   <div class='ocr_carea' id='block_1_1' title="bbox 469 489 1537 670">
    <p class='ocr_par' dir='ltr' id='par_1_1' title="bbox 469 489 1537 670">
     <span class='ocr_line' id='line_1_1' title="bbox 1456 489 1485 526; baseline 0 0"><span class='ocrx_word' id='word_1_1' title='bbox 1456 489 1485 526; x_wconf 35' lang='lat'>⁵.</span> 
     </span>
     <span class='ocr_line' id='line_1_2' title="bbox 469 539 1537 670; baseline -0.004 -2"><span class='ocrx_word' id='word_1_2' title='bbox 469 539 541 670; x_wconf 75' lang='lat' dir='ltr'>aas</span> <span class='ocrx_word' id='word_1_3' title='bbox 859 569 862 584; x_wconf 89' lang='lat'>&#39;</span> <span class='ocrx_word' id='word_1_4' title='bbox 989 591 1216 666; x_wconf 78' lang='lat' dir='ltr'>uaaotssn</span> <span class='ocrx_word' id='word_1_5' title='bbox 1240 591 1537 664; x_wconf 75' lang='lat' dir='ltr'>ruossaaurrs</span> 
     </span>
    </p>
   </div>
   <div class='ocr_carea' id='block_1_2' title="bbox 463 700 2081 1076">
    <p class='ocr_par' dir='ltr' id='par_1_2' title="bbox 463 700 2081 1076">
     <span class='ocr_line' id='line_1_3' title="bbox 466 700 2081 835; baseline -0.001 -23"><span class='ocrx_word' id='word_1_6' title='bbox 466 754 651 827; x_wconf 89' lang='lat' dir='ltr'>mentum,</span> <span class='ocrx_word' id='word_1_7' title='bbox 671 738 709 808; x_wconf 90' lang='lat' dir='ltr'>in</span> <span class='ocrx_word' id='word_1_8' title='bbox 727 735 870 809; x_wconf 77' lang='lat' dir='ltr'>hebraeo</span> <span class='ocrx_word' id='word_1_9' title='bbox 892 734 1044 809; x_wconf 89' lang='lat' dir='ltr'>habetur</span> <span class='ocrx_word' id='word_1_10' title='bbox 1062 750 1219 835; x_wconf 90' lang='lat' dir='ltr'>pactum.</span> <span class='ocrx_word' id='word_1_11' title='bbox 1241 737 1315 822; x_wconf 82' lang='lat' dir='ltr'>Qui·</span> <span class='ocrx_word' id='word_1_12' title='bbox 1330 735 1426 806; x_wconf 90' lang='lat' dir='ltr'>enim</span> <span class='ocrx_word' id='word_1_13' title='bbox 1444 734 1558 830; x_wconf 89' lang='lat' dir='ltr'>legem</span> <span class='ocrx_word' id='word_1_14' title='bbox 1574 733 1720 813; x_wconf 85' lang='lat' dir='ltr'>Domini</span> <span class='ocrx_word' id='word_1_15' title='bbox 1736 733 1953 833; x_wconf 81' lang='lat' dir='ltr'>suscipiunt,</span> <span class='ocrx_word' id='word_1_16' title='bbox 1970 763 2051 810; x_wconf 90' lang='lat' dir='ltr'>cum</span> <span class='ocrx_word' id='word_1_17' title='bbox 2072 700 2081 714; x_wconf 19' lang='grc' dir='ltr'><strong>ὃ</strong></span> 
     </span>
     <span class='ocr_line' id='line_1_4' title="bbox 463 816 2051 958; baseline -0.001 -25"><span class='ocrx_word' id='word_1_18' title='bbox 463 887 509 934; x_wconf 93' lang='lat' dir='ltr'>eo</span> <span class='ocrx_word' id='word_1_19' title='bbox 534 858 720 958; x_wconf 80' lang='lat' dir='ltr'>quoddam</span> <span class='ocrx_word' id='word_1_20' title='bbox 738 858 863 929; x_wconf 91' lang='lat' dir='ltr'>ineunt</span> <span class='ocrx_word' id='word_1_21' title='bbox 884 872 1051 954; x_wconf 90' lang='lat' dir='ltr'>pactum,</span> <span class='ocrx_word' id='word_1_22' title='bbox 1070 857 1143 928; x_wconf 89' lang='lat' dir='ltr'>sive</span> <span class='ocrx_word' id='word_1_23' title='bbox 1162 856 1220 927; x_wconf 90' lang='lat' dir='ltr'>ille</span> <span class='ocrx_word' id='word_1_24' title='bbox 1239 881 1322 927; x_wconf 89' lang='lat' dir='ltr'>curn</span> <span class='ocrx_word' id='word_1_25' title='bbox 1341 855 1448 954; x_wconf 89' lang='lat' dir='ltr'>ipsis,</span> <span class='ocrx_word' id='word_1_26' title='bbox 1472 881 1583 952; x_wconf 89' lang='lat' dir='ltr'>quum</span> <span class='ocrx_word' id='word_1_27' title='bbox 1600 855 1667 955; x_wconf 92' lang='lat' dir='ltr'>ipsi</span> <span class='ocrx_word' id='word_1_28' title='bbox 1685 816 1850 929; x_wconf 74' lang='lat' dir='ltr'>videlicdt</span> <span class='ocrx_word' id='word_1_29' title='bbox 1868 856 1952 954; x_wconf 89' lang='lat' dir='ltr'>legis</span> <span class='ocrx_word' id='word_1_30' title='bbox 1967 858 2051 932; x_wconf 88' lang='lat' dir='ltr'>obc-</span> 
     </span>
     <span class='ocr_line' id='line_1_5' title="bbox 465 977 1299 1076; baseline -0.01 -22"><span class='ocrx_word' id='word_1_31' title='bbox 465 981 658 1070; x_wconf 91' lang='lat' dir='ltr'>dieutiam,</span> <span class='ocrx_word' id='word_1_32' title='bbox 683 979 740 1051; x_wconf 92' lang='lat' dir='ltr'>ille</span> <span class='ocrx_word' id='word_1_33' title='bbox 757 978 941 1076; x_wconf 77' lang='lat' dir='ltr'><strong>promittat</strong></span> <span class='ocrx_word' id='word_1_34' title='bbox 960 977 1299 1049; x_wconf 80' lang='lat' dir='ltr'><strong>remunerationem.</strong></span> 
     </span>
    </p>
   </div>
   <div class='ocr_carea' id='block_1_3' title="bbox 1027 1186 1554 1234">
    <p class='ocr_par' dir='ltr' id='par_1_3' title="bbox 1027 1186 1554 1234">
     <span class='ocr_line' id='line_1_6' title="bbox 1027 1186 1554 1234; baseline -0.004 0"><span class='ocrx_word' id='word_1_35' title='bbox 1027 1187 1210 1234; x_wconf 66' lang='lat' dir='ltr'>anonam</span> <span class='ocrx_word' id='word_1_36' title='bbox 1235 1186 1400 1234; x_wconf 71' lang='lat' dir='ltr'>numlssn:</span> <span class='ocrx_word' id='word_1_37' title='bbox 1425 1187 1486 1233; x_wconf 81' lang='lat' dir='ltr'>vlt.</span> <span class='ocrx_word' id='word_1_38' title='bbox 1552 1205 1554 1208; x_wconf 95' lang='lat'>·</span> 
     </span>
    </p>
   </div>
   <div class='ocr_carea' id='block_1_4' title="bbox 442 1336 2058 2515">
    <p class='ocr_par' dir='ltr' id='par_1_4' title="bbox 442 1336 2058 2515">
     <span class='ocr_line' id='line_1_7' title="bbox 513 1336 2053 1437; baseline -0.002 -24"><span class='ocrx_word' id='word_1_39' title='bbox 513 1342 609 1430; x_wconf 90' lang='lat' dir='ltr'><strong>Quid</strong></span> <span class='ocrx_word' id='word_1_40' title='bbox 624 1357 676 1412; x_wconf 91' lang='lat' dir='ltr'>est</span> <span class='ocrx_word' id='word_1_41' title='bbox 694 1341 800 1412; x_wconf 88' lang='lat' dir='ltr'>ctiam</span> <span class='ocrx_word' id='word_1_42' title='bbox 815 1340 916 1437; x_wconf 92' lang='lat' dir='ltr'>quod</span> <span class='ocrx_word' id='word_1_43' title='bbox 932 1341 967 1410; x_wconf 92' lang='lat' dir='ltr'>in</span> <span class='ocrx_word' id='word_1_44' title='bbox 991 1343 1085 1410; x_wconf 90' lang='lat' dir='ltr'>Luca</span> <span class='ocrx_word' id='word_1_45' title='bbox 1103 1338 1252 1435; x_wconf 90' lang='lat' dir='ltr'>legimus</span> <span class='ocrx_word' id='word_1_46' title='bbox 1268 1337 1360 1409; x_wconf 87' lang='lat' dir='ltr'>duos</span> <span class='ocrx_word' id='word_1_47' title='bbox 1373 1338 1520 1426; x_wconf 80' lang='lat' dir='ltr'><strong>calices,</strong></span> <span class='ocrx_word' id='word_1_48' title='bbox 1538 1336 1593 1408; x_wconf 86' lang='lat' dir='ltr'>vel</span> <span class='ocrx_word' id='word_1_49' title='bbox 1610 1336 1778 1410; x_wconf 90' lang='lat' dir='ltr'>eumdem</span> <span class='ocrx_word' id='word_1_50' title='bbox 1793 1337 1848 1409; x_wconf 90' lang='lat' dir='ltr'>bis</span> <span class='ocrx_word' id='word_1_51' title='bbox 1859 1339 2053 1410; x_wconf 87' lang='lat' dir='ltr'>Dominum</span> 
     </span>
     <span class='ocr_line' id='line_1_8' title="bbox 465 1456 2051 1559; baseline -0.002 -25"><span class='ocrx_word' id='word_1_52' title='bbox 465 1463 603 1536; x_wconf 84' lang='lat' dir='ltr'>dedisse</span> <span class='ocrx_word' id='word_1_53' title='bbox 635 1460 845 1559; x_wconf 80' lang='lat' dir='ltr'>discipulis?</span> <span class='ocrx_word' id='word_1_54' title='bbox 864 1461 922 1532; x_wconf 90' lang='lat' dir='ltr'>Sic</span> <span class='ocrx_word' id='word_1_55' title='bbox 943 1458 1078 1556; x_wconf 89' lang='lat' dir='ltr'>quippe</span> <span class='ocrx_word' id='word_1_56' title='bbox 1099 1458 1270 1554; x_wconf 89' lang='lat' dir='ltr'>scripturn</span> <span class='ocrx_word' id='word_1_57' title='bbox 1290 1456 1483 1529; x_wconf 90' lang='lat' dir='ltr'>habetur¹:</span> <span class='ocrx_word' id='word_1_58' title='bbox 1510 1486 1527 1525; x_wconf 81' lang='lat' dir='ltr'>a</span> <span class='ocrx_word' id='word_1_59' title='bbox 1544 1461 1586 1528; x_wconf 88' lang='lat' dir='ltr'>Et</span> <span class='ocrx_word' id='word_1_60' title='bbox 1607 1482 1719 1555; x_wconf 89' lang='lat' dir='ltr'>quum</span> <span class='ocrx_word' id='word_1_61' title='bbox 1736 1456 1826 1530; x_wconf 83' lang='lat' dir='ltr'>lacta</span> <span class='ocrx_word' id='word_1_62' title='bbox 1840 1473 1930 1530; x_wconf 85' lang='lat' dir='ltr'>esset</span> <span class='ocrx_word' id='word_1_63' title='bbox 1951 1458 2051 1550; x_wconf 88' lang='lat' dir='ltr'>bora,</span> 
     </span>
     <span class='ocr_line' id='line_1_9' title="bbox 465 1576 2054 1675; baseline 0.001 -22"><span class='ocrx_word' id='word_1_64' title='bbox 465 1582 664 1668; x_wconf 87' lang='lat' dir='ltr'>discubuit,</span> <span class='ocrx_word' id='word_1_65' title='bbox 685 1593 721 1651; x_wconf 91' lang='lat' dir='ltr'>et</span> <span class='ocrx_word' id='word_1_66' title='bbox 731 1578 924 1649; x_wconf 92' lang='lat' dir='ltr'>duodecim</span> <span class='ocrx_word' id='word_1_67' title='bbox 938 1577 1093 1675; x_wconf 91' lang='lat' dir='ltr'>apostoli</span> <span class='ocrx_word' id='word_1_68' title='bbox 1107 1601 1191 1648; x_wconf 90' lang='lat' dir='ltr'>cum</span> <span class='ocrx_word' id='word_1_69' title='bbox 1210 1601 1267 1647; x_wconf 92' lang='lat' dir='ltr'>eo.</span> <span class='ocrx_word' id='word_1_70' title='bbox 1287 1581 1329 1647; x_wconf 90' lang='lat' dir='ltr'>Et</span> <span class='ocrx_word' id='word_1_71' title='bbox 1350 1577 1398 1648; x_wconf 91' lang='lat' dir='ltr'>ait</span> <span class='ocrx_word' id='word_1_72' title='bbox 1416 1576 1507 1648; x_wconf 90' lang='lat' dir='ltr'>illis:</span> <span class='ocrx_word' id='word_1_73' title='bbox 1527 1577 1740 1650; x_wconf 85' lang='lat' dir='ltr'>«Desiderio</span> <span class='ocrx_word' id='word_1_74' title='bbox 1759 1578 1957 1652; x_wconf 83' lang='lat' dir='ltr'>desideravi</span> <span class='ocrx_word' id='word_1_75' title='bbox 1984 1581 2054 1654; x_wconf 89' lang='lat' dir='ltr'>hoc</span> 
     </span>
     <span class='ocr_line' id='line_1_10' title="bbox 468 1695 2058 1800; baseline 0.003 -30"><span class='ocrx_word' id='word_1_76' title='bbox 468 1732 486 1770; x_wconf 73' lang='grc' dir='ltr'>(ι</span> <span class='ocrx_word' id='word_1_77' title='bbox 503 1700 635 1800; x_wconf 89' lang='lat' dir='ltr'>pascha</span> <span class='ocrx_word' id='word_1_78' title='bbox 651 1697 868 1770; x_wconf 88' lang='lat' dir='ltr'>manducare</span> <span class='ocrx_word' id='word_1_79' title='bbox 885 1695 1072 1769; x_wconf 87' lang='lat' dir='ltr'>vobiscum</span> <span class='ocrx_word' id='word_1_80' title='bbox 1090 1710 1281 1793; x_wconf 88' lang='lat' dir='ltr'>antequam</span> <span class='ocrx_word' id='word_1_81' title='bbox 1304 1698 1429 1793; x_wconf 89' lang='lat' dir='ltr'>patiar.</span> <span class='ocrx_word' id='word_1_82' title='bbox 1449 1698 1539 1768; x_wconf 88' lang='lat' dir='ltr'>Dico</span> <span class='ocrx_word' id='word_1_83' title='bbox 1561 1699 1658 1768; x_wconf 90' lang='lat' dir='ltr'>enim</span> <span class='ocrx_word' id='word_1_84' title='bbox 1678 1697 1800 1789; x_wconf 91' lang='lat' dir='ltr'>vobis,</span> <span class='ocrx_word' id='word_1_85' title='bbox 1823 1701 1908 1797; x_wconf 91' lang='lat' dir='ltr'>quia</span> <span class='ocrx_word' id='word_1_86' title='bbox 1926 1726 1969 1774; x_wconf 93' lang='lat' dir='ltr'>ex</span> <span class='ocrx_word' id='word_1_87' title='bbox 1984 1700 2058 1774; x_wconf 90' lang='lat' dir='ltr'>hoc·</span> 
     </span>
     <span class='ocr_line' id='line_1_11' title="bbox 468 1814 2054 1917; baseline 0.001 -29"><span class='ocrx_word' id='word_1_88' title='bbox 468 1851 487 1890; x_wconf 78' lang='lat' dir='ltr'>a</span> <span class='ocrx_word' id='word_1_89' title='bbox 503 1844 577 1892; x_wconf 91' lang='lat' dir='ltr'>non</span> <span class='ocrx_word' id='word_1_90' title='bbox 599 1817 826 1891; x_wconf 82' lang='lat' dir='ltr'>manducabo</span> <span class='ocrx_word' id='word_1_91' title='bbox 839 1870 849 1907; x_wconf 93' lang='lat'>,</span> <span class='ocrx_word' id='word_1_92' title='bbox 864 1819 982 1888; x_wconf 90' lang='lat' dir='ltr'>donec</span> <span class='ocrx_word' id='word_1_93' title='bbox 996 1814 1086 1887; x_wconf 91' lang='lat' dir='ltr'>illud</span> <span class='ocrx_word' id='word_1_94' title='bbox 1098 1815 1288 1913; x_wconf 90' lang='lat' dir='ltr'>impleatur</span> <span class='ocrx_word' id='word_1_95' title='bbox 1300 1815 1335 1886; x_wconf 90' lang='lat' dir='ltr'>in</span> <span class='ocrx_word' id='word_1_96' title='bbox 1351 1840 1461 1912; x_wconf 87' lang='lat' dir='ltr'>regno</span> <span class='ocrx_word' id='word_1_97' title='bbox 1477 1817 1555 1888; x_wconf 91' lang='lat' dir='ltr'>Dei.</span> <span class='ocrx_word' id='word_1_98' title='bbox 1573 1844 1590 1883; x_wconf 77' lang='lat' dir='ltr'>a</span> <span class='ocrx_word' id='word_1_99' title='bbox 1606 1821 1649 1887; x_wconf 88' lang='lat' dir='ltr'>Et</span> <span class='ocrx_word' id='word_1_100' title='bbox 1661 1832 1808 1915; x_wconf 90' lang='lat' dir='ltr'>accepto</span> <span class='ocrx_word' id='word_1_101' title='bbox 1827 1819 1958 1910; x_wconf 90' lang='lat' dir='ltr'>calice,</span> <span class='ocrx_word' id='word_1_102' title='bbox 1980 1845 2054 1917; x_wconf 85' lang='lat' dir='ltr'>gra·</span> 
     </span>
     <span class='ocr_line' id='line_1_12' title="bbox 466 1935 2053 2038; baseline -0.001 -25"><span class='ocrx_word' id='word_1_103' title='bbox 466 1942 531 2013; x_wconf 90' lang='lat' dir='ltr'>tias</span> <span class='ocrx_word' id='word_1_104' title='bbox 548 1940 639 2037; x_wconf 89' lang='lat' dir='ltr'>egit,</span> <span class='ocrx_word' id='word_1_105' title='bbox 663 1952 698 2009; x_wconf 92' lang='lat' dir='ltr'>et</span> <span class='ocrx_word' id='word_1_106' title='bbox 719 1937 828 2011; x_wconf 87' lang='lat' dir='ltr'>dixit:</span> <span class='ocrx_word' id='word_1_107' title='bbox 859 1937 1044 2035; x_wconf 79' lang='lat' dir='ltr'>«Accipite</span> <span class='ocrx_word' id='word_1_108' title='bbox 1067 1949 1102 2007; x_wconf 91' lang='lat' dir='ltr'>et</span> <span class='ocrx_word' id='word_1_109' title='bbox 1120 1935 1266 2008; x_wconf 87' lang='lat' dir='ltr'>dividite</span> <span class='ocrx_word' id='word_1_110' title='bbox 1285 1937 1463 2008; x_wconf 85' lang='lat' dir='ltr'>intervos.</span> <span class='ocrx_word' id='word_1_111' title='bbox 1489 1937 1579 2008; x_wconf 92' lang='lat' dir='ltr'>Dico</span> <span class='ocrx_word' id='word_1_112' title='bbox 1601 1938 1698 2009; x_wconf 91' lang='lat' dir='ltr'>euim</span> <span class='ocrx_word' id='word_1_113' title='bbox 1720 1936 1843 2030; x_wconf 90' lang='lat' dir='ltr'>vobis,</span> <span class='ocrx_word' id='word_1_114' title='bbox 1860 1939 1961 2038; x_wconf 91' lang='lat' dir='ltr'>quod</span> <span class='ocrx_word' id='word_1_115' title='bbox 1981 1965 2053 2012; x_wconf 92' lang='lat' dir='ltr'>non</span> 
     </span>
     <span class='ocr_line' id='line_1_13' title="bbox 470 2056 2055 2158; baseline 0.003 -30"><span class='ocrx_word' id='word_1_116' title='bbox 470 2089 488 2128; x_wconf 82' lang='lat' dir='ltr'>a</span> <span class='ocrx_word' id='word_1_117' title='bbox 502 2059 621 2132; x_wconf 89' lang='lat' dir='ltr'>bibam</span> <span class='ocrx_word' id='word_1_118' title='bbox 634 2058 680 2130; x_wconf 94' lang='lat' dir='ltr'>de</span> <span class='ocrx_word' id='word_1_119' title='bbox 693 2058 921 2155; x_wconf 85' lang='lat' dir='ltr'>generatione</span> <span class='ocrx_word' id='word_1_120' title='bbox 935 2057 1028 2146; x_wconf 86' lang='lat' dir='ltr'>vitis,</span> <span class='ocrx_word' id='word_1_121' title='bbox 1042 2056 1159 2127; x_wconf 89' lang='lat' dir='ltr'>donec</span> <span class='ocrx_word' id='word_1_122' title='bbox 1173 2081 1321 2153; x_wconf 89' lang='lat' dir='ltr'>regnum</span> <span class='ocrx_word' id='word_1_123' title='bbox 1338 2057 1404 2128; x_wconf 92' lang='lat' dir='ltr'>Dei</span> <span class='ocrx_word' id='word_1_124' title='bbox 1420 2057 1575 2128; x_wconf 84' lang='lat' dir='ltr'>veniat.»</span> <span class='ocrx_word' id='word_1_125' title='bbox 1593 2061 1634 2129; x_wconf 88' lang='lat' dir='ltr'>Et</span> <span class='ocrx_word' id='word_1_126' title='bbox 1651 2072 1797 2156; x_wconf 91' lang='lat' dir='ltr'>accepto</span> <span class='ocrx_word' id='word_1_127' title='bbox 1809 2083 1916 2156; x_wconf 90' lang='lat' dir='ltr'>pane,</span> <span class='ocrx_word' id='word_1_128' title='bbox 1929 2062 2055 2158; x_wconf 85' lang='lat' dir='ltr'>gratias</span> 
     </span>
     <span class='ocr_line' id='line_1_14' title="bbox 467 2177 2053 2280; baseline -0.001 -25"><span class='ocrx_word' id='word_1_129' title='bbox 467 2185 558 2280; x_wconf 88' lang='lat' dir='ltr'>egit,</span> <span class='ocrx_word' id='word_1_130' title='bbox 582 2180 763 2278; x_wconf 87' lang='lat' dir='ltr'>etfregit,</span> <span class='ocrx_word' id='word_1_131' title='bbox 786 2194 821 2251; x_wconf 90' lang='lat' dir='ltr'>et</span> <span class='ocrx_word' id='word_1_132' title='bbox 843 2179 943 2251; x_wconf 91' lang='lat' dir='ltr'>dedit</span> <span class='ocrx_word' id='word_1_133' title='bbox 964 2179 1037 2267; x_wconf 76' lang='lat' dir='ltr'>eiS,</span> <span class='ocrx_word' id='word_1_134' title='bbox 1061 2177 1209 2250; x_wconf 89' lang='lat' dir='ltr'>dicens:</span> <span class='ocrx_word' id='word_1_135' title='bbox 1235 2207 1253 2246; x_wconf 88' lang='lat'>«</span> <span class='ocrx_word' id='word_1_136' title='bbox 1268 2183 1344 2250; x_wconf 86' lang='lat' dir='ltr'>lloc</span> <span class='ocrx_word' id='word_1_137' title='bbox 1367 2193 1419 2250; x_wconf 90' lang='lat' dir='ltr'>est</span> <span class='ocrx_word' id='word_1_138' title='bbox 1439 2203 1570 2277; x_wconf 90' lang='lat' dir='ltr'>corpus</span> <span class='ocrx_word' id='word_1_139' title='bbox 1599 2204 1720 2251; x_wconf 73' lang='lat' dir='ltr'>:rreum</span> <span class='ocrx_word' id='word_1_140' title='bbox 1740 2180 1840 2276; x_wconf 89' lang='lat' dir='ltr'>quod</span> <span class='ocrx_word' id='word_1_141' title='bbox 1861 2206 1928 2279; x_wconf 91' lang='lat' dir='ltr'>pro</span> <span class='ocrx_word' id='word_1_142' title='bbox 1952 2181 2053 2254; x_wconf 78' lang='lat' dir='ltr'>vobis</span> 
     </span>
     <span class='ocr_line' id='line_1_15' title="bbox 442 2299 2055 2400; baseline 0.003 -30"><span class='ocrx_word' id='word_1_143' title='bbox 442 2311 444 2314; x_wconf 82' lang='grc'><strong>’</strong></span> <span class='ocrx_word' id='word_1_144' title='bbox 471 2335 488 2371; x_wconf 77' lang='lat' dir='ltr'>a</span> <span class='ocrx_word' id='word_1_145' title='bbox 502 2306 619 2375; x_wconf 88' lang='lat' dir='ltr'>datur.</span> <span class='ocrx_word' id='word_1_146' title='bbox 636 2307 713 2373; x_wconf 89' lang='lat' dir='ltr'>Hoc</span> <span class='ocrx_word' id='word_1_147' title='bbox 730 2301 833 2373; x_wconf 79' lang='lat' dir='ltr'>facite</span> <span class='ocrx_word' id='word_1_148' title='bbox 853 2301 889 2370; x_wconf 91' lang='lat' dir='ltr'>in</span> <span class='ocrx_word' id='word_1_149' title='bbox 904 2323 1020 2371; x_wconf 90' lang='lat' dir='ltr'>meam</span> <span class='ocrx_word' id='word_1_150' title='bbox 1033 2299 1453 2370; x_wconf 86' lang='lat' dir='ltr'>commemorationem.»</span> <span class='ocrx_word' id='word_1_151' title='bbox 1469 2299 1636 2372; x_wconf 91' lang='lat' dir='ltr'>Similiter</span> <span class='ocrx_word' id='word_1_152' title='bbox 1653 2315 1688 2371; x_wconf 93' lang='lat' dir='ltr'>et</span> <span class='ocrx_word' id='word_1_153' title='bbox 1706 2299 1852 2372; x_wconf 89' lang='lat' dir='ltr'>calicem</span> <span class='ocrx_word' id='word_1_154' title='bbox 1865 2317 2055 2400; x_wconf 89' lang='lat' dir='ltr'>postquam</span> 
     </span>
     <span class='ocr_line' id='line_1_16' title="bbox 470 2417 1921 2515; baseline -0.009 -18"><span class='ocrx_word' id='word_1_155' title='bbox 470 2424 624 2497; x_wconf 86' lang='lat' dir='ltr'>coenavit</span> <span class='ocrx_word' id='word_1_156' title='bbox 640 2421 787 2494; x_wconf 89' lang='lat' dir='ltr'>dicens:</span> <span class='ocrx_word' id='word_1_157' title='bbox 815 2449 832 2488; x_wconf 78' lang='lat' dir='ltr'>a</span> <span class='ocrx_word' id='word_1_158' title='bbox 851 2421 916 2491; x_wconf 89' lang='lat' dir='ltr'>Hic</span> <span class='ocrx_word' id='word_1_159' title='bbox 933 2432 985 2491; x_wconf 91' lang='lat' dir='ltr'>est</span> <span class='ocrx_word' id='word_1_160' title='bbox 1006 2417 1095 2490; x_wconf 87' lang='lat' dir='ltr'>calix</span> <span class='ocrx_word' id='word_1_161' title='bbox 1111 2442 1248 2490; x_wconf 85' lang='lat' dir='ltr'>novum</span> <span class='ocrx_word' id='word_1_162' title='bbox 1266 2432 1517 2490; x_wconf 89' lang='lat' dir='ltr'>testamentum</span> <span class='ocrx_word' id='word_1_163' title='bbox 1538 2420 1573 2490; x_wconf 90' lang='lat' dir='ltr'>in</span> <span class='ocrx_word' id='word_1_164' title='bbox 1596 2421 1766 2515; x_wconf 74' lang='lat' dir='ltr'>sanguiue</span> <span class='ocrx_word' id='word_1_165' title='bbox 1790 2443 1883 2490; x_wconf 89' lang='lat' dir='ltr'>meo.</span> <span class='ocrx_word' id='word_1_166' title='bbox 1902 2448 1921 2485; x_wconf 74' lang='lat' dir='ltr'>n</span> 
     </span>
    </p>
   </div>
   <div class='ocr_carea' id='block_1_5' title="bbox 1081 2599 1437 2675">
    <p class='ocr_par' dir='ltr' id='par_1_5' title="bbox 1081 2599 1437 2675">
     <span class='ocr_line' id='line_1_17' title="bbox 1081 2599 1437 2675; baseline 0 -1"><span class='ocrx_word' id='word_1_167' title='bbox 1081 2603 1216 2675; x_wconf 81' lang='lat' dir='ltr'>Sodttio</span> <span class='ocrx_word' id='word_1_168' title='bbox 1242 2599 1437 2674; x_wconf 78' lang='lat' dir='ltr'>Abaetardt.</span> 
     </span>
    </p>
   </div>
   <div class='ocr_carea' id='block_1_6' title="bbox 468 2779 2077 5047">
    <p class='ocr_par' dir='ltr' id='par_1_6' title="bbox 468 2779 2077 5047">
     <span class='ocr_line' id='line_1_18' title="bbox 519 2779 2054 2881; baseline 0.001 -29"><span class='ocrx_word' id='word_1_169' title='bbox 519 2781 674 2872; x_wconf 85' lang='lat' dir='ltr'>Pascha,</span> <span class='ocrx_word' id='word_1_170' title='bbox 699 2780 799 2881; x_wconf 90' lang='lat' dir='ltr'>quod</span> <span class='ocrx_word' id='word_1_171' title='bbox 818 2779 1018 2854; x_wconf 88' lang='lat' dir='ltr'>secundum</span> <span class='ocrx_word' id='word_1_172' title='bbox 1040 2782 1153 2879; x_wconf 91' lang='lat' dir='ltr'>legem</span> <span class='ocrx_word' id='word_1_173' title='bbox 1173 2806 1299 2880; x_wconf 91' lang='lat' dir='ltr'>parare</span> <span class='ocrx_word' id='word_1_174' title='bbox 1318 2779 1511 2881; x_wconf 89' lang='lat' dir='ltr'>discipulos</span> <span class='ocrx_word' id='word_1_175' title='bbox 1528 2781 1690 2872; x_wconf 89' lang='lat' dir='ltr'>miserat,</span> <span class='ocrx_word' id='word_1_176' title='bbox 1712 2796 1813 2854; x_wconf 81' lang='lat' dir='ltr'>retus</span> <span class='ocrx_word' id='word_1_177' title='bbox 1831 2796 1884 2854; x_wconf 90' lang='lat' dir='ltr'>est</span> <span class='ocrx_word' id='word_1_178' title='bbox 1902 2782 2054 2880; x_wconf 85' lang='lat' dir='ltr'>pascha,</span> 
     </span>
     <span class='ocr_line' id='line_1_19' title="bbox 470 2900 2058 3000; baseline -0.001 -26"><span class='ocrx_word' id='word_1_179' title='bbox 470 2903 505 2974; x_wconf 89' lang='lat' dir='ltr'>in</span> <span class='ocrx_word' id='word_1_180' title='bbox 525 2927 588 2974; x_wconf 91' lang='lat' dir='ltr'>esu</span> <span class='ocrx_word' id='word_1_181' title='bbox 610 2901 774 2974; x_wconf 86' lang='lat' dir='ltr'>videlicet</span> <span class='ocrx_word' id='word_1_182' title='bbox 789 2902 871 3000; x_wconf 86' lang='lat' dir='ltr'>agni</span> <span class='ocrx_word' id='word_1_183' title='bbox 892 2900 948 2974; x_wconf 86' lang='lat' dir='ltr'>vel</span> <span class='ocrx_word' id='word_1_184' title='bbox 965 2901 1056 2974; x_wconf 79' lang='lat' dir='ltr'>haedi</span> <span class='ocrx_word' id='word_1_185' title='bbox 1077 2926 1161 2973; x_wconf 91' lang='lat' dir='ltr'>cum</span> <span class='ocrx_word' id='word_1_186' title='bbox 1182 2902 1330 2974; x_wconf 83' lang='lat' dir='ltr'>lactucis</span> <span class='ocrx_word' id='word_1_187' title='bbox 1346 2900 1552 2999; x_wconf 88' lang='lat' dir='ltr'>agrestibus.</span> <span class='ocrx_word' id='word_1_188' title='bbox 1568 2900 1677 2988; x_wconf 86' lang='lat' dir='ltr'>Quod</span> <span class='ocrx_word' id='word_1_189' title='bbox 1694 2901 1800 2974; x_wconf 88' lang='lat' dir='ltr'>ctiam</span> <span class='ocrx_word' id='word_1_190' title='bbox 1821 2901 1955 3000; x_wconf 89' lang='lat' dir='ltr'>pascha</span> <span class='ocrx_word' id='word_1_191' title='bbox 1972 2901 2058 2974; x_wconf 92' lang='lat' dir='ltr'>dicit</span> 
     </span>
     <span class='ocr_line' id='line_1_20' title="bbox 470 3021 2058 3120; baseline -0.003 -25"><span class='ocrx_word' id='word_1_192' title='bbox 470 3047 507 3096; x_wconf 91' lang='lat' dir='ltr'>se</span> <span class='ocrx_word' id='word_1_193' title='bbox 524 3022 766 3113; x_wconf 87' lang='lat' dir='ltr'>desiderasse,</span> <span class='ocrx_word' id='word_1_194' title='bbox 798 3039 836 3095; x_wconf 89' lang='lat' dir='ltr'>ut</span> <span class='ocrx_word' id='word_1_195' title='bbox 856 3023 928 3095; x_wconf 93' lang='lat' dir='ltr'>boc</span> <span class='ocrx_word' id='word_1_196' title='bbox 949 3048 1033 3094; x_wconf 92' lang='lat' dir='ltr'>cum</span> <span class='ocrx_word' id='word_1_197' title='bbox 1051 3021 1234 3120; x_wconf 85' lang='lat' dir='ltr'>discipulis</span> <span class='ocrx_word' id='word_1_198' title='bbox 1251 3021 1505 3112; x_wconf 85' lang='lat' dir='ltr'>manducaret,</span> <span class='ocrx_word' id='word_1_199' title='bbox 1535 3036 1726 3119; x_wconf 89' lang='lat' dir='ltr'>antequam</span> <span class='ocrx_word' id='word_1_200' title='bbox 1745 3035 1955 3120; x_wconf 89' lang='lat' dir='ltr'>pateretur:</span> <span class='ocrx_word' id='word_1_201' title='bbox 1976 3022 2058 3118; x_wconf 90' lang='lat' dir='ltr'>quia</span> 
     </span>
     <span class='ocr_line' id='line_1_21' title="bbox 470 3141 2061 3243; baseline -0.003 -27"><span class='ocrx_word' id='word_1_202' title='bbox 470 3159 552 3216; x_wconf 91' lang='lat' dir='ltr'>aute</span> <span class='ocrx_word' id='word_1_203' title='bbox 573 3145 795 3243; x_wconf 85' lang='lat' dir='ltr'>passionem,</span> <span class='ocrx_word' id='word_1_204' title='bbox 817 3169 891 3215; x_wconf 91' lang='lat' dir='ltr'>non</span> <span class='ocrx_word' id='word_1_205' title='bbox 909 3158 1034 3241; x_wconf 90' lang='lat' dir='ltr'>postea</span> <span class='ocrx_word' id='word_1_206' title='bbox 1053 3142 1167 3215; x_wconf 90' lang='lat' dir='ltr'>voluit</span> <span class='ocrx_word' id='word_1_207' title='bbox 1183 3144 1219 3213; x_wconf 90' lang='lat' dir='ltr'>in</span> <span class='ocrx_word' id='word_1_208' title='bbox 1238 3141 1360 3239; x_wconf 78' lang='lat' dir='ltr'>liguris</span> <span class='ocrx_word' id='word_1_209' title='bbox 1377 3141 1546 3214; x_wconf 89' lang='lat' dir='ltr'>celebrari</span> <span class='ocrx_word' id='word_1_210' title='bbox 1560 3157 1698 3231; x_wconf 86' lang='lat' dir='ltr'>vetera,</span> <span class='ocrx_word' id='word_1_211' title='bbox 1718 3165 1797 3237; x_wconf 76' lang='lat' dir='ltr'>quae</span> <span class='ocrx_word' id='word_1_212' title='bbox 1810 3141 2061 3240; x_wconf 90' lang='lat' dir='ltr'>supervenien-</span> 
     </span>
     <span class='ocr_line' id='line_1_22' title="bbox 471 3260 2061 3362; baseline -0.003 -26"><span class='ocrx_word' id='word_1_213' title='bbox 471 3263 564 3336; x_wconf 88' lang='lat' dir='ltr'>tibus</span> <span class='ocrx_word' id='word_1_214' title='bbox 582 3265 685 3336; x_wconf 88' lang='lat' dir='ltr'>novis</span> <span class='ocrx_word' id='word_1_215' title='bbox 702 3279 818 3337; x_wconf 81' lang='lat' dir='ltr'>essent</span> <span class='ocrx_word' id='word_1_216' title='bbox 835 3262 1067 3362; x_wconf 89' lang='lat' dir='ltr'>projicienda.</span> <span class='ocrx_word' id='word_1_217' title='bbox 1091 3262 1199 3350; x_wconf 91' lang='lat' dir='ltr'>Quod</span> <span class='ocrx_word' id='word_1_218' title='bbox 1218 3278 1253 3335; x_wconf 91' lang='lat' dir='ltr'>et</span> <span class='ocrx_word' id='word_1_219' title='bbox 1271 3264 1346 3360; x_wconf 92' lang='lat' dir='ltr'>ipse</span> <span class='ocrx_word' id='word_1_220' title='bbox 1364 3263 1542 3335; x_wconf 91' lang='lat' dir='ltr'>Dominus</span> <span class='ocrx_word' id='word_1_221' title='bbox 1563 3276 1726 3360; x_wconf 92' lang='lat' dir='ltr'>patenter</span> <span class='ocrx_word' id='word_1_222' title='bbox 1748 3260 1923 3350; x_wconf 89' lang='lat' dir='ltr'>insinuat,</span> <span class='ocrx_word' id='word_1_223' title='bbox 1948 3285 2061 3359; x_wconf 90' lang='lat' dir='ltr'>quum</span> 
     </span>
     <span class='ocr_line' id='line_1_23' title="bbox 470 3382 2060 3472; baseline -0.001 -17"><span class='ocrx_word' id='word_1_224' title='bbox 470 3384 517 3456; x_wconf 94' lang='lat' dir='ltr'>de</span> <span class='ocrx_word' id='word_1_225' title='bbox 537 3409 634 3456; x_wconf 87' lang='lat' dir='ltr'>novo</span> <span class='ocrx_word' id='word_1_226' title='bbox 648 3399 870 3457; x_wconf 91' lang='lat' dir='ltr'>sacramento</span> <span class='ocrx_word' id='word_1_227' title='bbox 887 3399 1026 3456; x_wconf 91' lang='lat' dir='ltr'>tantum</span> <span class='ocrx_word' id='word_1_228' title='bbox 1044 3384 1191 3457; x_wconf 85' lang='lat' dir='ltr'>dixerit:</span> <span class='ocrx_word' id='word_1_229' title='bbox 1212 3389 1318 3455; x_wconf 85' lang='lat' dir='ltr'>«Hoc</span> <span class='ocrx_word' id='word_1_230' title='bbox 1331 3382 1482 3455; x_wconf 87' lang='lat' dir='ltr'>facitein</span> <span class='ocrx_word' id='word_1_231' title='bbox 1497 3407 1615 3454; x_wconf 90' lang='lat' dir='ltr'>meam</span> <span class='ocrx_word' id='word_1_232' title='bbox 1628 3382 2022 3472; x_wconf 88' lang='lat' dir='ltr'>commemorationem,</span> <span class='ocrx_word' id='word_1_233' title='bbox 2040 3409 2060 3446; x_wconf 78' lang='lat' dir='ltr'>u</span> 
     </span>
     <span class='ocr_line' id='line_1_24' title="bbox 471 3503 2064 3602; baseline -0.004 -24"><span class='ocrx_word' id='word_1_234' title='bbox 471 3521 640 3602; x_wconf 89' lang='lat' dir='ltr'>tanquam</span> <span class='ocrx_word' id='word_1_235' title='bbox 671 3519 771 3576; x_wconf 88' lang='lat' dir='ltr'>vetus</span> <span class='ocrx_word' id='word_1_236' title='bbox 794 3505 869 3601; x_wconf 90' lang='lat' dir='ltr'>jam</span> <span class='ocrx_word' id='word_1_237' title='bbox 901 3504 1048 3594; x_wconf 87' lang='lat' dir='ltr'>liniens,</span> <span class='ocrx_word' id='word_1_238' title='bbox 1072 3520 1108 3576; x_wconf 89' lang='lat' dir='ltr'>et</span> <span class='ocrx_word' id='word_1_239' title='bbox 1134 3503 1365 3577; x_wconf 89' lang='lat' dir='ltr'>solummodo</span> <span class='ocrx_word' id='word_1_240' title='bbox 1384 3528 1521 3576; x_wconf 91' lang='lat' dir='ltr'>novum</span> <span class='ocrx_word' id='word_1_241' title='bbox 1540 3503 1709 3602; x_wconf 88' lang='lat' dir='ltr'>deinceps</span> <span class='ocrx_word' id='word_1_242' title='bbox 1742 3516 1912 3574; x_wconf 89' lang='lat' dir='ltr'>statuens.</span> <span class='ocrx_word' id='word_1_243' title='bbox 1939 3505 2064 3589; x_wconf 89' lang='lat' dir='ltr'>Quum</span> 
     </span>
     <span class='ocr_line' id='line_1_25' title="bbox 472 3620 2064 3724; baseline -0.003 -28"><span class='ocrx_word' id='word_1_244' title='bbox 472 3626 568 3696; x_wconf 90' lang='lat' dir='ltr'>enirn</span> <span class='ocrx_word' id='word_1_245' title='bbox 586 3625 755 3696; x_wconf 88' lang='lat' dir='ltr'>dixisset:</span> <span class='ocrx_word' id='word_1_246' title='bbox 781 3629 892 3697; x_wconf 83' lang='lat' dir='ltr'>«Hoc</span> <span class='ocrx_word' id='word_1_247' title='bbox 912 3638 964 3696; x_wconf 91' lang='lat' dir='ltr'>est</span> <span class='ocrx_word' id='word_1_248' title='bbox 984 3649 1115 3724; x_wconf 87' lang='lat' dir='ltr'>corpus</span> <span class='ocrx_word' id='word_1_249' title='bbox 1133 3649 1276 3718; x_wconf 91' lang='lat' dir='ltr'>meum,</span> <span class='ocrx_word' id='word_1_250' title='bbox 1297 3623 1398 3722; x_wconf 90' lang='lat' dir='ltr'>quod</span> <span class='ocrx_word' id='word_1_251' title='bbox 1414 3649 1482 3722; x_wconf 89' lang='lat' dir='ltr'>pro</span> <span class='ocrx_word' id='word_1_252' title='bbox 1500 3622 1601 3697; x_wconf 87' lang='lat' dir='ltr'>vobis</span> <span class='ocrx_word' id='word_1_253' title='bbox 1619 3621 1799 3714; x_wconf 90' lang='lat' dir='ltr'>tradetur,</span> <span class='ocrx_word' id='word_1_254' title='bbox 1820 3651 1837 3690; x_wconf 84' lang='lat' dir='ltr'>u</span> <span class='ocrx_word' id='word_1_255' title='bbox 1859 3623 1978 3694; x_wconf 87' lang='lat' dir='ltr'>statim</span> <span class='ocrx_word' id='word_1_256' title='bbox 2000 3620 2064 3694; x_wconf 89' lang='lat' dir='ltr'>ad·</span> 
     </span>
     <span class='ocr_line' id='line_1_26' title="bbox 468 3742 2065 3842; baseline -0.001 -27"><span class='ocrx_word' id='word_1_257' title='bbox 468 3743 610 3838; x_wconf 85' lang='lat' dir='ltr'>junxit:</span> <span class='ocrx_word' id='word_1_258' title='bbox 634 3773 651 3813; x_wconf 83' lang='lat' dir='ltr'>a</span> <span class='ocrx_word' id='word_1_259' title='bbox 669 3749 745 3816; x_wconf 90' lang='lat' dir='ltr'>Hoc</span> <span class='ocrx_word' id='word_1_260' title='bbox 763 3744 864 3817; x_wconf 84' lang='lat' dir='ltr'>facite</span> <span class='ocrx_word' id='word_1_261' title='bbox 877 3746 915 3816; x_wconf 91' lang='lat' dir='ltr'>in</span> <span class='ocrx_word' id='word_1_262' title='bbox 928 3769 1045 3817; x_wconf 87' lang='lat' dir='ltr'>meam</span> <span class='ocrx_word' id='word_1_263' title='bbox 1061 3746 1488 3817; x_wconf 87' lang='lat' dir='ltr'>commemorationem.»</span> <span class='ocrx_word' id='word_1_264' title='bbox 1504 3742 1607 3816; x_wconf 90' lang='lat' dir='ltr'>Unde</span> <span class='ocrx_word' id='word_1_265' title='bbox 1620 3757 1655 3815; x_wconf 91' lang='lat' dir='ltr'>et</span> <span class='ocrx_word' id='word_1_266' title='bbox 1671 3742 1886 3842; x_wconf 78' lang='lat' dir='ltr'>Apostolus²</span> <span class='ocrx_word' id='word_1_267' title='bbox 1902 3769 1910 3814; x_wconf 91' lang='lat'>:</span> <span class='ocrx_word' id='word_1_268' title='bbox 1929 3772 1948 3811; x_wconf 80' lang='lat' dir='ltr'>a</span> <span class='ocrx_word' id='word_1_269' title='bbox 1964 3746 2065 3830; x_wconf 91' lang='lat' dir='ltr'>Quo·</span> 
     </span>
     <span class='ocr_line' id='line_1_27' title="bbox 472 3858 2066 3964; baseline -0.002 -28"><span class='ocrx_word' id='word_1_270' title='bbox 472 3865 680 3962; x_wconf 90' lang='lat' dir='ltr'>tiescunque</span> <span class='ocrx_word' id='word_1_271' title='bbox 698 3867 794 3937; x_wconf 88' lang='lat' dir='ltr'>enim</span> <span class='ocrx_word' id='word_1_272' title='bbox 813 3864 1071 3937; x_wconf 90' lang='lat' dir='ltr'>manducabitis</span> <span class='ocrx_word' id='word_1_273' title='bbox 1082 3858 1221 3964; x_wconf 71' lang='lat' dir='ltr'>¹panem</span> <span class='ocrx_word' id='word_1_274' title='bbox 1233 3866 1331 3938; x_wconf 90' lang='lat' dir='ltr'>hunc</span> <span class='ocrx_word' id='word_1_275' title='bbox 1354 3880 1390 3937; x_wconf 89' lang='lat' dir='ltr'>et</span> <span class='ocrx_word' id='word_1_276' title='bbox 1408 3865 1555 3936; x_wconf 90' lang='lat' dir='ltr'>calicem</span> <span class='ocrx_word' id='word_1_277' title='bbox 1567 3863 1720 3954; x_wconf 91' lang='lat' dir='ltr'>bibetis,</span> <span class='ocrx_word' id='word_1_278' title='bbox 1738 3877 1892 3936; x_wconf 91' lang='lat' dir='ltr'>mortem</span> <span class='ocrx_word' id='word_1_279' title='bbox 1915 3863 2066 3936; x_wconf 77' lang='lat' dir='ltr'>Domim</span> 
     </span>
     <span class='ocr_line' id='line_1_28' title="bbox 472 3983 2068 4084; baseline -0.003 -26"><span class='ocrx_word' id='word_1_280' title='bbox 472 3985 726 4059; x_wconf 88' lang='lat' dir='ltr'>annuntiabitis</span> <span class='ocrx_word' id='word_1_281' title='bbox 752 3986 869 4058; x_wconf 87' lang='lat' dir='ltr'>donec</span> <span class='ocrx_word' id='word_1_282' title='bbox 896 3989 1025 4058; x_wconf 88' lang='lat' dir='ltr'>veniat.</span> <span class='ocrx_word' id='word_1_283' title='bbox 1048 4015 1066 4052; x_wconf 80' lang='lat' dir='ltr'>n</span> <span class='ocrx_word' id='word_1_284' title='bbox 1091 3991 1154 4058; x_wconf 91' lang='lat' dir='ltr'>Est</span> <span class='ocrx_word' id='word_1_285' title='bbox 1177 3987 1283 4084; x_wconf 91' lang='lat' dir='ltr'>igitur</span> <span class='ocrx_word' id='word_1_286' title='bbox 1303 3986 1417 4058; x_wconf 87' lang='lat' dir='ltr'>missae</span> <span class='ocrx_word' id='word_1_287' title='bbox 1440 3984 1652 4076; x_wconf 87' lang='lat' dir='ltr'>celebratio,</span> <span class='ocrx_word' id='word_1_288' title='bbox 1681 3983 1869 4056; x_wconf 78' lang='lat' dir='ltr'>dominica:</span> <span class='ocrx_word' id='word_1_289' title='bbox 1888 3983 2068 4081; x_wconf 86' lang='lat' dir='ltr'>passionis</span> 
     </span>
     <span class='ocr_line' id='line_1_29' title="bbox 473 4103 2068 4204; baseline -0.003 -25"><span class='ocrx_word' id='word_1_290' title='bbox 473 4106 793 4198; x_wconf 89' lang='lat' dir='ltr'>commemoratio,</span> <span class='ocrx_word' id='word_1_291' title='bbox 823 4105 870 4177; x_wconf 88' lang='lat' dir='ltr'>ad</span> <span class='ocrx_word' id='word_1_292' title='bbox 892 4130 1001 4202; x_wconf 91' lang='lat' dir='ltr'>quam</span> <span class='ocrx_word' id='word_1_293' title='bbox 1020 4105 1265 4204; x_wconf 90' lang='lat' dir='ltr'>unusquisque</span> <span class='ocrx_word' id='word_1_294' title='bbox 1295 4104 1455 4178; x_wconf 84' lang='lat' dir='ltr'>fidelium</span> <span class='ocrx_word' id='word_1_295' title='bbox 1478 4120 1575 4176; x_wconf 86' lang='lat' dir='ltr'>tanta</span> <span class='ocrx_word' id='word_1_296' title='bbox 1591 4105 1850 4204; x_wconf 88' lang='lat' dir='ltr'>compassionis</span> <span class='ocrx_word' id='word_1_297' title='bbox 1869 4103 2068 4176; x_wconf 88' lang='lat' dir='ltr'>devotione</span> 
     </span>
     <span class='ocr_line' id='line_1_30' title="bbox 472 4221 2068 4323; baseline -0.003 -25"><span class='ocrx_word' id='word_1_298' title='bbox 472 4225 579 4298; x_wconf 89' lang='lat' dir='ltr'>debet</span> <span class='ocrx_word' id='word_1_299' title='bbox 597 4223 788 4315; x_wconf 89' lang='lat' dir='ltr'>accedere,</span> <span class='ocrx_word' id='word_1_300' title='bbox 813 4239 946 4323; x_wconf 89' lang='lat' dir='ltr'>quanta</span> <span class='ocrx_word' id='word_1_301' title='bbox 965 4250 1048 4296; x_wconf 88' lang='lat' dir='ltr'>cum</span> <span class='ocrx_word' id='word_1_302' title='bbox 1071 4249 1139 4323; x_wconf 93' lang='lat' dir='ltr'>pro</span> <span class='ocrx_word' id='word_1_303' title='bbox 1156 4249 1194 4297; x_wconf 88' lang='lat' dir='ltr'>se</span> <span class='ocrx_word' id='word_1_304' title='bbox 1212 4223 1421 4297; x_wconf 87' lang='lat' dir='ltr'>crucifixum</span> <span class='ocrx_word' id='word_1_305' title='bbox 1440 4224 1549 4298; x_wconf 89' lang='lat' dir='ltr'>debet</span> <span class='ocrx_word' id='word_1_306' title='bbox 1570 4225 1790 4323; x_wconf 90' lang='lat' dir='ltr'>conspicere.</span> <span class='ocrx_word' id='word_1_307' title='bbox 1816 4228 1862 4294; x_wconf 92' lang='lat' dir='ltr'>Ut</span> <span class='ocrx_word' id='word_1_308' title='bbox 1879 4247 1965 4320; x_wconf 85' lang='lat' dir='ltr'>ergo</span> <span class='ocrx_word' id='word_1_309' title='bbox 1986 4221 2068 4294; x_wconf 73' lang='lat' dir='ltr'>baec</span> 
     </span>
     <span class='ocr_line' id='line_1_31' title="bbox 472 4343 2071 4444; baseline -0.001 -27"><span class='ocrx_word' id='word_1_310' title='bbox 472 4346 659 4418; x_wconf 74' lang='lat' dir='ltr'>dominice</span> <span class='ocrx_word' id='word_1_311' title='bbox 673 4346 846 4444; x_wconf 87' lang='lat' dir='ltr'>passionis</span> <span class='ocrx_word' id='word_1_312' title='bbox 868 4345 1040 4418; x_wconf 89' lang='lat' dir='ltr'>memoria</span> <span class='ocrx_word' id='word_1_313' title='bbox 1060 4345 1189 4416; x_wconf 90' lang='lat' dir='ltr'>nostris</span> <span class='ocrx_word' id='word_1_314' title='bbox 1207 4344 1386 4418; x_wconf 92' lang='lat' dir='ltr'>mentibus</span> <span class='ocrx_word' id='word_1_315' title='bbox 1396 4344 1582 4435; x_wconf 72' lang='lat' dir='ltr'>inhaereat,</span> <span class='ocrx_word' id='word_1_316' title='bbox 1602 4359 1638 4416; x_wconf 91' lang='lat' dir='ltr'>et</span> <span class='ocrx_word' id='word_1_317' title='bbox 1651 4344 1688 4415; x_wconf 91' lang='lat' dir='ltr'>in</span> <span class='ocrx_word' id='word_1_318' title='bbox 1703 4343 1779 4441; x_wconf 89' lang='lat' dir='ltr'>ejus</span> <span class='ocrx_word' id='word_1_319' title='bbox 1793 4368 1955 4416; x_wconf 89' lang='lat' dir='ltr'>amorem</span> <span class='ocrx_word' id='word_1_320' title='bbox 1974 4367 2071 4416; x_wconf 87' lang='lat' dir='ltr'>sem·</span> 
     </span>
     <span class='ocr_line' id='line_1_32' title="bbox 473 4462 2068 4563; baseline -0.004 -27"><span class='ocrx_word' id='word_1_321' title='bbox 473 4491 538 4563; x_wconf 90' lang='lat' dir='ltr'>per</span> <span class='ocrx_word' id='word_1_322' title='bbox 548 4464 732 4554; x_wconf 90' lang='lat' dir='ltr'>accendat,</span> <span class='ocrx_word' id='word_1_323' title='bbox 747 4462 907 4562; x_wconf 91' lang='lat' dir='ltr'>quotidie</span> <span class='ocrx_word' id='word_1_324' title='bbox 920 4465 956 4535; x_wconf 95' lang='lat' dir='ltr'>in</span> <span class='ocrx_word' id='word_1_325' title='bbox 972 4463 1048 4560; x_wconf 89' lang='lat' dir='ltr'>ejus</span> <span class='ocrx_word' id='word_1_326' title='bbox 1061 4463 1162 4536; x_wconf 90' lang='lat' dir='ltr'>altari</span> <span class='ocrx_word' id='word_1_327' title='bbox 1173 4464 1244 4536; x_wconf 93' lang='lat' dir='ltr'>hoc</span> <span class='ocrx_word' id='word_1_328' title='bbox 1257 4465 1334 4562; x_wconf 90' lang='lat' dir='ltr'>ejus</span> <span class='ocrx_word' id='word_1_329' title='bbox 1347 4463 1558 4538; x_wconf 87' lang='lat' dir='ltr'>sacrificium</span> <span class='ocrx_word' id='word_1_330' title='bbox 1569 4464 1678 4536; x_wconf 91' lang='lat' dir='ltr'>debet</span> <span class='ocrx_word' id='word_1_331' title='bbox 1691 4463 1882 4536; x_wconf 88' lang='lat' dir='ltr'>immolari.</span> <span class='ocrx_word' id='word_1_332' title='bbox 1901 4493 1918 4531; x_wconf 78' lang='lat' dir='ltr'>a</span> <span class='ocrx_word' id='word_1_333' title='bbox 1933 4465 2026 4553; x_wconf 85' lang='lat' dir='ltr'>Hoc,</span> <span class='ocrx_word' id='word_1_334' title='bbox 2046 4493 2068 4530; x_wconf 73' lang='lat' dir='ltr'>a</span> 
     </span>
     <span class='ocr_line' id='line_1_33' title="bbox 472 4583 2068 4685; baseline 0 -29"><span class='ocrx_word' id='word_1_335' title='bbox 472 4587 603 4684; x_wconf 89' lang='lat' dir='ltr'>iuquit,</span> <span class='ocrx_word' id='word_1_336' title='bbox 633 4585 792 4675; x_wconf 84' lang='lat' dir='ltr'>«facite,</span> <span class='ocrx_word' id='word_1_337' title='bbox 815 4613 833 4652; x_wconf 73' lang='lat' dir='ltr'>a</span> <span class='ocrx_word' id='word_1_338' title='bbox 858 4585 930 4657; x_wconf 89' lang='lat' dir='ltr'>boc</span> <span class='ocrx_word' id='word_1_339' title='bbox 949 4599 1001 4657; x_wconf 90' lang='lat' dir='ltr'>est</span> <span class='ocrx_word' id='word_1_340' title='bbox 1019 4585 1136 4684; x_wconf 92' lang='lat' dir='ltr'>ipsum</span> <span class='ocrx_word' id='word_1_341' title='bbox 1154 4610 1286 4685; x_wconf 87' lang='lat' dir='ltr'>corpus</span> <span class='ocrx_word' id='word_1_342' title='bbox 1308 4610 1450 4676; x_wconf 91' lang='lat' dir='ltr'>meum,</span> <span class='ocrx_word' id='word_1_343' title='bbox 1473 4609 1546 4658; x_wconf 91' lang='lat' dir='ltr'>non</span> <span class='ocrx_word' id='word_1_344' title='bbox 1562 4586 1638 4683; x_wconf 90' lang='lat' dir='ltr'>jam</span> <span class='ocrx_word' id='word_1_345' title='bbox 1657 4609 1723 4685; x_wconf 91' lang='lat' dir='ltr'>pro</span> <span class='ocrx_word' id='word_1_346' title='bbox 1746 4584 1847 4657; x_wconf 87' lang='lat' dir='ltr'>vobis</span> <span class='ocrx_word' id='word_1_347' title='bbox 1864 4583 2068 4674; x_wconf 88' lang='lat' dir='ltr'>traditum,</span> 
     </span>
     <span class='ocr_line' id='line_1_34' title="bbox 474 4704 2074 4802; baseline 0.001 -24"><span class='ocrx_word' id='word_1_348' title='bbox 474 4705 535 4778; x_wconf 87' lang='lat' dir='ltr'>sed</span> <span class='ocrx_word' id='word_1_349' title='bbox 553 4704 767 4777; x_wconf 89' lang='lat' dir='ltr'>tradendum</span> <span class='ocrx_word' id='word_1_350' title='bbox 788 4707 825 4776; x_wconf 92' lang='lat' dir='ltr'>in</span> <span class='ocrx_word' id='word_1_351' title='bbox 845 4705 1056 4776; x_wconf 85' lang='lat' dir='ltr'>memoriam</span> <span class='ocrx_word' id='word_1_352' title='bbox 1076 4719 1181 4777; x_wconf 86' lang='lat' dir='ltr'>tantae</span> <span class='ocrx_word' id='word_1_353' title='bbox 1207 4730 1294 4778; x_wconf 85' lang='lat' dir='ltr'>mcae</span> <span class='ocrx_word' id='word_1_354' title='bbox 1320 4706 1519 4778; x_wconf 89' lang='lat' dir='ltr'>dilectionis</span> <span class='ocrx_word' id='word_1_355' title='bbox 1537 4705 1724 4795; x_wconf 86' lang='lat' dir='ltr'>conficite,</span> <span class='ocrx_word' id='word_1_356' title='bbox 1752 4721 1791 4778; x_wconf 90' lang='lat' dir='ltr'>ut</span> <span class='ocrx_word' id='word_1_357' title='bbox 1815 4704 1899 4778; x_wconf 93' lang='lat' dir='ltr'>inde</span> <span class='ocrx_word' id='word_1_358' title='bbox 1916 4729 2074 4802; x_wconf 83' lang='lat' dir='ltr'>quoque</span> 
     </span>
     <span class='ocr_line' id='line_1_35' title="bbox 474 4825 2076 4927; baseline 0.002 -31"><span class='ocrx_word' id='word_1_359' title='bbox 474 4840 578 4897; x_wconf 85' lang='lat' dir='ltr'>tantae</span> <span class='ocrx_word' id='word_1_360' title='bbox 606 4825 807 4898; x_wconf 87' lang='lat' dir='ltr'>dilectionis</span> <span class='ocrx_word' id='word_1_361' title='bbox 832 4825 975 4898; x_wconf 87' lang='lat' dir='ltr'>llamma</span> <span class='ocrx_word' id='word_1_362' title='bbox 1004 4827 1078 4898; x_wconf 89' lang='lat' dir='ltr'>sitis</span> <span class='ocrx_word' id='word_1_363' title='bbox 1104 4827 1265 4917; x_wconf 88' lang='lat' dir='ltr'>accensi,</span> <span class='ocrx_word' id='word_1_364' title='bbox 1293 4842 1334 4900; x_wconf 90' lang='lat' dir='ltr'>ut</span> <span class='ocrx_word' id='word_1_365' title='bbox 1356 4829 1622 4902; x_wconf 89' lang='lat' dir='ltr'>communicare</span> <span class='ocrx_word' id='word_1_366' title='bbox 1647 4827 1789 4927; x_wconf 90' lang='lat' dir='ltr'>possitis</span> <span class='ocrx_word' id='word_1_367' title='bbox 1810 4827 1978 4925; x_wconf 87' lang='lat' dir='ltr'>passioni.</span> <span class='ocrx_word' id='word_1_368' title='bbox 2005 4828 2076 4899; x_wconf 89' lang='lat' dir='ltr'>Bis</span> 
     </span>
     <span class='ocr_line' id='line_1_36' title="bbox 475 4941 2077 5047; baseline 0.002 -31"><span class='ocrx_word' id='word_1_369' title='bbox 475 4944 643 5034; x_wconf 84' lang='lat' dir='ltr'>eumdem</span> <span class='ocrx_word' id='word_1_370' title='bbox 657 4945 804 5018; x_wconf 87' lang='lat' dir='ltr'>calicem</span> <span class='ocrx_word' id='word_1_371' title='bbox 822 4941 908 5019; x_wconf 89' lang='lat' dir='ltr'>dare</span> <span class='ocrx_word' id='word_1_372' title='bbox 926 4944 1060 5038; x_wconf 84' lang='lat' dir='ltr'>voluit,</span> <span class='ocrx_word' id='word_1_373' title='bbox 1075 4962 1114 5020; x_wconf 89' lang='lat' dir='ltr'>ut</span> <span class='ocrx_word' id='word_1_374' title='bbox 1130 4973 1196 5046; x_wconf 88' lang='lat' dir='ltr'>per</span> <span class='ocrx_word' id='word_1_375' title='bbox 1211 4946 1283 5020; x_wconf 93' lang='lat' dir='ltr'>hoc</span> <span class='ocrx_word' id='word_1_376' title='bbox 1300 4949 1513 5047; x_wconf 90' lang='lat' dir='ltr'>exprimeret</span> <span class='ocrx_word' id='word_1_377' title='bbox 1526 4973 1592 5020; x_wconf 91' lang='lat' dir='ltr'>nos</span> <span class='ocrx_word' id='word_1_378' title='bbox 1603 4947 1751 5020; x_wconf 88' lang='lat' dir='ltr'>calicem</span> <span class='ocrx_word' id='word_1_379' title='bbox 1766 4947 1842 5044; x_wconf 89' lang='lat' dir='ltr'>ejus</span> <span class='ocrx_word' id='word_1_380' title='bbox 1856 4970 1929 5018; x_wconf 90' lang='lat' dir='ltr'>nou</span> <span class='ocrx_word' id='word_1_381' title='bbox 1944 4945 2077 5019; x_wconf 87' lang='lat' dir='ltr'>solum</span> 
     </span>
    </p>
   </div>
   <div class='ocr_carea' id='block_1_7' title="bbox 509 5219 1340 5294">
    <p class='ocr_par' dir='ltr' id='par_1_7' title="bbox 509 5219 1340 5294">
     <span class='ocr_line' id='line_1_37' title="bbox 509 5219 1340 5294; baseline 0.005 -22"><span class='ocrx_word' id='word_1_382' title='bbox 509 5221 517 5247; x_wconf 76' lang='lat'><em>⁶</em></span> <span class='ocrx_word' id='word_1_383' title='bbox 536 5222 607 5286; x_wconf 81' lang='lat' dir='ltr'>buc,</span> <span class='ocrx_word' id='word_1_384' title='bbox 617 5237 673 5290; x_wconf 81' lang='lat' dir='ltr'>cap.</span> <span class='ocrx_word' id='word_1_385' title='bbox 683 5239 734 5275; x_wconf 83' lang='lat' dir='ltr'>xxa</span> <span class='ocrx_word' id='word_1_386' title='bbox 744 5260 751 5286; x_wconf 90' lang='lat'>,</span> <span class='ocrx_word' id='word_1_387' title='bbox 762 5240 786 5275; x_wconf 81' lang='lat' dir='ltr'>r.</span> <span class='ocrx_word' id='word_1_388' title='bbox 799 5223 827 5272; x_wconf 84' lang='lat' dir='ltr'>tt</span> <span class='ocrx_word' id='word_1_389' title='bbox 838 5233 863 5274; x_wconf 89' lang='lat' dir='ltr'>et</span> <span class='ocrx_word' id='word_1_390' title='bbox 874 5219 968 5292; x_wconf 59' lang='lat' dir='ltr'>sq‚-‚¹</span> <span class='ocrx_word' id='word_1_391' title='bbox 1004 5227 1131 5287; x_wconf 71' lang='lat' dir='ltr'>ortumt,</span> <span class='ocrx_word' id='word_1_392' title='bbox 1143 5241 1190 5294; x_wconf 82' lang='lat' dir='ltr'>cap</span> <span class='ocrx_word' id='word_1_393' title='bbox 1211 5241 1250 5288; x_wconf 87' lang='lat' dir='ltr'>xr,</span> <span class='ocrx_word' id='word_1_394' title='bbox 1262 5242 1286 5276; x_wconf 79' lang='lat' dir='ltr'>r.</span> <span class='ocrx_word' id='word_1_395' title='bbox 1300 5227 1340 5276; x_wconf 77' lang='lat' dir='ltr'>at.</span> 
     </span>
    </p>
   </div>
   <div class='ocr_carea' id='block_1_8' title="bbox 0 0 2279 6100">
    <p class='ocr_par' dir='ltr' id='par_1_8' title="bbox 0 0 2279 6100">
     <span class='ocr_line' id='line_1_38' title="bbox 0 0 2279 6100; baseline 0 0"><span class='ocrx_word' id='word_1_396' title='bbox 0 0 2279 6100; x_wconf 95' lang='lat' dir='ltr'> </span> 
     </span>
    </p>
   </div>
  </div>
 </body>
</html>
