4510 6108
461 555 531 624 542
1055 555 1183 627 PETRI
1209 553 1444 627 ABAELARDI

460 697 557 766 enim
573 720 636 766 cor
654 697 728 790 ejus
745 693 913 765 fiduciam
930 693 1068 766 habens
1081 697 1118 768 in
1135 697 1339 768 Domino.»
1359 695 1454 783 Quid
1471 697 1639 794 estquod
1656 696 1841 796 hucusque
1857 724 1970 796 quum
1984 703 2036 772 sui

459 841 538 887 eam
555 816 740 904 deflerent,
757 839 832 886 non
849 830 903 886 est
919 832 1117 888 memorata
1134 817 1231 905 llere,
1251 817 1314 888 sed
1331 832 1417 888 tunc
1433 832 1572 890 tantum
1589 841 1702 915 quum
1713 819 1950 892 castissimum
1965 823 2036 916 ejus

459 951 565 1033 caput
591 937 841 1032 contingerent
866 960 994 1009 manus
1019 936 1227 1034 impudicae?
1249 937 1419 1035 Nunquid
1443 953 1529 1009 tunc
1555 938 1672 1036 primo
1704 938 1760 1009 vel
1789 939 1966 1038 praecipue
1993 941 2035 1012 de

458 1055 617 1150 periculo
643 1055 793 1126 timebat
810 1056 910 1126 vitae?
935 1055 1043 1141 Quod
1066 1056 1214 1152 quidem
1234 1079 1280 1126 ne
1297 1057 1530 1154 suspicemur,
1550 1079 1634 1128 mox
1651 1059 1869 1130 annectitur¹
1889 1087 1897 1129 :
1920 1087 1937 1126 u
1957 1063 2036 1130 Erat

459 1177 555 1246 enim
575 1200 639 1246 cor
655 1176 730 1271 ejus
749 1175 917 1247 fiduciam
934 1175 1071 1247 habens
1092 1177 1129 1246 in
1151 1177 1320 1248 Domino.
1338 1204 1356 1244 u
1380 1177 1551 1264 Quamvis
1572 1179 1669 1248 enim
1690 1179 1852 1276 superius
1872 1179 2032 1250 dixisset:

461 1325 477 1362 a
497 1295 534 1364 Si
557 1309 677 1366 autem
702 1319 777 1365 non
800 1319 924 1390 egem,
950 1320 1025 1366 non
1048 1293 1215 1390 ellugiam
1236 1319 1364 1366 manus
1388 1311 1540 1384 vestrae,
1560 1323 1577 1362 u
1601 1310 1638 1366 et
1657 1297 1892 1393 postmodum
1912 1297 2031 1369 dicat:

461 1447 478 1482 n
497 1421 540 1485 Et
556 1440 639 1485 ecce
652 1416 802 1503 morior,
815 1440 928 1512 quum
942 1414 1031 1485 nihil
1044 1414 1175 1486 horum
1190 1414 1352 1504 secerim3
1367 1445 1385 1482 u
1403 1414 1539 1487 confisa
1551 1431 1671 1487 tamen
1685 1432 1721 1488 et
1731 1441 1856 1489 secura
1867 1417 1913 1488 de
1928 1417 2035 1490 salute

457 1537 596 1624 animae,
616 1550 652 1606 et
668 1535 780 1630 gloria
798 1535 937 1632 palmae,
957 1559 1185 1631 nequaquam
1201 1535 1309 1606 tristis
1326 1550 1401 1608 erat
1417 1536 1463 1607 de
1479 1537 1681 1608 transitoria
1698 1551 1833 1626 morte,
1852 1561 2035 1634 perquam

458 1679 495 1724 se
512 1654 740 1726 transituram
757 1653 891 1725 sciehat
912 1654 958 1726 ad
980 1654 1108 1750 gaudia
1124 1655 1291 1752 perennis
1303 1654 1395 1726 vitae.
1420 1654 1524 1726 Unde
1545 1671 1580 1727 et
1600 1655 1695 1730 bene
1710 1657 1889 1754 suspicere
1905 1656 1950 1727 ad
1966 1682 2034 1728 coe·

457 1772 532 1843 lum
550 1787 770 1844 memoratur
781 1797 854 1869 quo
868 1772 942 1868 ejus
959 1773 1110 1844 intentio
1127 1787 1205 1844 toto
1218 1772 1396 1844 desiderio
1413 1772 1604 1846 serebatur.
1624 1777 1697 1844 Cur
1708 1775 1814 1870 igitur
1829 1773 1939 1846 flebat
1953 1789 2034 1846 tunc

459 1909 598 1965 tanturn
615 1918 728 1990 quum
740 1894 815 1989 ejus
829 1895 937 1992 capiti
953 1917 1081 1965 manus
1097 1894 1325 1992 imponerent
1341 1893 1404 1984 illi,
1423 1919 1464 1966 ac
1480 1919 1555 1966 non
1568 1894 1688 1992 potius
1700 1919 1813 1992 quum
1825 1894 1871 1965 ad
1885 1910 2033 1965 mortem

458 2015 665 2101 duceretur;
690 2015 757 2084 nisi
778 2012 877 2110 quod
894 2038 1030 2111 eaquae
1047 2029 1201 2084 mortem
1216 2037 1291 2084 ηοη
1308 2012 1475 2102 timebat,
1495 2013 1540 2086 ab
1556 2013 1734 2086 obscoenis
1751 2013 1917 2086 manibus
1932 2029 2035 2111 caput

458 2158 562 2203 suum
579 2131 739 2227 contingi
755 2130 915 2221 dolebat,
930 2132 1061 2229 quibus
1078 2157 1145 2204 nec
1162 2132 1347 2204 inferiores
1363 2134 1525 2232 corporis
1541 2148 1660 2231 partes
1675 2135 1773 2230 tangi
1791 2133 2034 2204 consenserat?

380 2304 386 2319 ,
459 2251 586 2322 Audite
602 2251 694 2339 hacc,
718 2265 758 2321 et
774 2251 975 2346 intelligite,
994 2252 1149 2346 virgines
1165 2276 1290 2340 sacrae,
1309 2275 1388 2348 quae
1403 2275 1558 2350 corpora
1572 2275 1718 2350 quoque
1735 2267 1853 2324 vestra
1867 2267 2033 2348 tanquam

458 2371 605 2466 propria
620 2374 698 2441 Deo
720 2369 852 2466 templa
868 2369 1120 2459 consecrastis,
1138 2384 1179 2440 ut
1192 2369 1294 2441 nullo
1310 2369 1459 2442 lasciviae
1475 2385 1573 2442 tactu
1589 2370 1664 2442 haec
1679 2369 1792 2468 pollui
1808 2371 2032 2468 permittatis,

459 2488 559 2558 nullo
575 2489 810 2560 immunditiae
830 2489 1014 2584 sacrilegio
1031 2488 1169 2560 violari.
1192 2519 1209 2558 u
1222 2491 1258 2559 si
1275 2491 1475 2588 peccaverit
1492 2492 1546 2560 vir
1566 2490 1603 2580 in
1620 2492 1752 2578 virum,
1766 2517 1783 2556 η
1802 2488 1944 2562 Samuel
1960 2490 2032 2574 ait¹,

462 2639 479 2676 n
499 2609 632 2706 placari
647 2610 680 2680 ei
703 2614 798 2680 Deus
818 2623 949 2706 potest.
979 2609 1016 2679 si
1036 2623 1157 2680 autem
1179 2609 1216 2679 in
1238 2613 1354 2681 Deum
1374 2610 1591 2707 peccaverit,
1614 2610 1694 2707 quis
1717 2608 1834 2680 orabit
1853 2633 1922 2706 pro
1943 2609 2032 2679 eol»
2109 2669 2113 2676 .

458 2734 498 2798 ln
517 2731 636 2800 virum
652 2753 757 2799 suum
774 2751 922 2826 peccare
944 2731 1106 2800 Susanna
1122 2731 1307 2816 timuerat,
1327 2731 1356 2800 si
1373 2729 1494 2826 aliquo
1510 2728 1661 2800 lasciviae
1676 2744 1773 2801 tactu
1787 2753 1920 2826 corpus
1935 2752 2033 2799 suum

458 2850 490 2917 ei
506 2847 665 2920 dicatum
681 2848 841 2944 contingi
859 2849 1093 2945 permitteret.
1113 2847 1209 2934 Quid
1226 2848 1332 2944 igitur
1342 2871 1482 2946 sponsae
1496 2847 1627 2919 Christi
1637 2847 1915 2936 faciendumest,
1928 2871 2034 2944 quum

458 2968 537 3062 quis
562 2968 716 3037 incestus
742 2966 788 3038 ad
814 2990 893 3038 eam
920 2967 1123 3057 accesserit,
1147 2989 1326 3038 summam
1346 2967 1513 3062 injuriam
1533 2971 1611 3038 Deo
1634 2966 1809 3054 facturus,
1828 2966 1859 3036 si
1878 2965 1951 3036 hoc
1967 2964 2034 3059 ejus

457 3087 644 3182 proprium
670 3086 845 3183 templum
870 3086 1017 3183 aliquod
1042 3085 1193 3157 lasciviae
1212 3085 1420 3180 contagium
1443 3087 1726 3184 praesumpserit?
1752 3086 1816 3157 Cui
1837 3084 1951 3180 judici
1974 3084 2035 3154 nisi

457 3231 599 3276 summo
625 3205 700 3276 haec
721 3229 863 3276 summa
882 3206 1030 3302 injuria3
1053 3207 1111 3276 cui
1133 3205 1202 3276 nisi
1217 3205 1317 3300 cujus
1333 3219 1387 3276 est
1408 3205 1554 3304 propria
1569 3204 1788 3277 vindicanda
1803 3204 1983 3275 servatur?
1996 3203 2034 3272 Ei

457 3327 580 3421 utique
596 3326 659 3422 qui
675 3323 721 3395 ad
737 3323 905 3395 timorem
922 3327 977 3395 sui
994 3326 1146 3396 maxime
1163 3349 1230 3395 nos
1242 3324 1451 3413 adhortans,
1472 3325 1540 3396 ait⁸
1559 3353 1567 3394 :
1591 3353 1607 3392 u
1629 3324 1744 3395 Nolite
1759 3325 1884 3394 timere
1901 3321 2036 3418 eosqui

458 3445 629 3513 occidunt
644 3468 794 3539 corpus,
814 3445 941 3514 animae
954 3467 1040 3514 vero
1058 3469 1132 3514 non
1154 3442 1291 3515 habent
1310 3444 1398 3541 quid
1421 3444 1568 3532 saciant;
1587 3444 1651 3514 sed
1667 3445 1786 3541 potius
1801 3467 1887 3514 euin
1899 3442 2031 3526 timete,

458 3563 519 3658 qui
543 3561 654 3633 habet
677 3576 892 3659 potestatem
913 3587 1044 3660 corpus
1067 3576 1103 3632 et
1127 3563 1285 3636 animam
1305 3563 1456 3661 perdere
1476 3565 1514 3634 in
1536 3563 1750 3660 gebennam.
1767 3591 1784 3630 u
1808 3567 1857 3634 Ac
1873 3564 1901 3634 si
1920 3575 2035 3660 aperte

458 3681 554 3762 dicat
575 3685 677 3751 :Non
691 3694 879 3752 esteorum
897 3704 1021 3776 guerra
1039 3680 1235 3778 plurimum
1251 3682 1463 3771 metuenda,
1477 3706 1556 3780 quae
1571 3684 1609 3753 in
1623 3707 1696 3754 una
1711 3697 1852 3754 tantum
1869 3682 1982 3753 nostri
1995 3705 2034 3751 ac

458 3801 589 3868 minori
606 3814 707 3896 parte
724 3814 793 3888 est,
818 3798 889 3870 hoc
906 3800 1010 3870 estin
1028 3823 1198 3897 corpore,
1218 3814 1254 3872 et
1269 3801 1342 3871 cito
1358 3802 1532 3898 praeterit;
1551 3800 1614 3871 sed
1636 3824 1677 3872 ea
1694 3802 1889 3898 praecipue,
1908 3823 1984 3897 quae
1998 3799 2033 3868 in

459 3935 609 4015 utraque
625 3934 725 4017 parte
744 3921 949 4016 perenniter
964 3921 1073 3991 saevit.
1094 3923 1212 4007 Quam
1228 3934 1264 3990 et
1278 3919 1469 4017 Apostolus
1485 3919 1730 4008 considerans,
1746 3920 1966 4015 ingemiscit,
1986 3917 2036 3988 di·

458 4042 583 4108 ceus‘:
606 4068 624 4106 u
644 4038 873 4109 Horrendum
897 4053 951 4110 est
973 4039 1131 4110 incidere
1156 4041 1193 4110 in
1216 4063 1344 4111 manus
1369 4040 1435 4111 Dei
1451 4039 1616 4110 viventis.
1632 4067 1650 4106 u
1669 4040 1705 4109 Si
1727 4039 1824 4110 enim
1843 4037 1938 4128 illas,
1961 4062 2036 4134 qua

455 4172 577 4226 torum
606 4157 803 4228 maritalem
823 4157 1107 4246 maculaverunt,
1126 4155 1182 4228 lex
1201 4156 1323 4229 divina
1339 4159 1488 4232 seruerit
1503 4171 1619 4230 morte
1635 4157 1853 4255 puniendas,
1876 4155 1965 4253 quid
1978 4180 2036 4225 eas

457 4291 595 4364 manet,
613 4299 692 4371 quae
708 4278 826 4372 ipsum
843 4277 909 4346 Dei
924 4274 1099 4373 templum
1116 4277 1382 4373 prostituerint?
1399 4276 1569 4374 Nunquid
1584 4276 1831 4374 praejudicium
1850 4274 1919 4346 illis
1939 4276 2033 4359 lecit,

457 4421 535 4490 quae
560 4397 679 4464 minus
706 4393 955 4490 deliquerunt,
979 4396 1009 4464 si
1029 4396 1165 4491 majora
1180 4395 1349 4486 crimina,
1370 4411 1406 4468 et
1425 4397 1563 4494 proprii
1578 4396 1648 4467 tori
1670 4394 1827 4466 maculas
1845 4393 2036 4492 expiaverit

456 4517 596 4586 minore
614 4514 792 4586 vindicta?
812 4519 958 4586 Certum
978 4530 1048 4605 est,
1068 4531 1108 4586 ut
1127 4540 1236 4613 supra
1251 4532 1469 4588 memoratus
1486 4513 1677 4614 Apostolus
1692 4517 1754 4604 ait,
1774 4517 1810 4586 in
1827 4515 2036 4587 manufactis

456 4636 598 4731 templis
614 4659 844 4732 nequaquam
859 4639 976 4706 Deum
991 4634 1166 4725 babitare,
1185 4635 1248 4707 sed
1262 4639 1374 4732 magis
1390 4639 1426 4708 in
1444 4637 1529 4727 illis,
1548 4639 1609 4736 qui
1625 4661 1709 4709 vera
1726 4637 1801 4732 ejus
1816 4635 1951 4734 templa
1963 4635 2036 4732 spi·

456 4754 571 4825 ritalia
587 4770 670 4826 sunt
687 4753 843 4826 dicendi.
869 4759 921 4827 De
944 4747 1109 4852 qualibus
1128 4757 1204 4853 ipse
1220 4756 1435 4853 quibusdam
1452 4757 1519 4829 ait⁸
1539 4785 1546 4828 ε
1569 4757 1748 4829 «Nescitis
1765 4757 1848 4853 quia
1865 4757 1930 4827 Dei
1946 4769 2036 4825 tem·

490 5063 496 5088 ¹
518 5063 588 5122 nau,
611 5077 664 5127 cap.
682 5081 738 5123 xm,
759 5081 782 5113 v.
798 5063 895 5116 lla-¹
908 5067 967 5130 Περ.
989 5067 1014 5125 l,
1032 5081 1087 5132 cap.
1103 5083 1134 5128 u,
1148 5083 1172 5118 r.
1185 5067 1289 5118 25.-⁸
1303 5067 1398 5128 aaran,
1413 5082 1469 5134 cap.
1481 5083 1548 5128 x,r.
1562 5069 1602 5118 28.
1615 5065 1761 5125 *⁸11etr„
1778 5079 1833 5131 cap.
1857 5081 1887 5125 x,
1907 5079 1930 5113 r.
1947 5063 1976 5111 ³1
2003 5088 2037 5100 -

455 5148 464 5172 ¹
477 5149 584 5200 Corinth.
599 5151 626 5210 l,
642 5165 698 5215 cap.
712 5167 753 5212 ur,
765 5164 787 5202 r.
803 5155 840 5202 16.
