<?xml version="1.0" encoding="UTF-8"?>
<!DOCTYPE html PUBLIC "-//W3C//DTD XHTML 1.0 Transitional//EN"
    "http://www.w3.org/TR/xhtml1/DTD/xhtml1-transitional.dtd">
<html xmlns="http://www.w3.org/1999/xhtml" xml:lang="en" lang="en">
 <head>
  <title>
</title>
<meta http-equiv="Content-Type" content="text/html;charset=utf-8" />
  <meta name='ocr-system' content='tesseract 3.04.00' />
  <meta name='ocr-capabilities' content='ocr_page ocr_carea ocr_par ocr_line ocrx_word'/>
</head>
<body>
  <div class='ocr_page' id='page_1' title='image "./petriablardiope01despgoog_0144.png"; bbox 0 0 4588 6106; ppageno 0'>
   <div class='ocr_carea' id='block_1_1' title="bbox 972 699 1880 770">
    <p class='ocr_par' dir='ltr' id='par_1_1' title="bbox 972 699 1880 770">
     <span class='ocr_line' id='line_1_1' title="bbox 972 699 1880 770; baseline 0.002 -2"><span class='ocrx_word' id='word_1_1' title='bbox 972 699 1207 770; x_wconf 80' lang='lat' dir='ltr'>EPlS&#39;l&#39;OLAE.</span> <span class='ocrx_word' id='word_1_2' title='bbox 1811 701 1880 770; x_wconf 77' lang='lat' dir='ltr'>l29</span> 
     </span>
    </p>
   </div>
   <div class='ocr_carea' id='block_1_2' title="bbox 304 835 1898 2498">
    <p class='ocr_par' dir='ltr' id='par_1_2' title="bbox 304 835 1898 2498">
     <span class='ocr_line' id='line_1_2' title="bbox 305 835 1879 938; baseline 0.001 -32"><span class='ocrx_word' id='word_1_3' title='bbox 305 850 344 907; x_wconf 93' lang='lat' dir='ltr'>ut</span> <span class='ocrx_word' id='word_1_4' title='bbox 362 835 398 906; x_wconf 90' lang='lat' dir='ltr'>in</span> <span class='ocrx_word' id='word_1_5' title='bbox 416 835 499 908; x_wconf 86' lang='lat' dir='ltr'>viris</span> <span class='ocrx_word' id='word_1_6' title='bbox 517 836 766 936; x_wconf 88' lang='lat' dir='ltr'>multiplicata,</span> <span class='ocrx_word' id='word_1_7' title='bbox 783 839 819 908; x_wconf 94' lang='lat' dir='ltr'>in</span> <span class='ocrx_word' id='word_1_8' title='bbox 834 839 913 936; x_wconf 90' lang='lat' dir='ltr'>ipso</span> <span class='ocrx_word' id='word_1_9' title='bbox 927 840 1045 910; x_wconf 86' lang='lat' dir='ltr'>statim</span> <span class='ocrx_word' id='word_1_10' title='bbox 1059 835 1221 911; x_wconf 82' lang='lat' dir='ltr'>Ecclesiae</span> <span class='ocrx_word' id='word_1_11' title='bbox 1237 842 1411 911; x_wconf 86' lang='lat' dir='ltr'>nascentis</span> <span class='ocrx_word' id='word_1_12' title='bbox 1425 837 1573 911; x_wconf 78' lang='lat' dir='ltr'>exordio</span> <span class='ocrx_word' id='word_1_13' title='bbox 1586 863 1686 938; x_wconf 74' lang='lat' dir='ltr'>eque</span> <span class='ocrx_word' id='word_1_14' title='bbox 1699 841 1789 912; x_wconf 88' lang='lat' dir='ltr'>sicut</span> <span class='ocrx_word' id='word_1_15' title='bbox 1799 841 1879 928; x_wconf 88' lang='lat' dir='ltr'>viri,</span> 
     </span>
     <span class='ocr_line' id='line_1_3' title="bbox 304 955 1882 1059; baseline 0.001 -33"><span class='ocrx_word' id='word_1_16' title='bbox 304 957 353 1027; x_wconf 89' lang='lat' dir='ltr'>ita</span> <span class='ocrx_word' id='word_1_17' title='bbox 377 969 411 1026; x_wconf 91' lang='lat' dir='ltr'>et</span> <span class='ocrx_word' id='word_1_18' title='bbox 432 955 570 1028; x_wconf 81' lang='lat' dir='ltr'>leminae</span> <span class='ocrx_word' id='word_1_19' title='bbox 588 958 817 1056; x_wconf 90' lang='lat' dir='ltr'>propriorum</span> <span class='ocrx_word' id='word_1_20' title='bbox 835 982 955 1056; x_wconf 92' lang='lat' dir='ltr'>perse</span> <span class='ocrx_word' id='word_1_21' title='bbox 974 960 1271 1030; x_wconf 81' lang='lat' dir='ltr'><strong>monasteriorum</strong></span> <span class='ocrx_word' id='word_1_22' title='bbox 1292 960 1492 1032; x_wconf 89' lang='lat' dir='ltr'>habitacula</span> <span class='ocrx_word' id='word_1_23' title='bbox 1510 961 1756 1059; x_wconf 88' lang='lat' dir='ltr'>possederunt.</span> <span class='ocrx_word' id='word_1_24' title='bbox 1779 955 1882 1030; x_wconf 87' lang='lat' dir='ltr'>Unde</span> 
     </span>
     <span class='ocr_line' id='line_1_4' title="bbox 307 1075 1883 1176; baseline 0.001 -30"><span class='ocrx_word' id='word_1_25' title='bbox 307 1090 342 1146; x_wconf 91' lang='lat' dir='ltr'>et</span> <span class='ocrx_word' id='word_1_26' title='bbox 360 1076 604 1148; x_wconf 79' lang='lat' dir='ltr'>Ecclesmstr&#39;ca</span> <span class='ocrx_word' id='word_1_27' title='bbox 625 1081 782 1148; x_wconf 63' lang='lat' dir='ltr'>Historia</span> <span class='ocrx_word' id='word_1_28' title='bbox 798 1077 941 1150; x_wconf 88' lang='lat' dir='ltr'>laudem</span> <span class='ocrx_word' id='word_1_29' title='bbox 964 1077 1122 1148; x_wconf 91' lang='lat' dir='ltr'>Philonis</span> <span class='ocrx_word' id='word_1_30' title='bbox 1144 1075 1362 1151; x_wconf 78' lang='lat' dir='ltr'>disertissimi</span> <span class='ocrx_word' id='word_1_31' title='bbox 1388 1079 1516 1169; x_wconf 83' lang='lat' dir='ltr'>Judaei,</span> <span class='ocrx_word' id='word_1_32' title='bbox 1541 1103 1649 1176; x_wconf 90' lang='lat' dir='ltr'>quam</span> <span class='ocrx_word' id='word_1_33' title='bbox 1670 1103 1744 1150; x_wconf 93' lang='lat' dir='ltr'>non</span> <span class='ocrx_word' id='word_1_34' title='bbox 1766 1077 1883 1148; x_wconf 90' lang='lat' dir='ltr'>solum</span> 
     </span>
     <span class='ocr_line' id='line_1_5' title="bbox 308 1194 1883 1296; baseline 0.003 -32"><span class='ocrx_word' id='word_1_35' title='bbox 308 1194 410 1284; x_wconf 80' lang='lat' dir='ltr'>dixit,</span> <span class='ocrx_word' id='word_1_36' title='bbox 441 1197 692 1269; x_wconf 89' lang='lat' dir='ltr'>verumetiam</span> <span class='ocrx_word' id='word_1_37' title='bbox 719 1196 906 1294; x_wconf 83' lang='lat' dir='ltr'>magnifice</span> <span class='ocrx_word' id='word_1_38' title='bbox 928 1198 1067 1296; x_wconf 84' lang='lat' dir='ltr'>scripsit</span> <span class='ocrx_word' id='word_1_39' title='bbox 1085 1197 1131 1268; x_wconf 92' lang='lat' dir='ltr'>de</span> <span class='ocrx_word' id='word_1_40' title='bbox 1152 1196 1380 1270; x_wconf 82' lang='lat' dir='ltr'>alexandrina</span> <span class='ocrx_word' id='word_1_41' title='bbox 1406 1199 1473 1270; x_wconf 92' lang='lat' dir='ltr'>sub</span> <span class='ocrx_word' id='word_1_42' title='bbox 1493 1203 1612 1270; x_wconf 85' lang='lat' dir='ltr'>Marco</span> <span class='ocrx_word' id='word_1_43' title='bbox 1639 1198 1806 1287; x_wconf 87' lang='lat' dir='ltr'>ecclesia,</span> <span class='ocrx_word' id='word_1_44' title='bbox 1837 1199 1883 1268; x_wconf 86' lang='lat' dir='ltr'>ita</span> 
     </span>
     <span class='ocr_line' id='line_1_6' title="bbox 308 1315 1882 1415; baseline 0.003 -32"><span class='ocrx_word' id='word_1_45' title='bbox 308 1315 400 1386; x_wconf 87' lang='lat' dir='ltr'>inter</span> <span class='ocrx_word' id='word_1_46' title='bbox 428 1332 553 1388; x_wconf 72' lang='lat' dir='ltr'>uetera</span> <span class='ocrx_word' id='word_1_47' title='bbox 574 1317 666 1388; x_wconf 92' lang='lat' dir='ltr'>libro</span> <span class='ocrx_word' id='word_1_48' title='bbox 693 1321 744 1406; x_wconf 90' lang='lat' dir='ltr'>ll,</span> <span class='ocrx_word' id='word_1_49' title='bbox 777 1317 931 1414; x_wconf 81' lang='lat' dir='ltr'>capitulo</span> <span class='ocrx_word' id='word_1_50' title='bbox 958 1342 1017 1389; x_wconf 81' lang='lat' dir='ltr'>rvr</span> <span class='ocrx_word' id='word_1_51' title='bbox 1041 1334 1326 1390; x_wconf 81' lang='lat' dir='ltr'>commemorat:</span> <span class='ocrx_word' id='word_1_52' title='bbox 1352 1347 1369 1385; x_wconf 81' lang='lat' dir='ltr'>u</span> <span class='ocrx_word' id='word_1_53' title='bbox 1391 1321 1432 1388; x_wconf 92' lang='lat' dir='ltr'>ln</span> <span class='ocrx_word' id='word_1_54' title='bbox 1461 1318 1581 1388; x_wconf 89' lang='lat' dir='ltr'>multis</span> <span class='ocrx_word' id='word_1_55' title='bbox 1606 1335 1675 1408; x_wconf 90' lang='lat' dir='ltr'>cst,</span> <span class='ocrx_word' id='word_1_56' title='bbox 1699 1347 1716 1384; x_wconf 74' lang='lat' dir='ltr'>a</span> <span class='ocrx_word' id='word_1_57' title='bbox 1744 1318 1882 1415; x_wconf 91' lang='lat' dir='ltr'>inquit,</span> 
     </span>
     <span class='ocr_line' id='line_1_7' title="bbox 310 1434 1885 1536; baseline 0.004 -35"><span class='ocrx_word' id='word_1_58' title='bbox 310 1463 327 1502; x_wconf 77' lang='lat' dir='ltr'>u</span> <span class='ocrx_word' id='word_1_59' title='bbox 344 1434 442 1507; x_wconf 92' lang='lat' dir='ltr'>orbis</span> <span class='ocrx_word' id='word_1_60' title='bbox 453 1451 554 1508; x_wconf 80' lang='lat' dir='ltr'>terre</span> <span class='ocrx_word' id='word_1_61' title='bbox 568 1436 728 1535; x_wconf 87' lang='lat' dir='ltr'>partibus</span> <span class='ocrx_word' id='word_1_62' title='bbox 740 1437 810 1509; x_wconf 93' lang='lat' dir='ltr'>hoc</span> <span class='ocrx_word' id='word_1_63' title='bbox 822 1437 1147 1534; x_wconf 75' lang='lat' dir='ltr'>genus‘hominum.</span> <span class='ocrx_word' id='word_1_64' title='bbox 1170 1443 1245 1508; x_wconf 85' lang='lat' dir='ltr'>»Et</span> <span class='ocrx_word' id='word_1_65' title='bbox 1262 1453 1343 1536; x_wconf 93' lang='lat' dir='ltr'>pcst</span> <span class='ocrx_word' id='word_1_66' title='bbox 1359 1437 1498 1535; x_wconf 89' lang='lat' dir='ltr'>aliqua:</span> <span class='ocrx_word' id='word_1_67' title='bbox 1519 1467 1536 1506; x_wconf 82' lang='lat' dir='ltr'>u</span> <span class='ocrx_word' id='word_1_68' title='bbox 1553 1442 1611 1508; x_wconf 85' lang='lat' dir='ltr'>Est</span> <span class='ocrx_word' id='word_1_69' title='bbox 1624 1454 1744 1510; x_wconf 85' lang='lat' dir='ltr'>autem</span> <span class='ocrx_word' id='word_1_70' title='bbox 1758 1440 1795 1509; x_wconf 93' lang='lat' dir='ltr'>in</span> <span class='ocrx_word' id='word_1_71' title='bbox 1813 1438 1885 1508; x_wconf 90' lang='lat' dir='ltr'>sin-</span> 
     </span>
     <span class='ocr_line' id='line_1_8' title="bbox 307 1553 1886 1656; baseline 0.003 -33"><span class='ocrx_word' id='word_1_72' title='bbox 307 1553 396 1648; x_wconf 87' lang='lat' dir='ltr'>gulis</span> <span class='ocrx_word' id='word_1_73' title='bbox 409 1554 496 1626; x_wconf 93' lang='lat' dir='ltr'>locis</span> <span class='ocrx_word' id='word_1_74' title='bbox 503 1558 870 1631; x_wconf 87' lang='lat' dir='ltr'>consecratacrationi</span> <span class='ocrx_word' id='word_1_75' title='bbox 884 1557 1027 1647; x_wconf 89' lang='lat' dir='ltr'>domus,</span> <span class='ocrx_word' id='word_1_76' title='bbox 1048 1581 1127 1653; x_wconf 85' lang='lat' dir='ltr'>quae</span> <span class='ocrx_word' id='word_1_77' title='bbox 1140 1557 1340 1656; x_wconf 87' lang='lat' dir='ltr'>appellatur</span> <span class='ocrx_word' id='word_1_78' title='bbox 1350 1559 1494 1628; x_wconf 89' lang='lat' dir='ltr'>senivor</span> <span class='ocrx_word' id='word_1_79' title='bbox 1507 1558 1610 1654; x_wconf 77' lang='lat' dir='ltr'>(sic),</span> <span class='ocrx_word' id='word_1_80' title='bbox 1631 1557 1688 1628; x_wconf 91' lang='lat' dir='ltr'>vel</span> <span class='ocrx_word' id='word_1_81' title='bbox 1708 1571 1886 1628; x_wconf 89' lang='lat' dir='ltr'>monaste·</span> 
     </span>
     <span class='ocr_line' id='line_1_9' title="bbox 309 1674 1885 1774; baseline 0.001 -30"><span class='ocrx_word' id='word_1_82' title='bbox 309 1674 403 1744; x_wconf 77' lang='lat' dir='ltr'>num</span> <span class='ocrx_word' id='word_1_83' title='bbox 415 1677 436 1743; x_wconf 82' lang='lat'>¹.</span> <span class='ocrx_word' id='word_1_84' title='bbox 455 1703 472 1742; x_wconf 79' lang='lat' dir='ltr'>u</span> <span class='ocrx_word' id='word_1_85' title='bbox 484 1679 573 1748; x_wconf 90' lang='lat' dir='ltr'>Item</span> <span class='ocrx_word' id='word_1_86' title='bbox 589 1676 716 1748; x_wconf 79' lang='lat' dir='ltr'>inlra‘:</span> <span class='ocrx_word' id='word_1_87' title='bbox 740 1707 757 1745; x_wconf 74' lang='lat' dir='ltr'>a</span> <span class='ocrx_word' id='word_1_88' title='bbox 771 1682 892 1774; x_wconf 89' lang='lat' dir='ltr'>ltaque</span> <span class='ocrx_word' id='word_1_89' title='bbox 904 1701 980 1748; x_wconf 95' lang='lat' dir='ltr'>non</span> <span class='ocrx_word' id='word_1_90' title='bbox 998 1677 1116 1748; x_wconf 91' lang='lat' dir='ltr'>solum</span> <span class='ocrx_word' id='word_1_91' title='bbox 1134 1676 1318 1748; x_wconf 90' lang='lat' dir='ltr'>subtilium</span> <span class='ocrx_word' id='word_1_92' title='bbox 1332 1677 1695 1774; x_wconf 89' lang='lat' dir='ltr'>intelligunthymnos</span> <span class='ocrx_word' id='word_1_93' title='bbox 1712 1692 1885 1766; x_wconf 85' lang='lat' dir='ltr'>veterum,</span> 
     </span>
     <span class='ocr_line' id='line_1_10' title="bbox 310 1793 1890 1893; baseline 0.003 -29"><span class='ocrx_word' id='word_1_94' title='bbox 310 1793 372 1864; x_wconf 87' lang='lat' dir='ltr'>scd</span> <span class='ocrx_word' id='word_1_95' title='bbox 392 1795 460 1893; x_wconf 92' lang='lat' dir='ltr'>ipsi</span> <span class='ocrx_word' id='word_1_96' title='bbox 479 1795 612 1868; x_wconf 81' lang='lat' dir='ltr'>faciunt</span> <span class='ocrx_word' id='word_1_97' title='bbox 632 1821 747 1868; x_wconf 87' lang='lat' dir='ltr'>novos</span> <span class='ocrx_word' id='word_1_98' title='bbox 769 1799 807 1868; x_wconf 91' lang='lat' dir='ltr'>in</span> <span class='ocrx_word' id='word_1_99' title='bbox 826 1802 961 1887; x_wconf 85' lang='lat' dir='ltr'>Deum,</span> <span class='ocrx_word' id='word_1_100' title='bbox 982 1797 1150 1869; x_wconf 88' lang='lat' dir='ltr'>omnibus</span> <span class='ocrx_word' id='word_1_101' title='bbox 1164 1822 1226 1869; x_wconf 89' lang='lat' dir='ltr'>eos</span> <span class='ocrx_word' id='word_1_102' title='bbox 1241 1813 1277 1869; x_wconf 88' lang='lat' dir='ltr'>ct</span> <span class='ocrx_word' id='word_1_103' title='bbox 1290 1799 1411 1868; x_wconf 83' lang='lat' dir='ltr'>metris</span> <span class='ocrx_word' id='word_1_104' title='bbox 1424 1813 1461 1868; x_wconf 90' lang='lat' dir='ltr'>et</span> <span class='ocrx_word' id='word_1_105' title='bbox 1475 1798 1574 1868; x_wconf 90' lang='lat' dir='ltr'>sonis</span> <span class='ocrx_word' id='word_1_106' title='bbox 1590 1798 1741 1869; x_wconf 90' lang='lat' dir='ltr'>honesta</span> <span class='ocrx_word' id='word_1_107' title='bbox 1754 1798 1837 1868; x_wconf 88' lang='lat' dir='ltr'>satis</span> <span class='ocrx_word' id='word_1_108' title='bbox 1855 1811 1890 1868; x_wconf 96' lang='lat' dir='ltr'>et</span> 
     </span>
     <span class='ocr_line' id='line_1_11' title="bbox 308 1917 1891 2017; baseline 0.004 -35"><span class='ocrx_word' id='word_1_109' title='bbox 308 1917 408 1986; x_wconf 81' lang='lat' dir='ltr'>suavi</span> <span class='ocrx_word' id='word_1_110' title='bbox 416 1941 591 2015; x_wconf 91' lang='lat' dir='ltr'>compage</span> <span class='ocrx_word' id='word_1_111' title='bbox 599 1917 836 1990; x_wconf 90' lang='lat' dir='ltr'>modulantes.</span> <span class='ocrx_word' id='word_1_112' title='bbox 851 1947 869 1986; x_wconf 78' lang='lat' dir='ltr'>u</span> <span class='ocrx_word' id='word_1_113' title='bbox 883 1921 984 2010; x_wconf 89' lang='lat' dir='ltr'>ltem,</span> <span class='ocrx_word' id='word_1_114' title='bbox 1000 1919 1178 2017; x_wconf 87' lang='lat' dir='ltr'>plerisque</span> <span class='ocrx_word' id='word_1_115' title='bbox 1191 1918 1237 1990; x_wconf 91' lang='lat' dir='ltr'>de</span> <span class='ocrx_word' id='word_1_116' title='bbox 1249 1917 1461 1992; x_wconf 78' lang='lat' dir='ltr'>abstinentia</span> <span class='ocrx_word' id='word_1_117' title='bbox 1479 1919 1623 1990; x_wconf 77' lang='lat' dir='ltr'>eorum⁸</span> <span class='ocrx_word' id='word_1_118' title='bbox 1635 1917 1835 2016; x_wconf 76' lang='lat' dir='ltr'>premissis,</span> <span class='ocrx_word' id='word_1_119' title='bbox 1855 1932 1891 1988; x_wconf 93' lang='lat' dir='ltr'>et</span> 
     </span>
     <span class='ocr_line' id='line_1_12' title="bbox 311 2033 1890 2136; baseline 0.001 -29"><span class='ocrx_word' id='word_1_120' title='bbox 311 2035 422 2107; x_wconf 88' lang='lat' dir='ltr'>divini</span> <span class='ocrx_word' id='word_1_121' title='bbox 435 2035 550 2108; x_wconf 91' lang='lat' dir='ltr'>cultus</span> <span class='ocrx_word' id='word_1_122' title='bbox 560 2037 697 2128; x_wconf 84' lang='lat' dir='ltr'>officiis,</span> <span class='ocrx_word' id='word_1_123' title='bbox 713 2039 875 2134; x_wconf 80' lang='lat' dir='ltr'>adjeoit‘:</span> <span class='ocrx_word' id='word_1_124' title='bbox 891 2067 909 2107; x_wconf 78' lang='lat' dir='ltr'>a</span> <span class='ocrx_word' id='word_1_125' title='bbox 918 2042 1009 2110; x_wconf 93' lang='lat' dir='ltr'>Cum</span> <span class='ocrx_word' id='word_1_126' title='bbox 1020 2039 1104 2109; x_wconf 88' lang='lat' dir='ltr'>viris</span> <span class='ocrx_word' id='word_1_127' title='bbox 1118 2053 1250 2126; x_wconf 90' lang='lat' dir='ltr'>autem,</span> <span class='ocrx_word' id='word_1_128' title='bbox 1265 2063 1356 2136; x_wconf 90' lang='lat' dir='ltr'>quos</span> <span class='ocrx_word' id='word_1_129' title='bbox 1370 2038 1533 2127; x_wconf 86' lang='lat' dir='ltr'>dicimus,</span> <span class='ocrx_word' id='word_1_130' title='bbox 1550 2052 1633 2109; x_wconf 91' lang='lat' dir='ltr'>sunt</span> <span class='ocrx_word' id='word_1_131' title='bbox 1643 2033 1839 2126; x_wconf 85' lang='lat' dir='ltr'>etfeminae,</span> <span class='ocrx_word' id='word_1_132' title='bbox 1854 2038 1890 2108; x_wconf 90' lang='lat' dir='ltr'>in</span> 
     </span>
     <span class='ocr_line' id='line_1_13' title="bbox 312 2153 1893 2257; baseline 0.001 -31"><span class='ocrx_word' id='word_1_133' title='bbox 312 2153 439 2250; x_wconf 91' lang='lat' dir='ltr'>quibus</span> <span class='ocrx_word' id='word_1_134' title='bbox 456 2156 576 2254; x_wconf 90' lang='lat' dir='ltr'>plures</span> <span class='ocrx_word' id='word_1_135' title='bbox 592 2159 666 2253; x_wconf 84' lang='lat' dir='ltr'>jam</span> <span class='ocrx_word' id='word_1_136' title='bbox 692 2158 886 2256; x_wconf 77' lang='lat' dir='ltr'>grandaevae</span> <span class='ocrx_word' id='word_1_137' title='bbox 899 2173 983 2230; x_wconf 92' lang='lat' dir='ltr'>sunt</span> <span class='ocrx_word' id='word_1_138' title='bbox 1005 2159 1177 2256; x_wconf 86' lang='lat' dir='ltr'>virgines,</span> <span class='ocrx_word' id='word_1_139' title='bbox 1204 2160 1439 2257; x_wconf 79' lang='lat' dir='ltr'>integritatem</span> <span class='ocrx_word' id='word_1_140' title='bbox 1458 2184 1500 2233; x_wconf 89' lang='lat' dir='ltr'>ac</span> <span class='ocrx_word' id='word_1_141' title='bbox 1521 2160 1716 2230; x_wconf 80' lang='lat' dir='ltr'>castitatem</span> <span class='ocrx_word' id='word_1_142' title='bbox 1732 2157 1893 2256; x_wconf 88' lang='lat' dir='ltr'>corporis</span> 
     </span>
     <span class='ocr_line' id='line_1_14' title="bbox 311 2277 1898 2378; baseline 0.004 -32"><span class='ocrx_word' id='word_1_143' title='bbox 311 2299 385 2346; x_wconf 90' lang='lat' dir='ltr'>non</span> <span class='ocrx_word' id='word_1_144' title='bbox 408 2278 616 2350; x_wconf 83' lang='lat' dir='ltr'>necessitate</span> <span class='ocrx_word' id='word_1_145' title='bbox 636 2277 770 2375; x_wconf 85' lang='lat' dir='ltr'>aliqua,</span> <span class='ocrx_word' id='word_1_146' title='bbox 799 2279 863 2352; x_wconf 89' lang='lat' dir='ltr'>sed</span> <span class='ocrx_word' id='word_1_147' title='bbox 888 2278 1080 2351; x_wconf 85' lang='lat' dir='ltr'>devotione</span> <span class='ocrx_word' id='word_1_148' title='bbox 1098 2295 1297 2369; x_wconf 80' lang='lat' dir='ltr'>servantes3</span> <span class='ocrx_word' id='word_1_149' title='bbox 1326 2280 1415 2350; x_wconf 92' lang='lat' dir='ltr'>dum</span> <span class='ocrx_word' id='word_1_150' title='bbox 1439 2279 1617 2378; x_wconf 76' lang='lat' dir='ltr'>sapientiae</span> <span class='ocrx_word' id='word_1_151' title='bbox 1637 2277 1762 2349; x_wconf 88' lang='lat' dir='ltr'>studiis</span> <span class='ocrx_word' id='word_1_152' title='bbox 1782 2291 1898 2352; x_wconf 90' lang='lat' dir='ltr'>semet</span> 
     </span>
     <span class='ocr_line' id='line_1_15' title="bbox 312 2395 1894 2498; baseline 0.002 -33"><span class='ocrx_word' id='word_1_153' title='bbox 312 2395 464 2488; x_wconf 84' lang='lat' dir='ltr'>gestiunt</span> <span class='ocrx_word' id='word_1_154' title='bbox 480 2421 555 2468; x_wconf 94' lang='lat' dir='ltr'>non</span> <span class='ocrx_word' id='word_1_155' title='bbox 574 2396 692 2470; x_wconf 92' lang='lat' dir='ltr'>solum</span> <span class='ocrx_word' id='word_1_156' title='bbox 704 2399 845 2490; x_wconf 86' lang='lat' dir='ltr'>anima,</span> <span class='ocrx_word' id='word_1_157' title='bbox 867 2396 930 2470; x_wconf 89' lang='lat' dir='ltr'>sed</span> <span class='ocrx_word' id='word_1_158' title='bbox 952 2399 1083 2470; x_wconf 85' lang='lat' dir='ltr'>etiam⁸</span> <span class='ocrx_word' id='word_1_159' title='bbox 1099 2422 1251 2498; x_wconf 90' lang='lat' dir='ltr'>corpore</span> <span class='ocrx_word' id='word_1_160' title='bbox 1267 2421 1494 2488; x_wconf 86' lang='lat' dir='ltr'>consecrare,</span> <span class='ocrx_word' id='word_1_161' title='bbox 1516 2397 1702 2494; x_wconf 90' lang='lat' dir='ltr'>indignum</span> <span class='ocrx_word' id='word_1_162' title='bbox 1724 2396 1894 2469; x_wconf 87' lang='lat' dir='ltr'>ducentes</span> 
     </span>
    </p>
   </div>
   <div class='ocr_carea' id='block_1_3' title="bbox 310 2637 1903 5012">
    <p class='ocr_par' dir='ltr' id='par_1_3' title="bbox 310 2637 1903 5012">
     <span class='ocr_line' id='line_1_16' title="bbox 314 2637 1895 2736; baseline -0.003 -25"><span class='ocrx_word' id='word_1_163' title='bbox 314 2649 548 2732; x_wconf 70' lang='lat' dir='ltr'>perturbem,</span> <span class='ocrx_word' id='word_1_164' title='bbox 569 2661 591 2708; x_wconf 90' lang='lat' dir='ltr'>a</span> <span class='ocrx_word' id='word_1_165' title='bbox 609 2638 738 2736; x_wconf 91' lang='lat' dir='ltr'>quibus</span> <span class='ocrx_word' id='word_1_166' title='bbox 755 2637 867 2710; x_wconf 89' lang='lat' dir='ltr'>divini</span> <span class='ocrx_word' id='word_1_167' title='bbox 885 2637 985 2710; x_wconf 91' lang='lat' dir='ltr'>verbi</span> <span class='ocrx_word' id='word_1_168' title='bbox 1007 2637 1218 2712; x_wconf 88' lang='lat' dir='ltr'>concubitus</span> <span class='ocrx_word' id='word_1_169' title='bbox 1239 2655 1484 2710; x_wconf 87' lang='lat' dir='ltr'>sacrosanctus</span> <span class='ocrx_word' id='word_1_170' title='bbox 1506 2655 1541 2710; x_wconf 90' lang='lat' dir='ltr'>et</span> <span class='ocrx_word' id='word_1_171' title='bbox 1558 2637 1768 2710; x_wconf 85' lang='lat' dir='ltr'>immortalis</span> <span class='ocrx_word' id='word_1_172' title='bbox 1790 2661 1895 2735; x_wconf 87' lang='lat' dir='ltr'>expe·</span> 
     </span>
     <span class='ocr_line' id='line_1_17' title="bbox 312 2756 1893 2856; baseline 0.003 -32"><span class='ocrx_word' id='word_1_173' title='bbox 312 2756 414 2828; x_wconf 91' lang='lat' dir='ltr'>titur:</span> <span class='ocrx_word' id='word_1_174' title='bbox 424 2763 468 2828; x_wconf 83' lang='lat' dir='ltr'>cx&#39;</span> <span class='ocrx_word' id='word_1_175' title='bbox 478 2783 552 2854; x_wconf 94' lang='lat' dir='ltr'>quo</span> <span class='ocrx_word' id='word_1_176' title='bbox 562 2759 749 2854; x_wconf 79' lang='lat' dir='ltr'>posteritas</span> <span class='ocrx_word' id='word_1_177' title='bbox 761 2759 982 2856; x_wconf 88' lang='lat' dir='ltr'>relinquatur</span> <span class='ocrx_word' id='word_1_178' title='bbox 993 2783 1222 2856; x_wconf 90' lang='lat' dir='ltr'>nequaquam</span> <span class='ocrx_word' id='word_1_179' title='bbox 1234 2758 1444 2856; x_wconf 77' lang='lat' dir='ltr'>corruptelae</span> <span class='ocrx_word' id='word_1_180' title='bbox 1455 2759 1680 2830; x_wconf 87' lang='lat' dir='ltr'>mortalitatis</span> <span class='ocrx_word' id='word_1_181' title='bbox 1692 2756 1860 2830; x_wconf 86' lang='lat' dir='ltr'>obnoxia.</span> <span class='ocrx_word' id='word_1_182' title='bbox 1876 2785 1893 2822; x_wconf 78' lang='lat' dir='ltr'>u</span> 
     </span>
     <span class='ocr_line' id='line_1_18' title="bbox 316 2875 1897 2974; baseline 0 -26"><span class='ocrx_word' id='word_1_183' title='bbox 316 2883 401 2948; x_wconf 89' lang='lat' dir='ltr'>ltem</span> <span class='ocrx_word' id='word_1_184' title='bbox 415 2877 549 2950; x_wconf 89' lang='lat' dir='ltr'>ibidem</span> <span class='ocrx_word' id='word_1_185' title='bbox 568 2878 614 2949; x_wconf 91' lang='lat' dir='ltr'>de</span> <span class='ocrx_word' id='word_1_186' title='bbox 629 2877 801 2950; x_wconf 86' lang='lat' dir='ltr'>Philone:</span> <span class='ocrx_word' id='word_1_187' title='bbox 825 2908 842 2946; x_wconf 79' lang='lat' dir='ltr'>a</span> <span class='ocrx_word' id='word_1_188' title='bbox 857 2880 972 2950; x_wconf 83' lang='lat' dir='ltr'>Etiam</span> <span class='ocrx_word' id='word_1_189' title='bbox 989 2879 1035 2950; x_wconf 92' lang='lat' dir='ltr'>de</span> <span class='ocrx_word' id='word_1_190' title='bbox 1052 2879 1288 2952; x_wconf 81' lang='lat' dir='ltr'>conventibus</span> <span class='ocrx_word' id='word_1_191' title='bbox 1297 2901 1423 2950; x_wconf 90' lang='lat' dir='ltr'>eorum</span> <span class='ocrx_word' id='word_1_192' title='bbox 1433 2875 1575 2968; x_wconf 81' lang='lat' dir='ltr'>scribit,</span> <span class='ocrx_word' id='word_1_193' title='bbox 1592 2894 1632 2952; x_wconf 92' lang='lat' dir='ltr'>ut</span> <span class='ocrx_word' id='word_1_194' title='bbox 1645 2902 1806 2950; x_wconf 89' lang='lat' dir='ltr'>seorsum</span> <span class='ocrx_word' id='word_1_195' title='bbox 1820 2879 1897 2974; x_wconf 90' lang='lat' dir='ltr'>qui·</span> 
     </span>
     <span class='ocr_line' id='line_1_19' title="bbox 316 2995 1895 3094; baseline -0.001 -26"><span class='ocrx_word' id='word_1_196' title='bbox 316 2995 399 3068; x_wconf 94' lang='lat' dir='ltr'>dem</span> <span class='ocrx_word' id='word_1_197' title='bbox 417 2998 500 3086; x_wconf 89' lang='lat' dir='ltr'>viri,</span> <span class='ocrx_word' id='word_1_198' title='bbox 521 3021 682 3069; x_wconf 88' lang='lat' dir='ltr'>seorsum</span> <span class='ocrx_word' id='word_1_199' title='bbox 701 2999 808 3070; x_wconf 89' lang='lat' dir='ltr'>etiam</span> <span class='ocrx_word' id='word_1_200' title='bbox 830 2999 867 3070; x_wconf 93' lang='lat' dir='ltr'>in</span> <span class='ocrx_word' id='word_1_201' title='bbox 892 2998 1026 3070; x_wconf 86' lang='lat' dir='ltr'>eisdem</span> <span class='ocrx_word' id='word_1_202' title='bbox 1049 2998 1137 3070; x_wconf 89' lang='lat' dir='ltr'>locis</span> <span class='ocrx_word' id='word_1_203' title='bbox 1158 2998 1296 3070; x_wconf 75' lang='lat' dir='ltr'>femine</span> <span class='ocrx_word' id='word_1_204' title='bbox 1314 3012 1591 3094; x_wconf 85' lang='lat' dir='ltr'>congregentur,</span> <span class='ocrx_word' id='word_1_205' title='bbox 1622 3013 1658 3070; x_wconf 90' lang='lat' dir='ltr'>et</span> <span class='ocrx_word' id='word_1_206' title='bbox 1680 3013 1718 3068; x_wconf 91' lang='lat' dir='ltr'>ut</span> <span class='ocrx_word' id='word_1_207' title='bbox 1738 2997 1895 3094; x_wconf 85' lang='lat' dir='ltr'>vigilias,</span> 
     </span>
     <span class='ocr_line' id='line_1_20' title="bbox 318 3115 1899 3218; baseline 0 -32"><span class='ocrx_word' id='word_1_208' title='bbox 318 3118 408 3190; x_wconf 91' lang='lat' dir='ltr'>sicut</span> <span class='ocrx_word' id='word_1_209' title='bbox 425 3117 522 3218; x_wconf 91' lang='lat' dir='ltr'>apud</span> <span class='ocrx_word' id='word_1_210' title='bbox 539 3141 606 3190; x_wconf 93' lang='lat' dir='ltr'>nos</span> <span class='ocrx_word' id='word_1_211' title='bbox 624 3117 701 3190; x_wconf 88' lang='lat' dir='ltr'>fieri</span> <span class='ocrx_word' id='word_1_212' title='bbox 719 3121 819 3190; x_wconf 74' lang='lat' dir='ltr'>mcs‘</span> <span class='ocrx_word' id='word_1_213' title='bbox 836 3133 908 3209; x_wconf 90' lang='lat' dir='ltr'>est,</span> <span class='ocrx_word' id='word_1_214' title='bbox 929 3133 1112 3217; x_wconf 84' lang='lat' dir='ltr'>peragant.</span> <span class='ocrx_word' id='word_1_215' title='bbox 1131 3147 1149 3186; x_wconf 77' lang='lat' dir='ltr'>a</span> <span class='ocrx_word' id='word_1_216' title='bbox 1165 3119 1256 3190; x_wconf 89' lang='lat' dir='ltr'>Hinc</span> <span class='ocrx_word' id='word_1_217' title='bbox 1269 3117 1358 3190; x_wconf 93' lang='lat' dir='ltr'>illud</span> <span class='ocrx_word' id='word_1_218' title='bbox 1372 3134 1423 3190; x_wconf 89' lang='lat' dir='ltr'>est</span> <span class='ocrx_word' id='word_1_219' title='bbox 1436 3120 1474 3188; x_wconf 94' lang='lat' dir='ltr'>in</span> <span class='ocrx_word' id='word_1_220' title='bbox 1493 3117 1599 3190; x_wconf 91' lang='lat' dir='ltr'>laude</span> <span class='ocrx_word' id='word_1_221' title='bbox 1610 3117 1809 3188; x_wconf 76' lang='lat' dir='ltr'>christianae</span> <span class='ocrx_word' id='word_1_222' title='bbox 1820 3115 1899 3216; x_wconf 91' lang='lat' dir='ltr'>phi-</span> 
     </span>
     <span class='ocr_line' id='line_1_21' title="bbox 316 3234 1895 3336; baseline 0.002 -31"><span class='ocrx_word' id='word_1_223' title='bbox 316 3234 500 3335; x_wconf 86' lang='lat' dir='ltr'>losophiae,</span> <span class='ocrx_word' id='word_1_224' title='bbox 513 3238 584 3310; x_wconf 91' lang='lat' dir='ltr'>hoc</span> <span class='ocrx_word' id='word_1_225' title='bbox 598 3255 651 3310; x_wconf 91' lang='lat' dir='ltr'>est</span> <span class='ocrx_word' id='word_1_226' title='bbox 660 3240 864 3311; x_wconf 87' lang='lat' dir='ltr'>monasticae</span> <span class='ocrx_word' id='word_1_227' title='bbox 876 3239 1127 3336; x_wconf 78' lang='lat' dir='ltr'>praerogativae,</span> <span class='ocrx_word' id='word_1_228' title='bbox 1139 3238 1240 3334; x_wconf 92' lang='lat' dir='ltr'>quod</span> <span class='ocrx_word' id='word_1_229' title='bbox 1254 3240 1450 3334; x_wconf 81' lang='lat' dir='ltr'>Tripartita</span> <span class='ocrx_word' id='word_1_230' title='bbox 1458 3252 1718 3309; x_wconf 90' lang='lat' dir='ltr'>commemorat</span> <span class='ocrx_word' id='word_1_231' title='bbox 1724 3239 1895 3323; x_wconf 69' lang='lat' dir='ltr'>Heorta,</span> 
     </span>
     <span class='ocr_line' id='line_1_22' title="bbox 318 3354 1896 3453; baseline 0 -29"><span class='ocrx_word' id='word_1_232' title='bbox 318 3379 392 3428; x_wconf 91' lang='lat' dir='ltr'>non</span> <span class='ocrx_word' id='word_1_233' title='bbox 412 3357 530 3428; x_wconf 91' lang='lat' dir='ltr'>minus</span> <span class='ocrx_word' id='word_1_234' title='bbox 554 3381 575 3427; x_wconf 92' lang='lat' dir='ltr'>a</span> <span class='ocrx_word' id='word_1_235' title='bbox 597 3358 737 3428; x_wconf 83' lang='lat' dir='ltr'>leminis</span> <span class='ocrx_word' id='word_1_236' title='bbox 760 3380 869 3453; x_wconf 86' lang='lat' dir='ltr'>quam</span> <span class='ocrx_word' id='word_1_237' title='bbox 893 3359 934 3426; x_wconf 68' lang='lat' dir='ltr'>a&#39;</span> <span class='ocrx_word' id='word_1_238' title='bbox 955 3357 1039 3427; x_wconf 89' lang='lat' dir='ltr'>viris</span> <span class='ocrx_word' id='word_1_239' title='bbox 1063 3371 1224 3453; x_wconf 87' lang='lat' dir='ltr'>arreptae.</span> <span class='ocrx_word' id='word_1_240' title='bbox 1248 3356 1303 3427; x_wconf 78' lang='lat' dir='ltr'>Ait</span> <span class='ocrx_word' id='word_1_241' title='bbox 1328 3357 1463 3453; x_wconf 88' lang='lat' dir='ltr'>quippe</span> <span class='ocrx_word' id='word_1_242' title='bbox 1485 3356 1535 3426; x_wconf 90' lang='lat' dir='ltr'>sic</span> <span class='ocrx_word' id='word_1_243' title='bbox 1557 3354 1649 3427; x_wconf 88' lang='lat' dir='ltr'>libro</span> <span class='ocrx_word' id='word_1_244' title='bbox 1671 3359 1706 3444; x_wconf 90' lang='lat'>1,</span> <span class='ocrx_word' id='word_1_245' title='bbox 1733 3377 1810 3452; x_wconf 91' lang='lat' dir='ltr'>cap.</span> <span class='ocrx_word' id='word_1_246' title='bbox 1835 3379 1896 3424; x_wconf 82' lang='lat' dir='ltr'>xl:</span> 
     </span>
     <span class='ocr_line' id='line_1_23' title="bbox 320 3473 1898 3575; baseline 0.001 -33"><span class='ocrx_word' id='word_1_247' title='bbox 320 3476 465 3571; x_wconf 84' lang='lat' dir='ltr'>«Hujus</span> <span class='ocrx_word' id='word_1_248' title='bbox 483 3477 750 3573; x_wconf 74' lang='lat' dir='ltr'>elegantissimae</span> <span class='ocrx_word' id='word_1_249' title='bbox 765 3475 1003 3575; x_wconf 70' lang='lat' dir='ltr'>philosophie</span> <span class='ocrx_word' id='word_1_250' title='bbox 1019 3475 1186 3575; x_wconf 91' lang='lat' dir='ltr'>princeps</span> <span class='ocrx_word' id='word_1_251' title='bbox 1208 3475 1273 3546; x_wconf 90' lang='lat' dir='ltr'>fuit</span> <span class='ocrx_word' id='word_1_252' title='bbox 1291 3475 1455 3572; x_wconf 87' lang='lat' dir='ltr'>quidem,</span> <span class='ocrx_word' id='word_1_253' title='bbox 1473 3476 1574 3546; x_wconf 87' lang='lat' dir='ltr'>sicuti</span> <span class='ocrx_word' id='word_1_254' title='bbox 1592 3475 1741 3571; x_wconf 90' lang='lat' dir='ltr'>quidam</span> <span class='ocrx_word' id='word_1_255' title='bbox 1753 3473 1898 3562; x_wconf 91' lang='lat' dir='ltr'>dicunt,</span> 
     </span>
     <span class='ocr_line' id='line_1_24' title="bbox 317 3593 1902 3695; baseline -0.001 -31"><span class='ocrx_word' id='word_1_256' title='bbox 317 3594 409 3667; x_wconf 86' lang='lat' dir='ltr'>Elias</span> <span class='ocrx_word' id='word_1_257' title='bbox 431 3596 630 3695; x_wconf 85' lang='lat' dir='ltr'>propheta,</span> <span class='ocrx_word' id='word_1_258' title='bbox 660 3611 696 3668; x_wconf 94' lang='lat' dir='ltr'>et</span> <span class='ocrx_word' id='word_1_259' title='bbox 713 3597 866 3694; x_wconf 86' lang='lat' dir='ltr'>Baptista</span> <span class='ocrx_word' id='word_1_260' title='bbox 884 3600 1087 3666; x_wconf 84' lang='lat' dir='ltr'>loannes.»</span> <span class='ocrx_word' id='word_1_261' title='bbox 1112 3593 1220 3666; x_wconf 88' lang='lat' dir='ltr'>Philo&#39;</span> <span class='ocrx_word' id='word_1_262' title='bbox 1241 3608 1361 3666; x_wconf 85' lang='lat' dir='ltr'>autern</span> <span class='ocrx_word' id='word_1_263' title='bbox 1389 3593 1640 3691; x_wconf 84' lang='lat' dir='ltr'>pythagoricus</span> <span class='ocrx_word' id='word_1_264' title='bbox 1671 3593 1742 3663; x_wconf 90' lang='lat' dir='ltr'>suis</span> <span class='ocrx_word' id='word_1_265' title='bbox 1764 3607 1902 3690; x_wconf 86' lang='lat' dir='ltr'>tempo-</span> 
     </span>
     <span class='ocr_line' id='line_1_25' title="bbox 318 3712 1902 3812; baseline -0.003 -26"><span class='ocrx_word' id='word_1_266' title='bbox 318 3714 414 3786; x_wconf 90' lang='lat' dir='ltr'>ribus</span> <span class='ocrx_word' id='word_1_267' title='bbox 441 3716 548 3788; x_wconf 80' lang='lat' dir='ltr'>refert</span> <span class='ocrx_word' id='word_1_268' title='bbox 572 3714 732 3812; x_wconf 92' lang='lat' dir='ltr'>undique</span> <span class='ocrx_word' id='word_1_269' title='bbox 760 3716 917 3812; x_wconf 89' lang='lat' dir='ltr'>egregios</span> <span class='ocrx_word' id='word_1_270' title='bbox 940 3714 1170 3786; x_wconf 74' lang='lat' dir='ltr'>Hebraeorum</span> <span class='ocrx_word' id='word_1_271' title='bbox 1198 3713 1235 3784; x_wconf 93' lang='lat' dir='ltr'>in</span> <span class='ocrx_word' id='word_1_272' title='bbox 1267 3712 1427 3810; x_wconf 87' lang='lat' dir='ltr'>quodam</span> <span class='ocrx_word' id='word_1_273' title='bbox 1449 3713 1584 3812; x_wconf 81' lang='lat' dir='ltr'>praedio</span> <span class='ocrx_word' id='word_1_274' title='bbox 1617 3713 1710 3784; x_wconf 90' lang='lat' dir='ltr'>circa</span> <span class='ocrx_word' id='word_1_275' title='bbox 1738 3727 1902 3808; x_wconf 88' lang='lat' dir='ltr'>stagnum</span> 
     </span>
     <span class='ocr_line' id='line_1_26' title="bbox 318 3830 1903 3934; baseline 0 -30"><span class='ocrx_word' id='word_1_276' title='bbox 318 3835 427 3906; x_wconf 82' lang='lat' dir='ltr'>Maria</span> <span class='ocrx_word' id='word_1_277' title='bbox 451 3837 488 3906; x_wconf 91' lang='lat' dir='ltr'>in</span> <span class='ocrx_word' id='word_1_278' title='bbox 514 3835 605 3908; x_wconf 92' lang='lat' dir='ltr'>colle</span> <span class='ocrx_word' id='word_1_279' title='bbox 630 3836 787 3934; x_wconf 91' lang='lat' dir='ltr'>positum</span> <span class='ocrx_word' id='word_1_280' title='bbox 811 3833 1097 3933; x_wconf 89' lang='lat' dir='ltr'>philosophatos.</span> <span class='ocrx_word' id='word_1_281' title='bbox 1120 3830 1368 3903; x_wconf 88' lang='lat' dir='ltr'>Habitaoulum</span> <span class='ocrx_word' id='word_1_282' title='bbox 1387 3856 1473 3903; x_wconf 90' lang='lat' dir='ltr'>vero</span> <span class='ocrx_word' id='word_1_283' title='bbox 1495 3855 1641 3922; x_wconf 89' lang='lat' dir='ltr'>eorum,</span> <span class='ocrx_word' id='word_1_284' title='bbox 1669 3848 1704 3904; x_wconf 90' lang='lat' dir='ltr'>et</span> <span class='ocrx_word' id='word_1_285' title='bbox 1722 3831 1841 3921; x_wconf 90' lang='lat' dir='ltr'>cibos,</span> <span class='ocrx_word' id='word_1_286' title='bbox 1867 3848 1903 3904; x_wconf 89' lang='lat' dir='ltr'>et</span> 
     </span>
     <span class='ocr_line' id='line_1_27' title="bbox 318 3949 1902 4051; baseline -0.003 -25"><span class='ocrx_word' id='word_1_287' title='bbox 318 3955 626 4028; x_wconf 87' lang='lat' dir='ltr'>conversationem</span> <span class='ocrx_word' id='word_1_288' title='bbox 645 3955 751 4028; x_wconf 88' lang='lat' dir='ltr'>talem</span> <span class='ocrx_word' id='word_1_289' title='bbox 769 3955 982 4049; x_wconf 83' lang='lat' dir='ltr'>introducit,</span> <span class='ocrx_word' id='word_1_290' title='bbox 1004 3951 1146 4051; x_wconf 90' lang='lat' dir='ltr'>qualem</span> <span class='ocrx_word' id='word_1_291' title='bbox 1165 3965 1201 4022; x_wconf 90' lang='lat' dir='ltr'>et</span> <span class='ocrx_word' id='word_1_292' title='bbox 1212 3974 1280 4022; x_wconf 92' lang='lat' dir='ltr'>nos</span> <span class='ocrx_word' id='word_1_293' title='bbox 1293 3975 1391 4022; x_wconf 88' lang='lat' dir='ltr'>nune</span> <span class='ocrx_word' id='word_1_294' title='bbox 1404 3949 1500 4051; x_wconf 90' lang='lat' dir='ltr'>apud</span> <span class='ocrx_word' id='word_1_295' title='bbox 1512 3952 1902 4048; x_wconf 81' lang='lat' dir='ltr'>AEgyptiorum&#39;mona-</span> 
     </span>
     <span class='ocr_line' id='line_1_28' title="bbox 318 4069 1902 4172; baseline -0.004 -26"><span class='ocrx_word' id='word_1_296' title='bbox 318 4073 405 4146; x_wconf 92' lang='lat' dir='ltr'>cbcs</span> <span class='ocrx_word' id='word_1_297' title='bbox 425 4098 500 4146; x_wconf 90' lang='lat' dir='ltr'>esse</span> <span class='ocrx_word' id='word_1_298' title='bbox 513 4075 764 4172; x_wconf 85' lang='lat' dir='ltr'>conspicimus.</span> <span class='ocrx_word' id='word_1_299' title='bbox 788 4073 916 4146; x_wconf 86' lang='lat' dir='ltr'>Scribit</span> <span class='ocrx_word' id='word_1_300' title='bbox 930 4097 992 4144; x_wconf 89' lang='lat' dir='ltr'>ecs</span> <span class='ocrx_word' id='word_1_301' title='bbox 1012 4087 1093 4144; x_wconf 88' lang='lat' dir='ltr'>ante</span> <span class='ocrx_word' id='word_1_302' title='bbox 1108 4069 1193 4142; x_wconf 91' lang='lat' dir='ltr'>solis</span> <span class='ocrx_word' id='word_1_303' title='bbox 1211 4093 1378 4142; x_wconf 90' lang='lat' dir='ltr'>occasum</span> <span class='ocrx_word' id='word_1_304' title='bbox 1396 4094 1471 4142; x_wconf 92' lang='lat' dir='ltr'>non</span> <span class='ocrx_word' id='word_1_305' title='bbox 1494 4073 1634 4166; x_wconf 77' lang='lat' dir='ltr'>gustare</span> <span class='ocrx_word' id='word_1_306' title='bbox 1655 4069 1795 4158; x_wconf 91' lang='lat' dir='ltr'>cibum,</span> <span class='ocrx_word' id='word_1_307' title='bbox 1816 4072 1902 4142; x_wconf 88' lang='lat' dir='ltr'>vino</span> 
     </span>
     <span class='ocr_line' id='line_1_29' title="bbox 310 4189 1903 4292; baseline -0.006 -23"><span class='ocrx_word' id='word_1_308' title='bbox 310 4217 458 4290; x_wconf 82' lang='lat' dir='ltr'>semper</span> <span class='ocrx_word' id='word_1_309' title='bbox 480 4210 516 4266; x_wconf 87' lang='lat' dir='ltr'>et</span> <span class='ocrx_word' id='word_1_310' title='bbox 536 4196 745 4292; x_wconf 87' lang='lat' dir='ltr'>sanguinem</span> <span class='ocrx_word' id='word_1_311' title='bbox 768 4192 983 4266; x_wconf 82' lang='lat' dir='ltr'>habentibus</span> <span class='ocrx_word' id='word_1_312' title='bbox 1006 4192 1203 4280; x_wconf 86' lang='lat' dir='ltr'>abstinere,</span> <span class='ocrx_word' id='word_1_313' title='bbox 1229 4189 1349 4262; x_wconf 89' lang='lat' dir='ltr'>cibum</span> <span class='ocrx_word' id='word_1_314' title='bbox 1373 4190 1424 4260; x_wconf 89' lang='lat' dir='ltr'>eis</span> <span class='ocrx_word' id='word_1_315' title='bbox 1441 4215 1518 4262; x_wconf 85' lang='lat' dir='ltr'>esse</span> <span class='ocrx_word' id='word_1_316' title='bbox 1538 4191 1663 4288; x_wconf 87' lang='lat' dir='ltr'>panis,</span> <span class='ocrx_word' id='word_1_317' title='bbox 1689 4205 1725 4262; x_wconf 91' lang='lat' dir='ltr'>et</span> <span class='ocrx_word' id='word_1_318' title='bbox 1745 4191 1846 4279; x_wconf 87' lang='lat' dir='ltr'>salis,</span> <span class='ocrx_word' id='word_1_319' title='bbox 1867 4206 1903 4262; x_wconf 90' lang='lat' dir='ltr'>et</span> 
     </span>
     <span class='ocr_line' id='line_1_30' title="bbox 320 4311 1903 4413; baseline -0.004 -27"><span class='ocrx_word' id='word_1_320' title='bbox 320 4315 475 4412; x_wconf 83' lang='lat' dir='ltr'>hysopy‚</span> <span class='ocrx_word' id='word_1_321' title='bbox 496 4330 531 4386; x_wconf 95' lang='lat' dir='ltr'>et</span> <span class='ocrx_word' id='word_1_322' title='bbox 549 4331 677 4413; x_wconf 93' lang='lat' dir='ltr'>potum</span> <span class='ocrx_word' id='word_1_323' title='bbox 693 4338 813 4411; x_wconf 79' lang='lat' dir='ltr'>uquae3</span> <span class='ocrx_word' id='word_1_324' title='bbox 830 4313 997 4386; x_wconf 90' lang='lat' dir='ltr'>mulieres</span> <span class='ocrx_word' id='word_1_325' title='bbox 1010 4312 1061 4384; x_wconf 90' lang='lat' dir='ltr'>eis</span> <span class='ocrx_word' id='word_1_326' title='bbox 1074 4311 1280 4384; x_wconf 88' lang='lat' dir='ltr'>cohabitare</span> <span class='ocrx_word' id='word_1_327' title='bbox 1292 4311 1450 4382; x_wconf 88' lang='lat' dir='ltr'>seniores</span> <span class='ocrx_word' id='word_1_328' title='bbox 1462 4311 1628 4408; x_wconf 86' lang='lat' dir='ltr'>virgines,</span> <span class='ocrx_word' id='word_1_329' title='bbox 1644 4325 1792 4408; x_wconf 90' lang='lat' dir='ltr'>propter</span> <span class='ocrx_word' id='word_1_330' title='bbox 1804 4333 1903 4382; x_wconf 85' lang='lat' dir='ltr'>amo-</span> 
     </span>
     <span class='ocr_line' id='line_1_31' title="bbox 319 4429 1903 4534; baseline -0.002 -32"><span class='ocrx_word' id='word_1_331' title='bbox 319 4458 395 4512; x_wconf 92' lang='lat' dir='ltr'>rem</span> <span class='ocrx_word' id='word_1_332' title='bbox 407 4433 643 4532; x_wconf 84' lang='lat' dir='ltr'>pbilosophiae</span> <span class='ocrx_word' id='word_1_333' title='bbox 656 4449 853 4534; x_wconf 88' lang='lat' dir='ltr'>spontanea</span> <span class='ocrx_word' id='word_1_334' title='bbox 871 4433 1054 4506; x_wconf 79' lang='lat' dir='ltr'>voluntate</span> <span class='ocrx_word' id='word_1_335' title='bbox 1072 4432 1204 4530; x_wconf 90' lang='lat' dir='ltr'>nuptiis</span> <span class='ocrx_word' id='word_1_336' title='bbox 1215 4429 1445 4503; x_wconf 86' lang='lat' dir='ltr'>abstinentes.</span> <span class='ocrx_word' id='word_1_337' title='bbox 1462 4432 1554 4501; x_wconf 87' lang='lat' dir='ltr'>Hinc</span> <span class='ocrx_word' id='word_1_338' title='bbox 1565 4446 1601 4502; x_wconf 91' lang='lat' dir='ltr'>et</span> <span class='ocrx_word' id='word_1_339' title='bbox 1613 4430 1702 4502; x_wconf 92' lang='lat' dir='ltr'>illud</span> <span class='ocrx_word' id='word_1_340' title='bbox 1714 4445 1767 4500; x_wconf 88' lang='lat' dir='ltr'>est</span> <span class='ocrx_word' id='word_1_341' title='bbox 1780 4431 1903 4500; x_wconf 85' lang='lat' dir='ltr'>Hiero-</span> 
     </span>
     <span class='ocr_line' id='line_1_32' title="bbox 320 4549 1903 4649; baseline -0.003 -26"><span class='ocrx_word' id='word_1_342' title='bbox 320 4554 417 4648; x_wconf 89' lang='lat' dir='ltr'>nymi</span> <span class='ocrx_word' id='word_1_343' title='bbox 437 4554 475 4624; x_wconf 93' lang='lat' dir='ltr'>in</span> <span class='ocrx_word' id='word_1_344' title='bbox 497 4553 590 4625; x_wconf 88' lang='lat' dir='ltr'>libro</span> <span class='ocrx_word' id='word_1_345' title='bbox 603 4553 647 4624; x_wconf 79' lang='lat' dir='ltr'>de</span> <span class='ocrx_word' id='word_1_346' title='bbox 665 4552 864 4624; x_wconf 74' lang='lat' dir='ltr'>Illustribus</span> <span class='ocrx_word' id='word_1_347' title='bbox 886 4556 1000 4638; x_wconf 81' lang='lat' dir='ltr'>Viris,</span> <span class='ocrx_word' id='word_1_348' title='bbox 1023 4550 1181 4649; x_wconf 92' lang='lat' dir='ltr'>capitulo</span> <span class='ocrx_word' id='word_1_349' title='bbox 1199 4573 1262 4622; x_wconf 80' lang='lat' dir='ltr'>vm</span> <span class='ocrx_word' id='word_1_350' title='bbox 1280 4551 1326 4622; x_wconf 91' lang='lat' dir='ltr'>de</span> <span class='ocrx_word' id='word_1_351' title='bbox 1343 4550 1450 4622; x_wconf 89' lang='lat' dir='ltr'>laude</span> <span class='ocrx_word' id='word_1_352' title='bbox 1467 4553 1576 4621; x_wconf 90' lang='lat' dir='ltr'>Marci</span> <span class='ocrx_word' id='word_1_353' title='bbox 1594 4565 1629 4622; x_wconf 92' lang='lat' dir='ltr'>et</span> <span class='ocrx_word' id='word_1_354' title='bbox 1654 4549 1831 4640; x_wconf 82' lang='lat' dir='ltr'>Ecclesiae,</span> <span class='ocrx_word' id='word_1_355' title='bbox 1853 4550 1903 4620; x_wconf 90' lang='lat' dir='ltr'>sic</span> 
     </span>
     <span class='ocr_line' id='line_1_33' title="bbox 320 4669 1902 4746; baseline -0.002 -3"><span class='ocrx_word' id='word_1_356' title='bbox 320 4672 526 4744; x_wconf 76' lang='lat' dir='ltr'>scribentis:</span> <span class='ocrx_word' id='word_1_357' title='bbox 550 4703 568 4740; x_wconf 78' lang='lat' dir='ltr'>a</span> <span class='ocrx_word' id='word_1_358' title='bbox 584 4673 723 4746; x_wconf 90' lang='lat' dir='ltr'>Primus</span> <span class='ocrx_word' id='word_1_359' title='bbox 737 4671 955 4744; x_wconf 82' lang='lat' dir='ltr'>Alexandriae</span> <span class='ocrx_word' id='word_1_360' title='bbox 968 4670 1148 4742; x_wconf 89' lang='lat' dir='ltr'>Christum</span> <span class='ocrx_word' id='word_1_361' title='bbox 1166 4671 1383 4742; x_wconf 85' lang='lat' dir='ltr'>annuntians</span> <span class='ocrx_word' id='word_1_362' title='bbox 1395 4671 1579 4742; x_wconf 88' lang='lat' dir='ltr'>constituit</span> <span class='ocrx_word' id='word_1_363' title='bbox 1594 4669 1779 4742; x_wconf 83' lang='lat' dir='ltr'>ecclesium</span> <span class='ocrx_word' id='word_1_364' title='bbox 1797 4683 1902 4740; x_wconf 86' lang='lat' dir='ltr'>tantae</span> 
     </span>
     <span class='ocr_line' id='line_1_34' title="bbox 321 4791 1902 4892; baseline 0.001 -30"><span class='ocrx_word' id='word_1_365' title='bbox 321 4792 509 4882; x_wconf 72' lang='lat' dir='ltr'>doctrinae,</span> <span class='ocrx_word' id='word_1_366' title='bbox 538 4809 573 4864; x_wconf 88' lang='lat' dir='ltr'>et</span> <span class='ocrx_word' id='word_1_367' title='bbox 589 4793 669 4865; x_wconf 78' lang='lat' dir='ltr'>vitae</span> <span class='ocrx_word' id='word_1_368' title='bbox 699 4793 943 4882; x_wconf 76' lang='lat' dir='ltr'>continentiae,</span> <span class='ocrx_word' id='word_1_369' title='bbox 972 4807 1011 4862; x_wconf 93' lang='lat' dir='ltr'>ut</span> <span class='ocrx_word' id='word_1_370' title='bbox 1035 4815 1162 4864; x_wconf 89' lang='lat' dir='ltr'>omnes</span> <span class='ocrx_word' id='word_1_371' title='bbox 1187 4803 1378 4864; x_wconf 86' lang='lat' dir='ltr'>sectatores</span> <span class='ocrx_word' id='word_1_372' title='bbox 1401 4791 1530 4863; x_wconf 89' lang='lat' dir='ltr'>Christi</span> <span class='ocrx_word' id='word_1_373' title='bbox 1551 4791 1598 4862; x_wconf 89' lang='lat' dir='ltr'>ad</span> <span class='ocrx_word' id='word_1_374' title='bbox 1621 4792 1825 4892; x_wconf 85' lang='lat' dir='ltr'>exemplum</span> <span class='ocrx_word' id='word_1_375' title='bbox 1848 4792 1902 4864; x_wconf 89' lang='lat' dir='ltr'>sui</span> 
     </span>
     <span class='ocr_line' id='line_1_35' title="bbox 319 4909 1902 5012; baseline 0.001 -30"><span class='ocrx_word' id='word_1_376' title='bbox 319 4928 473 5010; x_wconf 89' lang='lat' dir='ltr'>cogeret.</span> <span class='ocrx_word' id='word_1_377' title='bbox 498 4913 661 5009; x_wconf 88' lang='lat' dir='ltr'>Denique</span> <span class='ocrx_word' id='word_1_378' title='bbox 682 4911 803 5002; x_wconf 89' lang='lat' dir='ltr'>Philo,</span> <span class='ocrx_word' id='word_1_379' title='bbox 831 4911 1081 4984; x_wconf 86' lang='lat' dir='ltr'>disertissimus</span> <span class='ocrx_word' id='word_1_380' title='bbox 1100 4909 1322 5002; x_wconf 70' lang='lat' dir='ltr'>ludaeorum,</span> <span class='ocrx_word' id='word_1_381' title='bbox 1351 4911 1477 4984; x_wconf 86' lang='lat' dir='ltr'>videns</span> <span class='ocrx_word' id='word_1_382' title='bbox 1505 4909 1723 4984; x_wconf 72' lang='lat' dir='ltr'>Alexandriae</span> <span class='ocrx_word' id='word_1_383' title='bbox 1748 4913 1902 5012; x_wconf 83' lang='lat' dir='ltr'>primam</span> 
     </span>
    </p>
   </div>
   <div class='ocr_carea' id='block_1_4' title="bbox 319 5129 1898 5363">
    <p class='ocr_par' dir='ltr' id='par_1_4' title="bbox 319 5129 1898 5363">
     <span class='ocr_line' id='line_1_36' title="bbox 354 5129 1898 5204; baseline -0.003 -18"><span class='ocrx_word' id='word_1_384' title='bbox 354 5135 361 5160; x_wconf 75' lang='lat'><strong>⁴</strong></span> <span class='ocrx_word' id='word_1_385' title='bbox 377 5129 414 5186; x_wconf 69' lang='lat' dir='ltr'>&#39;nv</span> <span class='ocrx_word' id='word_1_386' title='bbox 425 5138 511 5204; x_wconf 70' lang='grc' dir='ltr'>ᾱάστῃ</span> <span class='ocrx_word' id='word_1_387' title='bbox 522 5137 547 5186; x_wconf 75' lang='lat' dir='ltr'>tt</span> <span class='ocrx_word' id='word_1_388' title='bbox 558 5135 620 5186; x_wconf 68' lang='lat' dir='ltr'>lma</span> <span class='ocrx_word' id='word_1_389' title='bbox 631 5135 718 5197; x_wconf 64' lang='grc' dir='ltr'>οἴκημα</span> <span class='ocrx_word' id='word_1_390' title='bbox 739 5139 798 5202; x_wconf 76' lang='grc' dir='ltr'><strong><em>ἱερὸν</em></strong></span> <span class='ocrx_word' id='word_1_391' title='bbox 811 5136 823 5184; x_wconf 73' lang='grc' dir='ltr'><strong>ὃ</strong></span> <span class='ocrx_word' id='word_1_392' title='bbox 834 5138 941 5185; x_wconf 61' lang='grc' dir='ltr'>καλῆται</span> <span class='ocrx_word' id='word_1_393' title='bbox 960 5143 1061 5199; x_wconf 63' lang='lat' dir='ltr'>“pastor</span> <span class='ocrx_word' id='word_1_394' title='bbox 1080 5137 1094 5190; x_wconf 73' lang='lat' dir='ltr'>»l</span> <span class='ocrx_word' id='word_1_395' title='bbox 1127 5133 1189 5184; x_wconf 70' lang='lat' dir='ltr'>Fut.</span> <span class='ocrx_word' id='word_1_396' title='bbox 1202 5132 1310 5192; x_wconf 58' lang='grc' dir='ltr'>Μαι,</span> <span class='ocrx_word' id='word_1_397' title='bbox 1328 5131 1372 5183; x_wconf 82' lang='lat' dir='ltr'>lib.</span> <span class='ocrx_word' id='word_1_398' title='bbox 1385 5132 1421 5194; x_wconf 92' lang='lat' dir='ltr'>ll,</span> <span class='ocrx_word' id='word_1_399' title='bbox 1435 5149 1489 5198; x_wconf 83' lang='lat' dir='ltr'>cap.</span> <span class='ocrx_word' id='word_1_400' title='bbox 1505 5148 1599 5184; x_wconf 70' lang='lat' dir='ltr'>xm-</span> <span class='ocrx_word' id='word_1_401' title='bbox 1609 5133 1619 5160; x_wconf 81' lang='lat'><strong>¹</strong></span> <span class='ocrx_word' id='word_1_402' title='bbox 1629 5134 1664 5184; x_wconf 77' lang='lat' dir='ltr'>Et</span> <span class='ocrx_word' id='word_1_403' title='bbox 1677 5133 1706 5183; x_wconf 78' lang='lat'>1).</span> <span class='ocrx_word' id='word_1_404' title='bbox 1720 5158 1751 5170; x_wconf 89' lang='lat'>·-</span> <span class='ocrx_word' id='word_1_405' title='bbox 1764 5131 1774 5159; x_wconf 84' lang='lat'>⁸</span> <span class='ocrx_word' id='word_1_406' title='bbox 1785 5132 1858 5182; x_wconf 68' lang='lat' dir='ltr'>loric</span> <span class='ocrx_word' id='word_1_407' title='bbox 1871 5131 1898 5182; x_wconf 80' lang='lat' dir='ltr'>C.</span> 
     </span>
     <span class='ocr_line' id='line_1_37' title="bbox 319 5215 1485 5287; baseline -0.002 -19"><span class='ocrx_word' id='word_1_408' title='bbox 319 5227 483 5287; x_wconf 61' lang='grc' dir='ltr'>μνηστήρων.</span> <span class='ocrx_word' id='word_1_409' title='bbox 502 5218 604 5279; x_wconf 69' lang='lat' dir='ltr'>ureb,</span> <span class='ocrx_word' id='word_1_410' title='bbox 621 5221 684 5269; x_wconf 74' lang='lat' dir='ltr'>tior.</span> <span class='ocrx_word' id='word_1_411' title='bbox 697 5219 803 5278; x_wconf 71' lang='lat' dir='ltr'>Eccita,</span> <span class='ocrx_word' id='word_1_412' title='bbox 820 5217 862 5267; x_wconf 91' lang='lat' dir='ltr'>lib.</span> <span class='ocrx_word' id='word_1_413' title='bbox 878 5217 915 5278; x_wconf 86' lang='lat' dir='ltr'>ll,</span> <span class='ocrx_word' id='word_1_414' title='bbox 931 5233 985 5284; x_wconf 86' lang='lat' dir='ltr'>cap.</span> <span class='ocrx_word' id='word_1_415' title='bbox 1001 5235 1053 5269; x_wconf 79' lang='lat' dir='ltr'>xvr.</span> <span class='ocrx_word' id='word_1_416' title='bbox 1063 5245 1094 5256; x_wconf 90' lang='lat'><em>-</em></span> <span class='ocrx_word' id='word_1_417' title='bbox 1129 5243 1158 5254; x_wconf 88' lang='lat'>-</span> <span class='ocrx_word' id='word_1_418' title='bbox 1169 5216 1178 5243; x_wconf 81' lang='lat'><strong>¹</strong></span> <span class='ocrx_word' id='word_1_419' title='bbox 1189 5216 1230 5268; x_wconf 86' lang='lat' dir='ltr'>Sic</span> <span class='ocrx_word' id='word_1_420' title='bbox 1242 5215 1272 5267; x_wconf 79' lang='lat' dir='ltr'>n.</span> <span class='ocrx_word' id='word_1_421' title='bbox 1282 5217 1330 5266; x_wconf 77' lang='grc' dir='ltr'>-Δ</span> <span class='ocrx_word' id='word_1_422' title='bbox 1341 5215 1411 5268; x_wconf 71' lang='lat' dir='ltr'>dont</span> <span class='ocrx_word' id='word_1_423' title='bbox 1423 5215 1485 5266; x_wconf 72' lang='lat' dir='ltr'>ttdd</span> 
     </span>
     <span class='ocr_line' id='line_1_38' title="bbox 321 5301 1093 5363; baseline 0.004 -12"><span class='ocrx_word' id='word_1_424' title='bbox 321 5301 330 5326; x_wconf 84' lang='lat'><strong>¹</strong></span> <span class='ocrx_word' id='word_1_425' title='bbox 344 5301 418 5362; x_wconf 81' lang='lat' dir='ltr'>thid..</span> <span class='ocrx_word' id='word_1_426' title='bbox 429 5302 488 5353; x_wconf 86' lang='lat' dir='ltr'>ibid.</span> <span class='ocrx_word' id='word_1_427' title='bbox 501 5301 593 5354; x_wconf 77' lang='lat' dir='ltr'>-⁸Sic</span> <span class='ocrx_word' id='word_1_428' title='bbox 605 5301 634 5351; x_wconf 75' lang='lat' dir='ltr'>t).</span> <span class='ocrx_word' id='word_1_429' title='bbox 644 5327 661 5340; x_wconf 89' lang='lat'>-</span> <span class='ocrx_word' id='word_1_430' title='bbox 670 5303 761 5352; x_wconf 75' lang='lat' dir='ltr'>Eorum</span> <span class='ocrx_word' id='word_1_431' title='bbox 772 5301 843 5352; x_wconf 66' lang='lat' dir='ltr'>dent</span> <span class='ocrx_word' id='word_1_432' title='bbox 852 5301 916 5352; x_wconf 69' lang='grc' dir='ltr'>ΕΜ.</span> <span class='ocrx_word' id='word_1_433' title='bbox 926 5301 979 5342; x_wconf 80' lang='lat'>-⁴</span> <span class='ocrx_word' id='word_1_434' title='bbox 993 5301 1093 5363; x_wconf 68' lang='lat' dir='ltr'>anch..</span> 
     </span>
    </p>
   </div>
   <div class='ocr_carea' id='block_1_5' title="bbox 440 5387 1782 5449">
    <p class='ocr_par' dir='ltr' id='par_1_5' title="bbox 440 5387 1782 5449">
     <span class='ocr_line' id='line_1_39' title="bbox 440 5387 1782 5449; baseline -0.001 0"><span class='ocrx_word' id='word_1_435' title='bbox 440 5404 451 5449; x_wconf 89' lang='lat' dir='ltr'>r</span> <span class='ocrx_word' id='word_1_436' title='bbox 1743 5387 1782 5448; x_wconf 81' lang='lat'>¹7</span> 
     </span>
    </p>
   </div>
   <div class='ocr_carea' id='block_1_6' title="bbox 0 0 2316 6100">
    <p class='ocr_par' dir='ltr' id='par_1_6' title="bbox 0 0 2316 6100">
     <span class='ocr_line' id='line_1_40' title="bbox 0 0 2316 6100; baseline 0 0"><span class='ocrx_word' id='word_1_437' title='bbox 0 0 2316 6100; x_wconf 95' lang='lat' dir='ltr'> </span> 
     </span>
    </p>
   </div>
  </div>
 </body>
</html>
