4522 6102
483 673 552 740 tto
777 667 903 737 ΡΕΤΒΙ
930 665 1165 738 ABAEMRDI
1190 665 1247 740 ΕΤ
1270 665 1496 740 flntotssAE
1521 666 1757 740 EPISTOLAE.

480 808 664 878 nocturnis
685 804 789 878 nobis
811 804 991 902 agendum
1012 806 1067 878 sit.
1095 807 1337 879 Periculosum
1360 809 1493 907 quippe
1514 809 1654 882 videtur
1675 832 1719 880 eo
1738 823 1899 906 tempore
1917 807 1963 880 ad
1987 833 2051 882 nos

479 924 679 996 sacerdotes
690 939 750 996 aut
767 922 940 996 diaconos
952 923 1107 1014 admitti,
1120 949 1185 1022 per
1201 950 1293 1022 quos
1306 925 1382 998 haec
1398 925 1503 998 lectio
1517 927 1695 1015 recitetur,
1710 949 1798 1024 quas
1815 927 1991 1024 praecipue
2008 927 2050 998 ab

479 1043 577 1112 omni
590 1041 779 1113 hominurn
793 1066 937 1114 accessu
950 1057 1056 1140 atque
1075 1058 1219 1140 aspectu
1234 1059 1429 1140 segregatas
1440 1069 1516 1117 esse
1529 1045 1696 1117 convenit
1713 1072 1720 1114 :
1738 1059 1815 1115 tum
1830 1059 1869 1115 ut
1886 1045 2051 1116 sincerius

478 1167 553 1234 Deo
573 1186 698 1233 vacare
714 1162 910 1260 possimus,
936 1176 1013 1233 tum
1036 1162 1143 1232 etiarn
1157 1178 1198 1233 ut
1213 1187 1235 1233 a
1248 1163 1443 1235 tentatione
1459 1165 1605 1235 tutiores
1623 1163 1746 1234 simus.
1764 1161 1841 1234 Tibi
1854 1187 1970 1249 nunc,
1991 1162 2051 1234 do-

477 1285 590 1372 mine,
612 1282 700 1352 dum
716 1283 824 1372 vivis,
841 1279 1015 1353 incumbit
1034 1282 1217 1353 instituere
1235 1281 1281 1353 de
1295 1281 1397 1353 nobis
1409 1282 1496 1380 quid
1514 1283 1552 1353 in
1573 1296 1785 1380 perpetuum
1803 1280 1997 1354 tenendum
2011 1285 2051 1353 sit

456 1400 594 1472 .nobis.
615 1405 667 1471 Tu
681 1401 814 1498 quippe
827 1415 910 1499 post
927 1404 1043 1472 Deum
1069 1400 1175 1496 hujus
1194 1400 1264 1472 loci
1281 1400 1461 1489 firndator‚
1484 1416 1522 1472 tu
1541 1425 1604 1498 per
1627 1405 1743 1473 Deum
1761 1416 1891 1473 nostrae
1907 1423 2051 1498 congre·

477 1521 627 1616 gationis
645 1544 683 1589 es
700 1518 890 1617 plantator,
912 1534 950 1590 tu
968 1545 1050 1592 curn
1067 1524 1144 1590 Deo
1164 1517 1293 1591 nostrae
1312 1521 1358 1592 sis
1381 1520 1560 1616 religionis
1578 1521 1767 1592 institutor.
1796 1524 2049 1618 Praeceptorem

475 1643 584 1713 alium
602 1654 683 1737 post
699 1655 733 1710 te
752 1639 907 1711 fortassis
927 1640 1098 1711 habiturae
1122 1665 1262 1729 sumus,
1284 1654 1320 1710 et
1335 1640 1418 1736 qui¹
1437 1659 1543 1736 super
1560 1636 1714 1710 alienum
1734 1637 1888 1736 aliquid*
1905 1631 2051 1712 aedtfioet

474 1761 759 1832 fundamentum.
783 1759 941 1856 Ideoque
955 1783 1121 1832 veremur
1141 1758 1187 1830 de
1208 1758 1313 1830 nobis
1331 1759 1450 1830 minus
1468 1758 1607 1830 iuturus
1624 1757 1812 1850 sollicitus,
1832 1758 1889 1830 vel
1908 1783 1930 1830 a
1949 1759 2051 1831 nobis

476 1884 594 1952 minus
614 1877 833 1968 audiendus,
853 1880 968 1975 etqui
991 1879 1165 1976 denique,
1186 1879 1213 1949 si
1236 1903 1335 1975 aeque
1353 1877 1455 1966 velit,
1479 1902 1554 1949 non
1572 1903 1671 1975 atque
1688 1880 1811 1978 possit.
1833 1882 1994 1975 Loquere
2012 1894 2048 1950 tu

475 1999 597 2089 nobis,
614 2014 649 2070 et
660 1997 856 2070 audiemus.
879 1998 976 2069 Vale.
1851 2008 1858 2020 ·

508 2233 515 2256 ¹
537 2234 600 2290 Quid
613 2230 641 2280 1).
657 2255 684 2266 -
700 2227 795 2280 'stud
804 2225 854 2278 HS·
870 2228 941 2278 turb.

2233 1983 2236 2142 ἱ
