4486 6100
586 607 676 680 cett
702 609 828 682 estut
855 607 1089 682 tBAEtlnut
1114 607 1438 682 SOLU'llONlBUS.
1729 590 1804 678 259

223 746 347 844 quein
366 744 479 816 activa
496 745 568 818 sint
579 748 755 846 occupati.
779 752 888 838 Nam,
911 763 951 822 ut
967 748 1200 846 postmodum
1216 749 1349 820 Veritas
1359 747 1450 819 ait¹:
1474 773 1492 814 a
1506 745 1577 832 Qui
1593 744 1756 818 docuerit
1769 763 1804 818 et
1924 825 1928 830 ¹

225 863 345 936 iecerit
362 863 497 961 legem,
516 893 534 934 n
554 867 654 963 quod
679 881 732 940 est
754 867 944 941 doctorum
974 883 1009 940 et
1028 846 1195 942 'Ecclesiae
1214 867 1457 967 praelatorum,
1481 895 1498 934 e
1524 889 1675 968 magnus
1697 889 1802 938 voca·

224 983 320 1056 bitur
343 985 384 1054 in
407 1007 518 1080 regno
543 984 734 1076 coelornm,
751 1013 770 1054 n
792 987 884 1057 sicut
905 988 1094 1058 continens
1108 987 1307 1077 maximus,
1332 1001 1369 1060 et
1387 989 1597 1082 conjugatus
1618 987 1799 1056 minimus.

224 1101 276 1176 ttb
293 1102 350 1177 bis
368 1113 471 1200 ergo,
489 1105 552 1201 qni
571 1106 701 1178 virtute
720 1120 804 1179 sunt
827 1108 988 1196 maximi,
1010 1122 1045 1180 et
1066 1109 1203 1207 priores
1224 1107 1322 1207 apud
1339 1111 1455 1178 Deum
1476 1104 1646 1202 dignitate
1666 1103 1804 1202 religio.

224 1223 298 1312 nis,
320 1223 517 1314 inchoans,
539 1225 575 1296 in
594 1225 707 1298 tribus
725 1249 850 1298 eornm
873 1228 1097 1300 sanctitatem
1114 1224 1412 1325 comprehendit:
1434 1249 1545 1322 quum
1569 1224 1805 1316 eosvidelicet

224 1366 399 1441 pauperes
416 1344 563 1442 spiritu,
587 1346 707 1435 mites,
728 1369 770 1418 ac
789 1345 950 1444 lugentes
962 1346 1143 1418 describit.
1161 1352 1288 1419 Beatus
1300 1346 1451 1436 dicitur,
1471 1343 1675 1442 quasibene
1690 1359 1802 1432 actus,

222 1460 293 1534 boc
311 1477 367 1534 est
381 1463 419 1535 in
436 1463 541 1536 bonis
557 1465 717 1538 moribus
737 1465 969 1564 compositus.
991 1470 1169 1565 Pauperes
1185 1466 1311 1566 spiritu
1331 1463 1518 1553 dicuntur,
1542 1464 1604 1560 qui
1621 1477 1806 1561 pauperta-

223 1594 294 1652 tem
315 1605 390 1654 non
409 1583 618 1656 necessitate
638 1585 834 1674 sustinent,
854 1583 926 1656 hoc
946 1598 1018 1674 est,
1043 1586 1108 1657 Dei
1128 1610 1205 1682 qno
1228 1586 1365 1656 fervent
1390 1584 1508 1686 edocti
1534 1584 1692 1673 ratione,
1711 1581 1805 1652 hanc

222 1713 416 1798 appetunt,
435 1701 574 1796 divitias
586 1717 877 1796 contemnentes,
900 1717 937 1776 et
951 1729 1011 1778 eas
1032 1718 1202 1802 tanquam
1215 1704 1360 1776 nocivas
1379 1703 1569 1800 fugientes,
1584 1701 1805 1774 attendentes

222 1819 321 1915 quod
341 1822 518 1894 Dominus
542 1823 641 1894 ait⁸z
665 1823 847 1896 «Facilius
867 1839 920 1896 est
939 1823 1118 1896 camelum
1143 1825 1276 1897 intrare
1300 1813 1544 1922 perforamen
1567 1845 1673 1912 acus,
1697 1845 1805 1918 quarn
1875 1889 1880 1901 ,

222 1937 370 2012 divitem
389 1941 425 2013 in
444 1965 595 2038 regnum
611 1941 797 2044 coelorum.
818 1971 836 2012 n
860 1943 1031 2042 Spiritum
1052 1944 1170 2040 itaque
1187 1943 1260 2015 hoc
1285 1942 1367 2014 loco
1388 1943 1562 2014 rationem
1584 1941 1689 2029 dicit,
1716 1942 1806 2013 sicut

222 2071 258 2128 et
277 2057 466 2154 Apostolus
483 2058 521 2130 id
540 2074 682 2132 secutus
702 2060 794 2132 ait⁸:
820 2088 839 2128 e
859 2065 951 2132 Caro
971 2062 1192 2161 concupiscit
1214 2061 1383 2134 adversus
1409 2061 1593 2159 spiritum,
1614 2073 1650 2132 et
1666 2061 1808 2158 spiritus

226 2176 397 2250 adversus
415 2171 573 2252 cambm.
590 2207 608 2248 n
630 2179 718 2266 Quis
736 2180 833 2252 enim
851 2181 985 2252 nesciat
996 2179 1319 2278 concupiscentiam
1333 2181 1460 2251 animae
1473 2179 1713 2278 potiusquam
1728 2201 1807 2249 cor·

221 2297 320 2393 poris
336 2297 439 2370 esse?
458 2299 633 2378 Sedetano
651 2321 736 2370 caro
756 2298 924 2372 adversus
939 2301 1102 2398 spiritum
1116 2299 1355 2398 concupiscit,
1376 2323 1489 2395 quum
1501 2299 1537 2368 in
1551 2296 1678 2370 eadem
1691 2298 1809 2376 anima

221 2414 448 2506 sensualitas,
470 2417 540 2488 hoc
560 2431 614 2490 est
637 2415 825 2490 delectatio
847 2441 891 2490 ex
907 2416 1113 2502 infirmitate
1134 2417 1250 2489 carnis
1267 2417 1433 2507 veniens,
1463 2417 1592 2488 rationi
1611 2430 1805 2515 repugnat,

222 2549 275 2626 nt,
291 2534 392 2630 juxta
409 2536 578 2608 eumdem
595 2536 816 2634 apostolum,
836 2561 942 2637 saepe,
964 2537 1046 2608 victi
1064 2537 1234 2610 iaciamus
1252 2562 1331 2634 quae
1352 2536 1540 2626 nolumus3
1561 2535 1633 2607 hoc
1655 2548 1709 2607 est
1730 2561 1808 2633 quae

221 2652 383 2725 facienda
407 2675 482 2726 esse
499 2678 574 2727 non
595 2654 848 2753 approbamus.
871 2659 992 2742 Quum
1019 2680 1105 2751 ergo
1130 2656 1290 2753 spiritus,
1312 2655 1384 2726 hoc
1400 2670 1453 2726 est
1472 2656 1579 2743 ratio,
1599 2655 1808 2750 suggesserit

221 2797 289 2844 nos
308 2773 532 2871 facerequod
546 2774 740 2865 debemus,
765 2791 801 2848 et
826 2801 892 2848 nos
918 2775 1003 2848 inde
1021 2775 1207 2848 carnalitas
1231 2775 1395 2864 retrahit,
1426 2777 1461 2848 in
1489 2800 1562 2872 quo
1587 2774 1807 2872 perficiendo

220 2893 398 2964 nonnulla
413 2893 600 2966 difficultas
617 2894 792 2977 incumbit
808 2923 816 2966 z
835 2896 987 2967 vincitur
998 2896 1141 2995 spiritus
1152 2895 1362 2968 dominante
1374 2919 1500 2984 carne,
1516 2895 1596 2965 etei
1608 2895 1805 2990 subjicitur,

175 3091 178 3098 ,
219 3027 261 3083 nt
278 3012 392 3084 homo
405 3013 481 3108 jam
498 3015 647 3086 carnalis
665 3015 722 3086 vel
736 3014 898 3086 animalis
915 3015 960 3086 sit
971 3013 1163 3104 dicendus,
1184 3014 1369 3086 desideriis
1382 3013 1498 3084 carnis
1510 3037 1612 3084 more
1624 3013 1804 3110 pecudum

218 3129 377 3202 deditus.
400 3161 417 3200 α
432 3134 609 3219 Quoniam
624 3135 782 3232 ipsorum
801 3150 854 3206 est
871 3159 1020 3230 regnum
1037 3133 1222 3206 eoelorum.
1242 3162 1257 3200 u
1278 3133 1365 3204 Inde
1385 3155 1559 3231 pauperes
1577 3133 1700 3230 spiritu
1721 3159 1805 3230 pro·

217 3249 284 3321 bat
300 3251 376 3322 es'se
390 3250 532 3340 heatos;
549 3254 632 3349 quia
648 3252 710 3350 qui
726 3253 980 3324 rationabiliter
993 3268 1133 3324 terrena
1151 3265 1406 3338 contemnunt,
1427 3249 1581 3322 coelestia
1598 3275 1808 3348 promeren-

216 3385 292 3440 tur.
311 3357 486 3468 Pauperes
498 3371 616 3467 itaque
631 3373 755 3469 spiritu
770 3387 871 3461 sunt,
891 3374 954 3468 qui
970 3389 1041 3443 tam
1051 3371 1285 3470 possessionis
1296 3393 1405 3467 quam
1413 3369 1563 3442 honoris
1576 3370 1808 3442 ambitionem
1829 3369 1836 3389 ⁶

213 3504 372 3588 propter
390 3494 504 3561 Deum
523 3505 767 3589 postponunt,
799 3507 834 3562 et
857 3490 945 3562 nihil
965 3490 1011 3562 ad
1029 3490 1250 3589 voluptatem
1266 3503 1439 3589 appetunt
1458 3515 1466 3558 ε
1489 3488 1552 3561 sed
1571 3493 1729 3562 contenti
1748 3515 1808 3562 ne·

213 3609 404 3697 cessariis,
423 3633 444 3679 a
463 3609 563 3680 licitis
580 3633 725 3706 quoque
743 3608 939 3698 abstinent,
966 3634 1011 3680 ne
1032 3608 1273 3706 voluptatibus
1290 3609 1438 3679 terrenis
1460 3607 1663 3706 capiantur,
1682 3624 1718 3680 et
1731 3611 1807 3680 Deo

212 3728 335 3824 magis
353 3751 462 3824 quam
476 3727 604 3799 saecnlo
622 3727 707 3800 dare
725 3751 873 3826 operam
892 3727 1129 3800 contendunt.
1151 3727 1251 3798 Tales
1271 3740 1374 3810 sunt,
1398 3728 1460 3823 qui
1477 3749 1498 3798 a
1516 3727 1734 3800 tumultuosa
1752 3753 1810 3800 sae·

210 3847 293 3920 ctrli
309 3849 381 3918 vita
400 3861 583 3918 transeunt
600 3847 646 3918 ad
664 3848 821 3944 quietern
838 3848 1093 3936 monasticam,
1114 3858 1154 3916 ut
1172 3859 1272 3916 tanto
1290 3846 1415 3942 purius
1433 3850 1509 3916 Deo
1528 3860 1564 3917 et
1577 3846 1645 3918 sibi
1661 3862 1805 3936 vacent,

209 3981 362 4065 quanto
383 3968 492 4063 magis
518 3968 647 4038 remoti
674 3981 756 4038 sunt
783 3990 803 4037 a
829 3967 923 4037 curis
940 3963 1081 4036 saeculi:
1104 3977 1140 4034 et
1156 3976 1256 4033 tanto
1278 3962 1412 4034 facilius
1439 3962 1485 4033 ad
1507 3963 1618 4035 coelos
1642 3965 1805 4054 evolent,

206 4103 359 4186 quanto
374 4088 484 4183 magis
502 4088 651 4158 terrenis
667 4087 812 4158 sarcinis
830 4084 1011 4164 exonerati
1030 4096 1124 4154 sunt.
1146 4079 1254 4168 Quod
1272 4095 1307 4151 et
1328 4082 1566 4176 Hieronymus
1586 4083 1621 4151 in
1637 4081 1697 4152 illo
1713 4085 1809 4180 prin·

202 4208 299 4306 cipe
318 4205 581 4276 monachorum
608 4203 869 4302 praefiguratum
897 4201 1103 4290 attendens,
1124 4198 1283 4297 quodam
1302 4197 1385 4271 loco
1406 4199 1500 4270 ait⁶:
1530 4229 1547 4268 a
1568 4199 1659 4270 Elias
1676 4202 1720 4270 ad
1739 4225 1808 4272 cee-

202 4325 340 4398 lorum
349 4349 457 4421 regna
475 4325 660 4413 festinans,
677 4323 847 4396 melotam
861 4322 1001 4420 reliquit
1011 4322 1047 4392 in
1063 4321 1207 4392 terris.»
1224 4320 1266 4389 Hi
1277 4317 1363 4390 tales
1373 4343 1485 4414 quum
1498 4342 1672 4415 pauperes
1683 4321 1806 4415 spiritu

200 4445 304 4518 facti
324 4444 473 4534 fuerint,
497 4445 598 4514 mites
618 4467 659 4514 ac
678 4445 853 4514 mansueti
866 4421 1011 4513 necesse
1027 4454 1080 4512 est
1093 4438 1192 4510 fiant.
1213 4439 1282 4524 Qui
1296 4437 1392 4508 enim
1410 4437 1447 4507 in
1459 4438 1608 4508 terrenis
1628 4436 1716 4508 nihil
1734 4461 1807 4508 am·

198 4566 351 4652 biunt,
372 4586 597 4660 nequaquam
617 4563 662 4633 de
678 4564 867 4634 amissione
885 4585 1028 4650 rerum,
1049 4558 1103 4630 vel
1123 4557 1226 4628 illatis
1244 4556 1380 4652 injuriis
1397 4557 1433 4626 in
1446 4557 1535 4626 iram
1547 4555 1803 4626 accenduntur.

198 4686 279 4756 His
299 4682 395 4754 bene
414 4707 451 4754 se
471 4682 754 4780 possidentibus,
773 4697 808 4754 et
825 4683 977 4779 impetus
996 4679 1111 4750 carnis
1125 4675 1283 4774 regendo
1299 4674 1561 4772 frangentibus,
1582 4688 1673 4744 terra
1688 4676 1806 4746 viven-

197 4805 333 4892 tium,
360 4801 432 4872 hoc
458 4817 510 4873 est
529 4824 612 4873 vera
639 4800 808 4873 stabilitas
828 4799 1016 4872 beatorum
1034 4800 1069 4868 in
1088 4797 1273 4895 praemin'm
1293 4795 1527 4898 supponitur,
1558 4817 1671 4890 quum
1694 4795 1768 4865 ait⁸
1795 4824 1802 4864 :

233 5125 242 5152 ⁸
267 5120 381 5180 llattb„
399 5135 454 5186 cap.
468 5137 492 5179 r,
504 5135 528 5168 v.
542 5119 582 5168 ta.
594 5116 646 5154 -’
661 5117 756 5177 linuit..
768 5131 824 5182 cap.
836 5133 893 5176 nx,
907 5131 932 5166 r.
946 5117 989 5164 tt.
999 5139 1033 5151 -
1043 5069 1161 5172 ιιγῦοιιιιη
1172 5127 1228 5178 cap.
1243 5129 1266 5172 v,
1276 5128 1299 5161 r.
1315 5113 1351 5160 u.
1378 5139 1389 5146 -
1410 5111 1418 5136 ⁸
1431 5110 1508 5176 Epist.
1520 5126 1559 5168 tn,
1574 5111 1626 5173 opp
1651 5121 1669 5161 t.
1684 5109 1724 5170 iv,
1733 5126 1759 5174 p.
1773 5109 1806 5170 tt,

187 5213 247 5265 col.
267 5205 513 5264 578.-⁸ttrtrtr..
526 5219 581 5270 cap.
594 5221 616 5265 t,
628 5220 650 5254 r.
664 5205 686 5253 l.
