4590 6106
480 591 529 660 :tt
907 589 1034 662 PETRI
1060 586 1294 663 sumntum
1321 586 1376 660 ET
1400 583 1626 660 HELOISSAE

483 733 578 800 Anus
591 753 736 826 quoque
754 731 789 801 in
805 729 880 825 ejus
893 727 1143 802 contubernio.
1162 729 1318 802 Studiosi
1335 727 1443 800 ambo
1457 727 1652 824 religionis,
1669 739 1704 798 et
1715 725 1765 796 sic
1778 725 1933 798 ecclesiae
1951 727 2060 802 limen

483 864 654 941 terentes,
676 866 715 922 ut
731 849 933 922 Zachariam
952 865 988 922 et
1000 849 1179 923 Elisabeth
1196 850 1242 922 de
1259 849 1442 947 evangelio
1456 847 1637 937 crederes,
1654 847 1723 918 nisi
1736 846 1837 944 quod
1852 851 2011 942 loannes
2023 850 2061 921 in

482 969 601 1040 medio
622 993 695 1040 non
718 983 804 1040 erat.
826 997 843 1036 ιι
867 972 938 1040 Cur
955 969 1150 1066 deniquea
1172 968 1393 1044 detractione
1412 981 1618 1041 sanctorum
1635 977 1778 1066 patrum
1797 991 1835 1040 se
1856 970 2059 1060 continent,

480 1111 571 1183 quos
602 1088 805 1184 frequenter
829 1086 997 1184 legimns,
1032 1087 1087 1158 vel
1115 1088 1223 1160 edam
1251 1087 1407 1160 vidimus
1439 1087 1654 1158 monasteria
1679 1109 1825 1182 quoque
1849 1086 2062 1162 feminarum

479 1207 713 1296 constituere,
732 1221 839 1303 atque
858 1207 907 1278 eis
929 1206 1145 1297 ministrare3
1174 1207 1339 1305 exemplo
1364 1205 1511 1303 quidem
1535 1220 1672 1305 septem
1691 1205 1945 1297 diaconorum,
1969 1233 2062 1306 quos

479 1351 546 1424 pro
570 1351 608 1400 se
625 1325 779 1425 apostoli
803 1327 935 1398 mensis
956 1341 992 1398 et
1014 1327 1260 1425 procurationi
1285 1325 1474 1398 mulierum
1499 1325 1767 1424 prefecerunt?
1791 1325 1889 1400 adeo
1906 1350 2062 1424 namque

479 1469 581 1517 sexus
606 1444 782 1516 infirmior
806 1445 960 1518 fortioris
985 1445 1120 1542 indiget
1144 1445 1292 1536 auxilio,
1314 1461 1354 1519 ut
1370 1469 1511 1542 semper
1528 1445 1646 1516 virum
1672 1445 1812 1518 mulieri
1833 1446 1936 1542 quasi
1956 1462 2063 1545 caput

479 1589 626 1661 preesse
638 1566 822 1662 apostolus
835 1579 981 1655 statuat;
999 1566 1036 1636 in
1054 1565 1157 1661 cujus
1170 1567 1276 1636 etiam
1291 1566 1342 1636 rei
1359 1566 1461 1662 signo
1475 1567 1590 1663 ipsam
1603 1589 1744 1663 semper
1762 1564 1917 1636 velatum
1930 1565 2062 1638 habere

479 1699 586 1781 caput
607 1684 790 1783 praecipit’.
814 1682 918 1756 Unde
936 1709 1010 1756 non
1030 1684 1259 1756 mediocriter
1277 1684 1388 1756 miror
1405 1683 1683 1756 eonsuetudines
1700 1683 1765 1756 has
1782 1684 1821 1754 in
1839 1686 2063 1757 monasteriis

479 1801 618 1875 dudum
636 1801 843 1892 inolevisse,
860 1801 960 1898 quod
977 1802 1285 1899 quemadmodum
1307 1803 1391 1874 viris
1409 1802 1571 1892 abbates,
1595 1803 1644 1874 ita
1665 1817 1701 1874 et
1717 1801 1857 1878 feminis
1881 1801 2063 1877 abbatisse

480 1937 745 2020 preponantur,
766 1937 798 1994 et
823 1921 983 2018 ejusdem
1005 1921 1133 2018 regulae
1152 1923 1372 2020 professione
1394 1937 1469 1995 tam
1492 1923 1631 1996 feminee
1653 1946 1761 2019 quam
1786 1923 1853 1994 viri
1876 1947 1914 1996 se
1938 1925 2063 1998 astrin-

480 2058 580 2140 gant,
599 2044 635 2114 in
655 2068 726 2140 qua
742 2057 861 2115 tamen
880 2042 1048 2140 pleraque
1067 2043 1298 2115 continentur
1310 2067 1423 2140 quaea
1442 2045 1581 2116 feminis
1595 2059 1667 2116 tam
1685 2042 1836 2142 praelatis
1853 2065 1963 2140 quam
1982 2043 2063 2114 sub-

476 2165 577 2258 jectis
599 2161 801 2235 nullatenus
823 2177 974 2261 possunt
993 2161 1191 2261 adimpleti.
1209 2167 1250 2235 ln
1268 2164 1447 2261 plerisque
1465 2165 1571 2236 etiam
1585 2163 1692 2254 locis,
1713 2161 1841 2234 ordine
1855 2161 2062 2261 perturlmto

480 2282 653 2371 neutrali,
678 2283 770 2380 ipsas
795 2279 987 2352 abbatissas
1011 2295 1118 2378 atque
1141 2281 1314 2354 moniales
1337 2283 1473 2355 clericis
1495 2307 1640 2381 quoque
1665 2283 1766 2381 ipsis,
1786 2279 1917 2378 quibus
1943 2279 2063 2354 subest

480 2401 654 2502 populus,
679 2400 858 2473 dominari
879 2400 1136 2498 conspicimus,
1164 2416 1200 2474 et
1221 2417 1321 2474 tanto
1339 2402 1473 2475 facilius
1491 2427 1554 2475 eos
1571 2403 1618 2474 ad
1639 2425 1748 2501 prava
1765 2396 1940 2474 desideiia
1957 2399 2062 2472 indu·

480 2547 560 2594 cere
574 2545 696 2620 posse,
711 2536 846 2618 quanto
858 2520 908 2592 eis
921 2520 1073 2620 amplius
1086 2519 1221 2594 habent
1230 2546 1395 2620 praeesse,
1412 2540 1448 2596 et
1455 2523 1582 2620 jugum
1594 2521 1682 2594 illud
1692 2522 1729 2594 in
1743 2545 1805 2594 eos
1818 2521 2061 2618 gratissimum

482 2665 656 2714 exercere.
679 2640 787 2728 Quod
805 2639 965 2712 satiricus
983 2639 1041 2712 ille
1055 2640 1285 2714 considerans
1303 2643 1392 2712 ait-⁸:

768 2815 777 2841 s
839 2828 1064 2890 intolerabilius
1078 2829 1155 2890 nibil
1169 2838 1216 2892 est
1229 2849 1319 2911 quam
1335 2829 1449 2892 femine
1461 2829 1556 2893 dives.

302 3055 329 3084 ιι
371 3056 411 3089 r.
526 3018 603 3084 lloc
627 3037 695 3110 ego
719 3037 811 3111 saepe
834 3011 931 3111 apud
957 3037 1015 3084 me
1038 3011 1310 3112 pertractando,
1331 3028 1506 3109 quantum
1527 3013 1614 3085 mihi
1638 3013 1777 3102 liceret,
1797 3007 1979 3083 sororibus
1995 3010 2063 3081 illis

480 3131 688 3230 providere,
704 3146 739 3202 et
752 3155 874 3202 earum
888 3153 1011 3202 curam
1030 3155 1134 3227 agere
1148 3131 1394 3229 disposueram
1408 3185 1417 3222 ,
1435 3146 1469 3204 et
1481 3157 1554 3229 quo
1568 3157 1626 3203 me
1639 3131 1790 3229 amplius
1803 3143 2059 3219 revererentur,

480 3250 658 3348 corporali
675 3273 822 3346 quoque
839 3250 1025 3346 praesentia
1038 3251 1088 3322 eis
1099 3249 1298 3346 invigilare,
1320 3265 1354 3322 et
1375 3253 1424 3322 sic
1443 3252 1548 3323 etiam
1567 3275 1689 3324 earum
1712 3251 1822 3347 magis
1839 3248 2064 3320 necessitudi-

480 3371 587 3442 nibus
606 3370 825 3443 subvenire‘.
849 3375 893 3442 Et
914 3394 1027 3466 quum
1051 3395 1109 3442 me
1127 3396 1224 3442 nunc
1246 3373 1464 3470 frequentior
1483 3398 1525 3445 ac
1543 3373 1675 3470 major³
1691 3375 1890 3471 persecutio
1907 3369 2062 3442 filiorum

479 3513 588 3588 ῳιιιιιι
602 3491 688 3562 οΙίιιι
701 3491 848 3562 fratrum
861 3489 1047 3586 affligeret,
1061 3489 1107 3560 ad
1125 3513 1184 3560 eas
1194 3491 1241 3561 de
1254 3508 1339 3564 testu
1353 3493 1459 3588 hujus
1472 3494 1689 3591 tempestatis
1699 3491 1800 3588 quasi
1809 3489 1857 3562 ad
1869 3491 2062 3588 quemdam

481 3607 742 3705 tranquillitatis
759 3621 905 3708 portum
924 3631 1162 3700 recurrerem,
1178 3622 1285 3706 atque
1303 3610 1353 3680 ibi
1370 3610 1630 3707 aliquantulum
1647 3610 1877 3707 respirarem,
1894 3623 1929 3680 et
1947 3610 2008 3706 qui
2026 3609 2061 3680 in

481 3727 669 3798 monachis
684 3725 842 3816 nullum,
862 3726 1018 3824 aliquem
1035 3727 1160 3799 saltem
1178 3729 1233 3800 in‘
1249 3727 1317 3800 illis
1335 3753 1542 3828 assequerer
1554 3729 1728 3818 fructum3
1744 3751 1786 3800 ac
1803 3741 1903 3799 tanto
1921 3725 1959 3798 id
1975 3727 2064 3798 mihi

480 3845 582 3919 fieret
594 3847 705 3944 magis
718 3847 1009 3935 saluberrimum,
1027 3863 1161 3945 quanto
1177 3849 1213 3920 id
1229 3873 1351 3921 earum
1369 3849 1564 3922 infirmitati
1582 3851 1693 3947 magis
1707 3864 1798 3921 esset
1810 3850 2059 3920 necessarium.

482 3971 583 4038 Nune
607 3981 728 4039 autem
755 3970 803 4038 ita
828 3991 886 4039 me
911 3969 1057 4039 Satanas
1085 3968 1286 4066 impedivit,
1319 3985 1357 4040 ut
1390 3969 1451 4041 ubi
1482 3971 1662 4067 quiescere
1689 3969 1840 4069 possim,
1866 3982 1927 4039 aut
1957 3968 2062 4039 etiam

481 4087 618 4176 vivere,
644 4111 719 4158 non
737 4087 937 4178 inveniam,
957 4088 1021 4160 sed
1039 4111 1148 4184 vagus
1165 4102 1202 4158 et
1223 4087 1406 4185 profugus,
1423 4089 1594 4160 adinstar
1612 4088 1790 4160 maledicti
1807 4087 1912 4158 Cainl
1928 4083 2064 4181 ubique

481 4207 731 4279 circumferar:
748 4231 874 4304 quem,
891 4223 1050 4306 utsupra
1063 4207 1227 4298 memini,
1242 4236 1260 4274 κ
1274 4206 1358 4280 foris
1371 4233 1517 4307 pugnae,
1535 4209 1630 4281 intus
1643 4209 1806 4282 timores·
1818 4234 1836 4275 ιι
1846 4207 2065 4278 incessanter

482 4327 660 4417 cruciant,
682 4326 755 4397 imo
774 4341 847 4398 tam
862 4326 947 4398 foris
965 4351 1073 4425 quam
1091 4327 1187 4398 intus
1201 4327 1347 4399 timores
1360 4329 1606 4418 incessanter',
1627 4351 1755 4427 pugnae
1767 4328 1899 4428 pariter
1911 4341 1947 4398 et
1959 4327 2064 4398 timo·

483 4471 549 4516 res.
580 4451 623 4517 Et
646 4446 760 4518 multo
781 4447 1014 4546 periculosior
1036 4461 1072 4518 et
1093 4445 1252 4518 crebrior
1272 4450 1473 4546 persecutio
1496 4448 1651 4520 filiorum
1673 4447 1862 4520 adversum
1888 4469 1947 4518 me
1968 4448 2064 4518 saevit

480 4588 588 4660 quam
606 4564 777 4636 hostium.
801 4569 891 4638 lstos
910 4565 1043 4663 quippe
1062 4585 1203 4663 semper
1222 4581 1412 4664 praesentes
1429 4565 1564 4659 habeo,
1579 4583 1616 4640 et
1632 4589 1757 4639 eorum
1775 4565 1921 4638 insidias
1935 4565 2065 4662 jugiter

480 4682 649 4754 sustineo.
679 4685 842 4757 Hostium
867 4683 1071 4755 violentiam
1097 4685 1134 4756 in
1159 4688 1320 4785 corporis
1346 4689 1416 4758 mei
1438 4687 1638 4786 periculum
1660 4685 1783 4775 video,
1810 4686 1839 4757 si
1864 4709 1886 4756 a
1909 4684 2065 4756 claustro

481 4801 685 4912 procedam.
704 4805 743 4875 ln
759 4803 913 4875 claustro
928 4816 1046 4874 autem
1062 4799 1237 4896 filiorum,
1254 4805 1290 4877 id
1305 4821 1357 4878 est
1369 4807 1630 4878 monachorum
1642 4804 1730 4877 mihi
1745 4819 1915 4902 tanquam
1929 4801 2062 4896 abbati,

516 5013 984 5079 'sot.apot.cap.n.-¹coreut.
1001 5015 1254 5081 l,cap.u‚v.ti.-·
1286 5021 1337 5068 otor
1361 5017 1431 5070 llllS.
1451 5047 1480 5056 -
1503 5017 1513 5046 ⁸
1535 5021 1563 5069 lu
1584 5017 1654 5068 deest
1672 5015 1763 5068 tt.-'
1785 5017 1872 5068 Genea.
1895 5032 1950 5082 cap.
1979 5033 2011 5066 ιιι,
2035 5043 2068 5054 -·

480 5095 490 5123 ⁵
503 5097 625 5150 luvenalis
636 5108 683 5148 sat.
696 5113 767 5158 v1,s.
780 5098 837 5148 lit.
848 5097 900 5136 -⁴
914 5101 947 5150 Et
957 5104 993 5150 ric
1004 5104 1118 5150 ettam...
1132 5102 1256 5150 subuenire
1288 5100 1298 5127 ⁸
1311 5104 1419 5154 Corinth.
1430 5104 1470 5162 tt,
1483 5119 1538 5169 rap.
1552 5120 1598 5164 ιιι,
1611 5119 1635 5154 r.
1649 5106 1674 5154 ὁ.
1685 5129 1711 5140 ·-
1727 5102 1738 5130 ’
1750 5103 1870 5166 Perpetuo
1884 5101 1954 5154 ttttS.

480 5181 567 5232 desunt
577 5182 601 5232 in
612 5181 769 5244 editionibus,
780 5192 805 5234 at
816 5182 928 5248 loquatur
940 5184 965 5236 in
975 5183 1038 5235 Cod.
1049 5181 1138 5236 laco.
1148 5183 1186 5222 -¹
1198 5184 1257 5236 Gru·
