4486 6100
739 731 743 736 ¹
839 637 1049 710 cranius.
1669 639 1740 710 297

154 776 311 872 hymnos
340 787 465 874 utpote
496 777 732 846 innocentum
758 789 795 848 et
825 778 1127 874 Evangelistarum
1163 801 1225 848 seu
1254 775 1395 848 illarum
1427 792 1631 848 sanctarum
1661 803 1741 874 quae

154 897 309 994 virgines
325 894 382 967 vel
399 910 573 992 martyres
590 896 737 969 minime
762 899 964 970 extiterunt.
993 898 1189 971 Nonnullas
1217 897 1375 995 denique
1397 899 1577 971 asserebas
1600 923 1676 971 esse
1702 901 1739 972 in

154 1017 287 1116 quibus
303 1041 566 1115 nonnunquam
582 1017 650 1089 hos
677 1041 699 1090 a
723 1017 854 1115 quibus
882 1018 1118 1092 decantantur
1143 1019 1286 1090 mentiri
1302 1043 1446 1092 necesse
1460 1021 1524 1111 sit,
1545 1035 1622 1092 turn
1639 1020 1742 1094 vide-

154 1136 238 1210 licet
255 1160 323 1234 pro
339 1135 512 1234 temporis
528 1136 754 1229 necessitate,
775 1153 853 1209 turn
876 1163 944 1236 pro
963 1117 1120 1210 salsitatis
1138 1138 1344 1210 insertione.
1365 1143 1456 1210 Casu
1470 1140 1605 1238 quippe
1621 1138 1741 1238 aliquo

116 1305 123 1320 ·
154 1258 213 1330 vel
239 1257 521 1356 dispensatione,
554 1283 599 1330 eo
623 1257 736 1330 modo
764 1261 891 1359 saepius
912 1258 1098 1358 prepediti
1114 1257 1237 1332 fideles
1253 1261 1445 1333 constituta
1460 1260 1633 1333 horarum
1651 1277 1741 1334 tem-

154 1404 247 1479 pora
277 1380 334 1453 vel
363 1379 601 1480 praeveniunt,
632 1379 688 1452 vel
715 1378 761 1452 ab
785 1381 869 1479 ipsis
898 1381 1184 1479 preveniamur,
1213 1396 1254 1453 nt
1278 1382 1324 1454 de
1340 1382 1419 1480 ipso
1438 1381 1563 1454 saltem
1579 1396 1742 1482 tempore

155 1499 301 1572 mentiri
317 1497 594 1599 compellantur,
609 1498 698 1571 dum
714 1498 879 1573 videlicet
896 1514 957 1572 aut
973 1493 1170 1573 hocturnos
1186 1500 1261 1590 die,
1290 1515 1351 1572 aut
1368 1501 1517 1574 diurnos
1535 1515 1641 1573 nocte
1670 1501 1741 1598 by-

155 1646 265 1694 mnos
278 1620 482 1694 decantant.
504 1623 652 1694 Constat
667 1621 800 1721 quippe
818 1621 1015 1694 secundum
1043 1622 1290 1723 propheticam
1307 1624 1553 1695 auctoritatem
1576 1637 1612 1694 et
1628 1623 1741 1697 eccle·

156 1742 334 1814 siasticam
351 1741 629 1832 institutionem,
649 1766 716 1814 nec
738 1741 882 1815 alaude
898 1743 965 1814 Dei
991 1759 1135 1816 noctem
1161 1745 1275 1842 ipsam
1301 1766 1443 1834 vacare,
1463 1744 1555 1815 sicut
1571 1743 1741 1841 scripturn

155 1879 234 1938 est:
258 1892 276 1932 a
295 1866 433 1936 Memor
451 1862 500 1936 lui
521 1878 628 1936 nocte
645 1888 682 1936 n.
706 1877 733 1935 t.
753 1868 798 1935 D.
812 1867 834 1953 ¹,
854 1893 872 1930 »
892 1879 927 1936 et
942 1865 1097 1938 iterum:
1117 1895 1135 1934 s
1155 1864 1272 1938 Media
1294 1879 1418 1956 nocte,
1439 1889 1468 1936 s.
1490 1863 1536 1936 ad
1554 1890 1587 1935 c.
1609 1863 1701 1955 tibi¹,
1725 1893 1742 1932 ii

157 1989 231 2059 hoc
255 1984 371 2059 estad
393 1984 615 2058 laudandum
638 2001 690 2078 te,
709 2009 777 2058 nec
794 2002 931 2085 septem
956 1987 1109 2084 reliquas
1122 1987 1244 2060 landes
1264 1987 1309 2059 de
1326 1986 1457 2084 quibus
1472 1985 1568 2057 idern
1585 1987 1748 2060 meminit

152 2105 361 2206 propheta:
381 2106 551 2204 «Septies
571 2106 608 2178 in
629 2104 688 2178 die
711 2105 736 2178 l.
757 2104 794 2178 d.
815 2105 912 2197 nun,
936 2134 955 2173 u
974 2107 1042 2178 nisi
1065 2107 1103 2177 in
1119 2105 1178 2179 die
1194 2105 1448 2205 persolvendas
1470 2129 1559 2177 esse.
1585 2107 1747 2191 Quarum

157 2224 310 2325 quidem
325 2227 441 2324 prima
457 2249 536 2323 quae
551 2225 733 2298 matutinae
748 2223 873 2297 laudes
888 2224 1125 2324 appellantur,
1144 2225 1189 2298 de
1205 2250 1278 2323 qua
1293 2226 1331 2296 in
1353 2223 1483 2297 eodem
1502 2224 1675 2323 scriptum
1693 2240 1747 2296 est

155 2346 361 2446 propheta:
382 2374 401 2414 «
417 2350 457 2416 ln
476 2346 657 2418 matutinis
673 2350 718 2417 D.
746 2369 795 2417 m.
818 2346 855 2418 in
882 2360 916 2418 te
928 2349 951 2436 ⁸,
970 2373 988 2413 u
1004 2347 1041 2419 in
1060 2347 1139 2445 ipso
1157 2347 1276 2418 statim
1295 2343 1367 2417 diei
1383 2345 1502 2434 initio,
1522 2342 1747 2416 illucescente

157 2491 292 2540 aurora
308 2489 372 2536 seu
389 2463 555 2556 lucifero,
573 2464 821 2565 praemittenda
839 2479 911 2556 est,
925 2451 1144 2563 quodetiam
1171 2466 1207 2537 in
1235 2465 1414 2564 plerisque
1442 2463 1668 2560 distinguitur
1683 2462 1747 2558 hy·

157 2587 268 2660 mnis.
282 2589 404 2674 Quum
416 2585 606 2657 enimdicit
622 2613 631 2656 ε
651 2615 669 2654 a
685 2589 796 2658 Nocte
807 2600 991 2682 surgentes
1001 2611 1040 2657 v.
1050 2588 1115 2675 o.⁸,
1136 2584 1343 2656 »etiterum
1359 2611 1367 2652 ε
1385 2588 1566 2655 «Noctem
1582 2581 1746 2655 canendo

156 2712 215 2799 r.⁸,
239 2737 258 2775 >r
281 2705 361 2780 vel:
385 2735 402 2774 a
424 2705 478 2778 Ad
495 2691 741 2778 confiiendum
754 2707 931 2804 surgimus
948 2707 1154 2803 morasque·
1169 2731 1206 2776 n.
1224 2733 1271 2795 r.,
1298 2734 1316 2773 »
1342 2720 1377 2777 et
1399 2704 1510 2776 alibi:
1534 2707 1649 2775 «Nox
1674 2719 1749 2776 atra

155 2852 283 2901 rerum
298 2826 455 2923 contegit
469 2841 534 2898 ter.
553 2852 585 2898 c.
600 2851 636 2898 o.
651 2829 673 2916 ⁸,
697 2855 715 2894 >i
738 2826 794 2898 vel
815 2853 823 2898 τ
848 2855 866 2896 a
887 2830 976 2898 Nam
994 2825 1126 2898 lectulo
1145 2827 1392 2923 consurgimus
1409 2850 1446 2897 n.
1464 2850 1501 2922 q.
1521 2825 1574 2914 t.',
1593 2853 1610 2888 »
1627 2838 1663 2895 et
1675 2849 1750 2894 rur·

154 2975 238 3024 sum
257 2977 266 3019 :
288 2977 307 3016 a
321 2951 368 3018 Ut
377 2945 510 3045 quique
524 2946 633 3020 horas
650 2948 811 3019 noctium
825 2971 923 3020 nunc
941 2971 973 3018 c.
989 2949 1060 3038 r.¹⁰,
1081 2975 1100 3016 ri
1119 2962 1155 3019 et
1171 2944 1313 3038 similia,
1333 2946 1401 3045 ipsi
1418 2942 1484 3017 sibi
1502 2943 1629 3041 hymni
1646 2942 1747 3041 quod

153 3068 332 3144 nocturni
354 3082 436 3138 sunt
458 3067 701 3139 testimonium
728 3066 898 3167 praebent.
920 3067 978 3137 Sic
1000 3081 1035 3138 et
1057 3067 1221 3138 matutini
1245 3066 1370 3164 hymni
1395 3064 1532 3163 proprii
1555 3063 1742 3162 temporis,

151 3219 230 3293 quo
243 3187 393 3263 dicendi
404 3185 779 3280 sunt,'institutionem
796 3211 1059 3284 nonnunquam
1075 3184 1302 3287 profitentur.
1318 3185 1428 3258 Verbi
1437 3185 1548 3281 gratia
1560 3207 1673 3279 quum
1688 3181 1747 3253 di-

150 3319 250 3391 citur
268 3343 277 3384 ι
298 3343 318 3382 a
333 3315 424 3385 Ecce
437 3312 513 3409 Jam
530 3336 567 3383 n.
584 3324 611 3382 t.
628 3313 701 3402 u.¹¹‚
719 3339 738 3379 u
755 3324 790 3382 et
806 3309 957 3381 iterum:
975 3338 994 3376 a
1011 3314 1084 3380 Lus
1100 3333 1183 3381 ecce
1199 3333 1228 3380 s.
1251 3311 1319 3398 a.¹',
1338 3335 1356 3373 i>
1374 3305 1431 3378 vel
1450 3333 1458 3376 ε
1482 3333 1500 3373 a
1521 3310 1657 3376 Aurora
1671 3305 1744 3400 jam

150 3462 179 3508 s.
196 3433 378 3538 polumfl,
395 3461 412 3501 r
431 3455 494 3504 seu
513 3458 521 3500 ι
543 3459 560 3498 a
578 3434 714 3502 Aurora
732 3429 821 3501 lucis
834 3454 864 3500 r.
880 3428 913 3517 ¹⁸,
929 3456 946 3494 n
966 3443 1001 3500 et
1018 3427 1103 3499 alibi
1122 3456 1130 3499 ε
1150 3458 1167 3496 a
1186 3425 1265 3499 Ales
1279 3425 1350 3498 diei
1361 3423 1507 3497 nuntius
1521 3423 1545 3494 l.
1560 3447 1639 3522 pro.
1661 3446 1748 3521 prar-

149 3557 243 3628 cinit
254 3556 290 3644 ¹⁸,
307 3550 396 3622 »vel
416 3578 424 3622 ι
444 3579 462 3619 a
476 3553 607 3622 Ortum
619 3547 768 3647 refulget
782 3548 806 3620 l.
817 3549 847 3638 ¹⁸,
866 3575 883 3614 lt
896 3561 932 3619 et
948 3548 977 3618 si
993 3546 1151 3645 quisunt
1168 3543 1393 3644 hujusmodi,
1409 3544 1476 3642 ipsi
1490 3567 1556 3615 nos
1570 3543 1750 3613 instruunt

148 3675 287 3776 hymni
304 3697 380 3771 quo
394 3687 556 3772 tempore
569 3671 641 3743 sint
657 3669 842 3761 cantandi,
860 3685 898 3741 ut
922 3669 953 3740 si
970 3670 1020 3742 eis
1040 3668 1202 3741 videlicet
1226 3693 1290 3739 sua
1308 3683 1471 3765 tempora
1487 3689 1563 3737 non
1583 3661 1749 3736 observe-

146 3821 254 3886 mus,
276 3791 320 3865 in
337 3793 415 3892 ipsa
427 3817 557 3864 eorum
573 3790 775 3890 prolatione
801 3787 991 3862 mendaces
1022 3789 1257 3860 inveniamur.
1286 3789 1386 3857 Hanc
1410 3801 1529 3856 tamen
1553 3781 1750 3854 observan-

144 3919 239 3990 tiam
258 3937 344 3986 non
357 3925 429 3983 tam
443 3910 655 4009 negligentia
672 3910 883 4008 plerumque
897 3906 1006 3996 tollit,
1022 3931 1131 4004 quam
1148 3905 1336 3977 necessitas
1357 3903 1476 4001 aliqua
1489 3900 1552 3974 'vel
1569 3900 1750 4000 dispensa-

145 4043 198 4112 tio
215 4032 420 4138 praepedit;
441 4032 541 4131 quod
575 4031 729 4104 maxime
755 4033 791 4102 in
821 4027 1084 4130 parochialibus
1114 4051 1177 4100 sen
1208 4025 1407 4097 minoribus
1424 4024 1581 4096 ecclesiis
1600 4039 1749 4122 propter·

143 4161 246 4256 ipsas
260 4152 430 4256 plebium
443 4151 695 4251 occupationes
707 4150 867 4248 quotidie
881 4148 958 4220 lieri
974 4172 1118 4220 necesse
1130 4163 1195 4238 est,
1212 4144 1391 4244 inquibus
1402 4144 1524 4216 omnia
1534 4157 1569 4214 et
1581 4142 1654 4213 sere
1666 4167 1750 4215 con·

23 4253 26 4288 ἲ
142 4280 251 4350 tinne
267 4285 497 4375 peraguntur
510 4272 548 4343 in
561 4271 632 4343 die.
649 4273 721 4342 Nec
733 4268 851 4342 solum
860 4283 1023 4366 tempora
1037 4293 1111 4340 non
1125 4266 1312 4339 observem
1325 4263 1553 4336 mendacium
1563 4263 1746 4360 ingerunt,

178 4588 188 4614 ⁸
207 4605 221 4633 ⁸
234 4581 361 4636 limini!
381 4581 431 4644 Μ’,
445 4579 579 4631 Mine-t
594 4577 684 4630 ΜΦ·
703 4593 791 4637 ⁰¹V1112
810 4591 833 4626 V·
853 4577 896 4625 ⁵5·
907 4599 941 4612 ·-·
981 4603 1011 4614 -
1025 4575 1152 4630 ἰΝοοῑίε
1165 4578 1247 4644 quieto
1266 4589 1386 4644 tempore.
1402 4596 1414 4622 ι
1431 4575 1520 4642 Hymn.
1539 4575 1565 4626 S.
1579 4574 1707 4626 Ambrosii.
1721 4601 1753 4613 -

143 4677 185 4723 ἰ
213 4675 312 4728 ledia
342 4681 416 4724 nocte
445 4669 573 4736 surgebam
600 4669 632 4721 ad
658 4666 825 4719 confitendum
854 4664 941 4717 tibi.»
983 4661 1102 4714 ¹⁰«Nunc
1116 4663 1436 4728 concinendommpimus.»
1449 4660 1537 4726 llymn.
1550 4659 1577 4711 S.
1586 4659 1751 4710 Ambrosii.-

142 4769 379 4824 Psalrnmxvnm.
389 4755 666 4811 sa.-⁸«Lsudemubt
676 4755 943 4818 dixi.·l’ialm.cxnrr,
984 4749 1005 4778 ¹¹
1018 4768 1031 4795 ι
1041 4749 1107 4801 llece
1122 4749 1173 4815 jam
1192 4748 1271 4800 rocus
1286 4757 1399 4798 tenuatur
1414 4744 1508 4796 umbra.
1521 4763 1533 4790 ι
1546 4744 1634 4812 llymn.
1649 4743 1675 4795 S.
1688 4743 1752 4794 Gre-

139 4871 163 4906 r.
180 4855 244 4906 164.
257 4877 295 4888 -
309 4848 324 4877 ⁸
339 4847 390 4898 «ln
400 4845 525 4898 matutinis
536 4882 544 4904 ,
556 4842 672 4904 Domine,
684 4841 823 4893 meditabor
838 4840 863 4890 in
883 4849 916 4891 te.
930 4857 943 4885 ι
984 4833 1053 4902 gorii.
1064 4859 1096 4870 —
1107 4831 1129 4860 ‘¹
1144 4832 1217 4884 «Lux
1230 4847 1290 4884 ecee
1305 4831 1381 4897 surgit
1391 4845 1476 4882 auree.
1487 4847 1500 4875 ι
1511 4829 1602 4895 llyran.
1619 4827 1754 4879 Prudentii.

139 4939 237 4990 Palm.
258 4951 340 4994 sxn,
360 4948 384 4984 t.
406 4934 430 4982 l.
446 4955 479 4967 -
499 4928 510 4956 ⁸
531 4947 543 4974 ι
561 4929 639 4980 Nocte
666 4939 793 4993 surgentes
818 4925 946 4991 vigilemus
983 4945 1017 4958 -
1027 4917 1049 4946 ‘⁸
1064 4916 1241 4983 «Aurorajam
1254 4917 1347 4983 spargit
1360 4915 1476 4982 polum.»
1487 4939 1521 4952 -
1532 4912 1554 4941 '⁴
1567 4914 1754 4965 «Auroralucis

138 5039 242 5077 omna.
254 5039 269 5068 ι
287 5019 390 5086 Hymn.
404 5014 432 5066 S.
443 5013 555 5080 Gregorii
566 5010 694 5081 papea-⁸
703 5029 715 5056 ι
724 5011 826 5062 Noctem
833 5007 945 5060 canendo
983 5004 1096 5057 rutilat.-
1114 5029 1147 5040 -
1162 5001 1185 5030 ¹⁸
1199 5020 1212 5047 ι
1224 5001 1281 5053 Ales
1299 4999 1349 5053 diei
1371 5000 1469 5052 nuntius
1491 4999 1571 5050 lucem
1591 4999 1753 5066 propinquam

138 5109 333 5176 rumpimus.»
351 5101 441 5170 llynm.
457 5099 483 5150 S.
500 5097 673 5149 Ambrosii-
686 5094 768 5146 'und
779 5092 944 5146 conitendum
985 5089 1126 5158 praecinit.»
1138 5087 1225 5154 llymn.
1237 5085 1413 5138 prudentii-
1425 5083 1447 5112 '⁸
1458 5102 1470 5127 ι
1481 5082 1565 5134 Ortum
1577 5083 1682 5149 refulget
1690 5083 1754 5135 luci-

48 5217 49 5220 ¹
138 5197 271 5262 ringimus
295 5202 439 5254 moraque
457 5185 536 5237 aucus
555 5187 720 5249 rumpimus.»
736 5179 824 5248 llyrnu.
842 5179 869 5230 S.
885 5179 945 5228 Am·
986 5174 1153 5240 ler.»llymn.
1165 5171 1297 5222 Ambrosii.

137 5275 283 5332 brosii-⁸
298 5295 313 5321 ι
322 5274 412 5324 Terrae
421 5271 517 5324 colores
525 5269 641 5322 omnium.
652 5287 665 5315 ι
676 5267 765 5334 llyrna.
776 5267 802 5317 S.
814 5263 944 5316 Ambrosii.

272 5386 284 5431 r
1597 5341 1635 5400 38
