4536 6102
670 611 715 686 ΙΝ
738 610 898 684 Nstltl
925 608 1208 684 lNNOCEN'l'UM
1232 609 1393 681 SERMO.
1757 607 1826 678 595

240 754 340 852 quod
358 755 394 827 in
412 754 562 828 historia
577 767 653 826 erat
664 751 886 852 praedictum.
917 751 1049 824 Rachel
1062 766 1184 850 ‘quam
1210 766 1292 851 post
1319 753 1419 823 liam
1445 748 1557 823 Jacob
1582 751 1736 848 accepit,
1763 755 1828 820 Ec

240 871 347 944 clesia
362 889 416 946 est
431 898 510 970 quae
525 897 547 945 a
563 887 726 971 tempore
742 871 907 959 loannis,
929 889 1117 968 synagogae
1130 873 1309 958 successit.
1332 875 1420 957 Quae
1431 869 1598 967 quidem,
1612 868 1658 941 ab
1670 868 1827 942 adventu

239 991 387 1083 Christi,
410 993 544 1065 crebris
566 991 792 1090 passionibus
815 990 964 1080 afflicta,
983 991 1143 1088 primum
1159 992 1195 1062 in
1212 990 1410 1098 infantibus
1425 989 1535 1060 hodie
1552 1003 1607 1060 est
1622 1011 1737 1086 passa.
1757 987 1829 1058 Sed

240 1111 405 1184 nondum
418 1114 503 1210 quia
519 1135 584 1211 per
596 1112 818 1185 dominicam
835 1113 1041 1210 passionem
1059 1128 1094 1183 et
1109 1111 1338 1184 hostiaeverae
1354 1109 1575 1183 oblationem
1592 1135 1743 1207 regnum
1760 1135 1830 1182 coe-

239 1230 359 1304 lorum
375 1231 481 1304 nobis
494 1232 608 1306 iuerat
620 1248 829 1324 reseratum,
843 1234 1047 1331 compassio
1063 1232 1225 1304 Ecclesiae
1235 1231 1281 1304 de
1289 1233 1364 1304 istis
1375 1232 1499 1330 primis
1512 1230 1729 1327 martyribus
1739 1255 1827 1302 con·

241 1349 455 1423 solationem
472 1377 547 1424 non
565 1351 719 1450 accepit,
739 1375 830 1448 quos
845 1374 988 1448 arogno
1005 1353 1070 1423 Dei
1080 1351 1224 1423 differre
1241 1352 1438 1447 cognoscit.
1454 1354 1533 1421 Non
1552 1349 1628 1420 vult
1639 1373 1723 1446 ergo
1742 1376 1828 1422 con·

207 1485 211 1496 '
240 1468 362 1558 solari,
379 1471 463 1567 quia
480 1469 645 1542 nondum
662 1485 746 1541 sunt
761 1470 819 1540 isti
835 1495 928 1569 quos
941 1471 1201 1569 compassionis
1213 1469 1342 1541 affectu
1353 1485 1517 1541 materno
1531 1468 1708 1566 deplorat,
1729 1467 1831 1540 intel·

243 1585 355 1684 ligens
367 1614 412 1661 eo
430 1590 595 1662 nondum
612 1589 772 1680 hahere,
786 1616 912 1662 verum
929 1615 1132 1688 essequam
1148 1589 1210 1661 diu
1228 1590 1359 1663 exclusi
1372 1587 1611 1677 abeatudine,
1623 1614 1691 1660 nec
1708 1589 1827 1662 adhuc

239 1711 278 1780 in
296 1735 340 1782 eo
357 1726 440 1782 sunt
461 1726 555 1784 statu
573 1711 619 1784 ad
636 1737 746 1810 quem
765 1714 874 1785 creati
899 1712 1044 1785 suerunt
1060 1737 1101 1784 ac
1118 1712 1371 1810 praedestinati.
1397 1710 1500 1783 Unde
1517 1713 1624 1783 etiam
1641 1711 1792 1809 provide
1810 1737 1829 1783 a

239 1829 373 1900 sanctis
389 1829 551 1926 patribus
568 1833 770 1903 institutum
786 1847 860 1922 est,
880 1847 920 1902 ut
935 1831 1010 1902 haec
1033 1831 1282 1929 innocentium
1299 1830 1505 1902 solemnitas
1521 1855 1595 1901 non
1614 1831 1663 1901 ita
1676 1845 1716 1901 ut
1727 1846 1829 1902 caete-

241 1975 368 2021 rorum
386 1968 584 2049 martyrum
600 1953 778 2042 natalitia,
798 1978 904 2024 voces
929 1953 1007 2025 illas
1030 1952 1256 2025 exultationis
1282 1951 1413 2024 habeat
1435 1980 1443 2022 ε
1467 1981 1484 2020 a
1505 1957 1553 2023 Te
1572 1957 1689 2023 Deum
1711 1951 1832 2023 lauda·

241 2095 336 2146 mus
364 2072 487 2145 Gloria
503 2075 540 2145 in
564 2073 710 2146 excelsis
726 2079 817 2146 Deo.
838 2073 985 2146 Alleluia
1000 2075 1038 2144 in
1057 2075 1176 2146 missa.
1195 2101 1213 2142 a
1237 2079 1317 2144 Non
1335 2074 1431 2146 enim
1449 2074 1609 2153 natalitia
1625 2088 1832 2146 sanctorum

240 2192 389 2291 proprie
405 2192 560 2264 dicenda
576 2209 679 2282 sunt,
699 2194 767 2264 nisi
783 2194 931 2290 quando
948 2195 1012 2290 qui
1036 2194 1074 2263 in
1097 2195 1201 2264 terris
1221 2205 1306 2263 sunt
1331 2193 1424 2279 nati,
1448 2193 1485 2262 in
1507 2192 1598 2264 coelo
1626 2209 1833 2266 meruerunt

241 2311 395 2400 renasci.
415 2293 480 2381 Hic
502 2312 608 2407 igitur
626 2311 785 2383 natalitia
803 2326 887 2384 sunt
902 2311 1112 2401 hominum,
1130 2310 1180 2382 ibi
1197 2310 1332 2384 natales
1348 2325 1573 2399 sanctorum,
1593 2313 1676 2408 quia
1693 2310 1753 2384 hic
1769 2337 1834 2410 per

241 2428 411 2500 humanae
422 2445 558 2502 naturae
574 2431 821 2502 conditionem
848 2432 1030 2503 nascimur
1051 2431 1215 2522 miseriis,
1236 2430 1287 2502 ibi
1303 2455 1369 2528 per
1379 2431 1576 2504 sanctitatis
1591 2433 1741 2527 gratiam
1753 2457 1834 2530 per·

241 2549 360 2644 petuis
374 2550 597 2622 renascimur
615 2551 765 2648 gaudiis.
794 2556 866 2623 Nec
880 2566 955 2623 tarn
972 2553 1137 2624 nativitas
1154 2556 1220 2622 ista
1236 2551 1445 2649 deputanda
1465 2567 1519 2623 est
1534 2553 1710 2626 nativitati
1726 2574 1836 2652 qoam

242 2672 373 2759 morti,
393 2669 456 2740 ubi
473 2670 519 2742 de
535 2671 703 2770 paradiso
720 2673 823 2768 ejecti
839 2672 1002 2744 cadimus
1018 2697 1085 2770 per
1100 2673 1261 2770 culpam,
1281 2687 1321 2744 ut
1346 2673 1532 2746 inferiores
1557 2674 1604 2746 ad
1629 2675 1836 2772 paradisum

241 2812 471 2886 resurgamus
497 2813 563 2887 per
589 2792 750 2886 gratiam.
777 2796 876 2862 Tunc
893 2815 978 2888 ergo
1008 2790 1138 2864 Rachel
1157 2807 1298 2889 tempus
1314 2791 1442 2864 habuit
1459 2795 1640 2883 moeroris,
1657 2795 1721 2866 sed
1738 2819 1836 2866 nunc

237 2906 319 3004 jam
335 2908 466 3007 adepta
482 2923 623 3006 tempus
640 2910 909 2982 consolationis.
922 2914 1010 2998 Quae
1026 2925 1112 2983 tunc
1124 2911 1222 2982 flevit
1235 2910 1282 2984 ad
1294 2911 1428 2984 inferos
1443 2913 1720 3003 descendentes,
1738 2939 1836 2988 nunc

244 3051 356 3126 super
382 3053 444 3100 eos
465 3029 618 3125 gaudeat
640 3056 724 3102 eum
745 3029 888 3102 Christo
905 3046 1108 3128 regnantes.
1128 3031 1297 3104 Attendat
1313 3030 1533 3105 dominicam
1550 3033 1836 3106 consolationem

242 3153 284 3222 in
308 3151 365 3222 his
386 3173 532 3248 quoque
544 3153 620 3247 jam
641 3152 878 3250 completam’
901 3179 909 3222 :
932 3181 950 3220 r<
970 3156 1103 3240 Amen,
1131 3177 1255 3244 amen,
1279 3153 1363 3225 dico
1382 3153 1484 3226 vobis
1496 3155 1582 3252 quia
1598 3156 1784 3254 plorabitis
1801 3171 1836 3228 et

242 3271 377 3344 flebitis
389 3297 473 3362 vos,
493 3272 651 3344 mundus
664 3288 784 3346 autem
798 3272 979 3370 gaudebit,
988 3297 1054 3344 vos
1062 3297 1148 3344 vero
1163 3274 1477 3365 contristabimini,
1486 3274 1550 3348 sed
1563 3276 1705 3348 tristitia
1719 3291 1836 3348 vestra

241 3405 410 3483 vertetur
421 3393 458 3462 in
477 3392 661 3488 gaudium.
685 3422 703 3460 n
723 3393 819 3480 Quid
837 3394 934 3464 enim
953 3392 1127 3483 mundus,
1147 3395 1217 3466 nisi
1234 3393 1394 3467 Herodes
1411 3410 1447 3467 et
1463 3397 1579 3467 <reteri
1596 3396 1723 3470 mundi
1737 3419 1835 3468 ama·

242 3511 366 3586 tores?
384 3513 534 3585 Gavisus
551 3529 605 3584 est
620 3513 803 3603 Herodes,
822 3513 1003 3612 completa
1018 3515 1178 3611 nequitia
1197 3515 1325 3587 suade
1349 3530 1466 3586 morte
1482 3517 1731 3588 innocentium
1748 3541 1838 3615 prae·

242 3633 362 3723 dicta,
390 3633 495 3730 quasi
511 3633 586 3730 jam
611 3633 790 3704 mundum
815 3635 956 3730 quietus
979 3634 1148 3722 haberet,
1174 3636 1236 3732 qui
1265 3635 1452 3728 ‚coelestem
1484 3659 1604 3732 regem
1630 3633 1836 3726 occidisset,

243 3769 284 3825 et
309 3753 386 3825 risit
407 3753 597 3851 deceptus,
626 3754 878 3851 potiusquam
905 3777 1064 3825 securus.
1091 3754 1202 3825 Flevit
1228 3754 1376 3844 Rachel,
1406 3757 1656 3854 compassione
1682 3754 1839 3828 filiorum

242 3871 401 3947 afflicta,
416 3879 518 3945 Nunc
536 3888 655 3946 autem
673 3873 842 3946 omnibus
853 3875 890 3945 in
901 3875 1124 3946 contrarium
1135 3877 1331 3964 conversis,
1343 3875 1419 3946 haec
1429 3878 1636 3973 perenniter
1646 3875 1776 3972 gaudet
1793 3877 1840 3949 de

242 3995 341 4086 suis,
360 3996 452 4068 sicut
466 3995 524 4066 ille
540 4019 624 4066 cum
642 3996 714 4068 suis
730 3996 807 4066 sine
827 3994 900 4067 sme
918 4009 1057 4066 moeret.
1077 4000 1144 4065 Per
1160 3997 1283 4068 omnia
1299 3995 1510 4068 benedictus
1526 4000 1622 4067 Deus
1633 3999 1696 4093 qui
1709 3999 1838 4095 impios

244 4115 401 4188 tradidit
418 4129 454 4187 et
469 4117 635 4187 innoxios
641 4114 814 4202 salvavit,
834 4116 913 4212 qui,
933 4129 973 4186 ut
989 4113 1150 4211 quodam
1162 4114 1245 4186 loco
1259 4115 1384 4187 beatus
1398 4115 1562 4186 meminit
1578 4115 1836 4212 Hieronymus,

243 4221 347 4312 adeo
363 4238 565 4310 misericors
578 4253 613 4310 et
629 4237 808 4334 benignus
820 4252 892 4328 est,
911 4252 952 4307 ut
967 4262 1059 4336 quos
1072 4261 1147 4310 non
1161 4252 1279 4336 potest
1295 4235 1431 4309 salvare
1444 4236 1597 4334 justitia,
1611 4233 1722 4308 salvet
1733 4237 1840 4308 mise-

244 4358 427 4448 ricordia,
447 4373 483 4430 et
506 4358 627 4430 invitis
652 4381 797 4454 quoque
815 4355 991 4428 beneficia
1010 4372 1046 4428 et
1068 4358 1213 4453 ingratis
1230 4359 1379 4454 gatiam
1395 4356 1577 4453 largiatur,
1596 4356 1687 4426 sicut
1703 4357 1839 4453 specia-

242 4478 334 4549 liter
350 4476 425 4548 haec
437 4477 604 4549 severitas
620 4491 781 4548 testatur.
802 4473 906 4546 Unde
923 4501 1003 4574 spes
1017 4460 1171 4549 maxima
1189 4493 1396 4550 sanctorum
1413 4476 1548 4548 meritis
1564 4477 1837 4573 repromittitur,

243 4599 277 4669 si
297 4611 400 4668 tanta
416 4612 654 4695 perceperunt
668 4620 711 4667 ex
728 4596 854 4691 gratia,
874 4621 1031 4693 quorum
1047 4595 1145 4669 nulla
1161 4611 1418 4696 precesserunt
1435 4597 1575 4670 merita.
1592 4599 1706 4695 Super
1719 4595 1841 4667 omnia

243 4715 467 4789 benedictus
486 4720 595 4790 Deus.
616 4721 742 4786 Amen.

286 4947 295 4975 ⁸
317 4945 364 4996 llic
375 4944 467 5012 aliquid
477 4943 676 4998 decueridetnr.
692 4968 721 4980 -
732 4941 742 4969 ¹
754 4943 836 5006 luam,
851 4959 907 5010 cap.
921 4959 979 5004 ιιι,
995 4961 1016 4995 r.
1032 4943 1072 4991 20.
