4496 6102
439 615 512 686 372
1039 613 1175 686 rarat.
1192 613 1425 688 ABAELARDI

440 757 530 827 Hinc
542 756 818 852 enimscriptum
831 769 901 844 est,
918 754 1494 828 11333133331133311333111333131
1510 781 1518 822 ε
1539 781 1555 820 3
1572 755 1728 824 Statuam
1741 769 1885 852 pactum
1900 779 2019 828 meum

438 874 530 946 inter
549 900 624 964 me,
646 890 735 964 313.,
757 889 792 946 31
809 875 902 946 13133
918 898 1039 946 semen
1060 889 1162 947 tuum
1178 889 1260 974 post
1279 891 1314 946 te
1334 876 1370 945 in
1391 871 1679 971 generationibus
1692 875 1765 945 suis
1779 874 1910 947 loedere
1929 901 2020 948 sern-

436 995 598 1090 pitern03
622 1008 659 1064 ut
675 994 743 1065 sim
762 998 858 1064 Deus
876 1009 975 1084 tuus,
997 1009 1031 1065 et
1049 995 1193 1065 seminis
1214 995 1263 1065 tui
1286 1007 1368 1092 post
1392 1009 1438 1063 te.
1467 990 1642 1088 Daboque
1660 991 1723 1063 tibi
1749 1009 1784 1063 et
1808 995 1935 1065 semini
1959 1008 2022 1066 tuo

437 1126 567 1184 terram
581 1091 873 1210 peregrinationis
887 1129 967 1185 tuae.
988 1143 1006 1180 3
1031 1118 1075 1184 Ε1
1095 1119 1257 1185 rursus²2
1279 1116 1356 1183 «Et
1373 1128 1410 1183 tu
1429 1137 1512 1208 ergo
1532 1111 1712 1184 custodies
1724 1128 1869 1212 pactum
1885 1125 2018 1204 meum,

438 1247 473 1302 et
490 1257 611 1326 semen
635 1249 738 1304 tuum
755 1248 836 1332 post
851 1249 883 1304 13
900 1234 936 1303 13
951 1233 1238 1330 generationibus
1256 1234 1339 1304 suis.
1368 1236 1446 1303 Hoc
1462 1247 1532 1322 331,
1560 1231 1659 1329 quod
1679 1231 1912 1306 observabitis
1931 1235 2021 1306 inter

438 1368 541 1423 meet
554 1377 635 1443 333,
650 1368 685 1424 31
699 1378 819 1424 semen
836 1368 937 1424 tunm
950 1369 1091 1453 postte.
1113 1352 1393 1425 Circumcidetur
1406 1378 1449 1423 ex
1463 1351 1566 1424 vobis
1585 1377 1693 1423 omne
1714 1353 1969 1442 masculinum,
1986 1370 2019 1426 et

436 1472 695 1544 circumcidetis
712 1497 856 1544 carnem
873 1474 1033 1573 praeputii
1048 1475 1154 1546 vestri
1171 1501 1178 1544 :
1200 1489 1238 1545 ut
1260 1473 1303 1544 sit
1324 1474 1362 1542 in
1381 1473 1522 1568 signnm
1539 1471 1680 1543 soedcris
1697 1472 1864 1544 interme
1885 1488 1921 1544 et
1939 1497 2015 1545 vos.

435 1591 553 1663 lnsans
571 1593 1144 1666 3313313333]3133333313313313
1159 1593 1281 1682 vobis,
1298 1617 1407 1665 omne
1421 1592 1657 1663 masculinum
1673 1592 1710 1662 13
1730 1593 2019 1689 generationibus

434 1711 570 1781 vestris.
591 1716 677 1782 Tam
696 1712 905 1784 vernaculus
923 1738 1032 1810 quam
1053 1711 1542 1811 emptitiuscircnmcidetur,
1560 1727 1595 1782 et
1608 1711 1813 1808 quicunque
1826 1735 1899 1783 non
1917 1712 2019 1783 133311

435 1829 481 1900 de
495 1830 603 1927 stirpe
621 1847 736 1902 vestra
753 1859 760 1901 :
777 1833 913 1929 eritque
926 1848 1072 1930 pactum
1090 1857 1210 1904 meum
1221 1833 1258 1902 in
1273 1855 1379 1902 carne
1396 1855 1477 1901 mea
1490 1831 1526 1902 in
1542 1829 1657 1901 foedus
1674 1844 1858 1901 aetemum.
1885 1833 2018 1902 Mascu-

435 1947 502 2039 lus,
524 1949 624 2045 cujus
642 1953 803 2049 praeputii
823 1977 906 2023 earo
926 1953 1133 2024 circumcisa
1147 1976 1221 2022 non
1240 1951 1362 2039 luerit,
1378 1949 1508 2049 peribit
1522 1950 1677 2021 animam
1696 1948 1792 2021 illam
1813 1948 1859 2021 de
1881 1950 2018 2048 populo

435 2093 521 2156 su0‚
543 2070 626 2164 quia
643 2085 786 2166 pactum
801 2095 920 2142 meum
934 2073 1072 2142 irritum
1085 2071 1177 2143 lecit.
1199 2099 1216 2137 3
1240 2076 1281 2141 Et
1296 2084 1380 2169 post
1397 2069 1534 2166 aliqua⁸
1551 2097 1558 2138 :
1581 2072 1700 2140 «Sara
1719 2094 1809 2140 uxor
1827 2083 1887 2140 tua
1906 2071 2028 2167 pariet

434 2185 499 2256 tibi
514 2186 642 2276 filiurn,
657 2188 872 2285 vocabisque
886 2213 1019 2260 nomen
1034 2189 1109 2284 ejus
1122 2193 1230 2260 lsaac.
1253 2193 1295 2259 Et
1314 2189 1526 2260 constituam
1541 2202 1685 2285 pactum
1701 2210 1821 2258 meum
1834 2186 1885 2257 illi
1904 2187 1940 2257 in
1962 2187 2020 2259 133-

435 2303 502 2376 dus
515 2309 789 2405 sempiternum,
807 2324 841 2380 et
854 2309 974 2380 femini
987 2310 1062 2404 ejus
1075 2323 1158 2406 post
1169 2334 1264 2381 eum.
1278 2311 1391 2406 Super
1404 2306 1529 2379 lsmael
1541 2330 1687 2404 quoque
1699 2306 1863 2378 exaudivi
1873 2293 1921 2394 13,
1937 2331 2019 2378 3333

433 2425 643 2497 benedicam
664 2427 715 2515 ei,
736 2442 772 2498 et
791 2427 1034 2525 multiplicabo
1055 2452 1137 2499 eum
1159 2427 1275 2498 valde.
1296 2432 1441 2498 Pactum
1456 2448 1541 2499 vero
1558 2451 1676 2496 meum
1699 2439 1847 2497 statuam
1870 2429 1977 2496 lsaac.
2001 2455 2017 2491 3
2105 2509 2110 2521 ¹

433 2547 548 2630 Quem
568 2546 715 2641 quidem
734 2547 829 2618 13333
843 2545 959 2617 solum
985 2547 1031 2618 ad
1054 2535 1175 2618 semen
1198 2545 1347 2617 Abrahae
1363 2546 1560 2642 pertinere,
1587 2543 1819 2642 postmodum
1844 2545 2022 2615 Dominus

431 2679 594 2761 patenter
610 2666 794 2756 indicavit,
813 2665 959 2738 dicens‘
981 2695 988 2736 :
1015 2695 1032 2736 u
1048 2668 1140 2754 Quia
1154 2667 1190 2737 in
1205 2671 1302 2738 lsaac
1325 2664 1510 2736 vocabitur
1529 2663 1593 2735 tibi
1614 2688 1749 2736 semen.
1767 2691 1785 2730 3
1805 2667 1907 2735 Juxta
1921 2664 2021 2760 qnod

431 2785 537 2855 etiam
552 2786 667 2883 ipsum
688 2791 783 2858 13333
801 2800 905 2858 33331
922 2787 1146 2882 unigenitum
1165 2784 1330 2874 Alarahae,
1359 2784 1500 2856 dicens⁵
1516 2783 1523 2854 Ξ
1548 2784 1672 2870 «Quia
1687 2783 1798 2854 iecisti
1813 2807 1888 2854 rem
1904 2783 2019 2871 hanc,

432 2919 466 2973 et
487 2927 560 2974 333
584 2906 773 3003 pepercisti
793 2905 864 2976 11113
879 2920 943 2976 tno
966 2906 1169 3002 unigenit0,
1192 2920 1260 2976 etc.
1282 2932 1298 2971 3
1327 2909 1474 2976 Constat
1489 2904 1610 3000 itaque
1628 2904 1808 2974 neminem
1828 2902 2023 2972 circumci-

432 3023 540 3094 sionis
559 3039 736 3123 praecepto
750 3026 964 3122 constringi,
985 3026 1053 3096 nisi
1073 3024 1251 3096 Abraham
1263 3048 1344 3095 cum
1359 3024 1496 3095 semine
1510 3049 1593 3113 suo,
1610 3038 1646 3095 31
1662 3022 1719 3093 his
1732 3024 1794 3119 qui
1807 3020 1854 3092 ad
1869 3021 2023 3092 domur‘n

430 3142 486 3213 vel
505 3145 767 3240 possessionem
785 3170 910 3217 eorum
934 3146 1125 3244 pertinent.
1152 3145 1260 3239 Cujus
1280 3143 1426 3240 quidem
1442 3143 1720 3215 circumcisionis
1736 3166 1880 3214 causam
1894 3143 2024 3214 Domi·

430 3286 497 3332 nus
509 3287 655 3360 quoque
669 3265 902 3355 interserens,
922 3267 991 3336 ait⁶
1007 3293 1014 3336 :
1032 3270 1108 3337 «Ut
1126 3266 1171 3336 sit
1188 3267 1224 3335 in
1244 3265 1384 3361 signum
1402 3263 1543 3336 foederis
1560 3263 1653 3335 inter
1671 3287 1728 3335 me
1746 3277 1780 3334 et
1798 3289 1875 3336 vos.
1891 3293 1909 3331 3
1926 3271 1974 3336 Ac
1989 3265 2022 3336 si

431 3395 551 3476 aperte
572 3383 689 3454 dicat:
708 3388 787 3455 Non
802 3400 843 3456 ut
855 3410 920 3455 vos
934 3385 1022 3454 mihi
1040 3384 1187 3456 loederet
1206 3400 1313 3482 atque
1332 3385 1477 3482 jungat,
1498 3384 1559 3455 sed
1576 3399 1615 3455 ut
1627 3383 1817 3455 loederatos
1838 3384 2020 3456 ostendat.

431 3498 577 3571 Rufinus
592 3525 737 3598 qnoque
748 3503 867 3597 ,juxta
881 3505 1073 3600 Origenern
1085 3505 1272 3603 epistolam
1286 3504 1385 3576 Pauli
1397 3503 1448 3575 azl
1456 3510 1633 3576 Romanos
1646 3527 1844 3601 exponens,
1859 3504 2024 3575 occasio-

429 3643 513 3690 nem
527 3620 633 3715 hujus
647 3625 811 3720 praecepti
832 3623 877 3695 de
894 3623 1162 3695 circumcisione
1180 3625 1261 3696 facti
1279 3640 1350 3696 tam
1365 3626 1400 3695 in
1415 3625 1486 3695 hoc
1504 3649 1613 3722 quam
1630 3625 1667 3695 in
1684 3624 1809 3696 ceteris
1827 3622 2023 3720 diligenter

427 3740 580 3837 assignat
601 3767 643 3814 cx
661 3743 778 3816 verbis
796 3745 905 3844 ipsius
931 3745 1033 3843 legis,
1057 3771 1135 3843 quae
1155 3762 1330 3844 praecepta
1359 3747 1435 3842 ejus
1470 3746 1515 3817 ad
1544 3745 1640 3818 solos
1670 3745 1826 3834 ludaeos,
1857 3771 1936 3843 quae
1966 3747 2019 3818 ad

426 3885 553 3932 omnes
567 3863 776 3958 generaliter
789 3865 952 3938 homines
966 3868 1178 3965 pertineant.
1195 3895 1213 3934 3
1222 3868 1475 3958 Discutiamus,
1486 3867 1629 3964 in'quit',
1647 3881 1769 3937 utrum
1780 3866 1851 3938 hoc
1865 3866 2027 3938 manda-

429 3993 504 4050 tum
517 3981 623 4051 etiam
637 4006 711 4072 eos,
728 3987 845 4081 quiex
863 3985 1025 4082 gentibus
1037 3985 1274 4076 crediderant,
1290 3987 1519 4083 constringat.
1536 3990 1725 4082 Nunquam
1739 3983 1818 4056 lecit
1829 3985 2023 4082 proselyti,

425 4100 464 4171 id
476 4115 528 4172 est
540 4101 686 4175 advenae
700 4107 920 4178 mentionem
937 4134 945 4177 ε
960 4107 1024 4178 sed
1039 4106 1270 4178 vernaculum
1282 4131 1424 4178 servum
1437 4105 1493 4178 vel
1505 4105 1620 4203 pretio
1635 4119 1796 4203 emptum
1810 4105 2032 4176 circumcidi

421 4219 543 4315 jubet,
568 4245 642 4292 non
665 4222 829 4296 liberum.
858 4231 1124 4298 Perscrutemur
1146 4250 1231 4321 ergo
1256 4227 1398 4296 Levitici
1415 4225 1573 4322 legem⁸t
1598 4227 1811 4321 «Loquere,
1829 4251 1847 4290 3
1883 4225 2029 4320 inquit,

428 4375 446 4412 3
464 4343 543 4414 filiis
566 4347 687 4436 lsrael,
709 4362 745 4418 et
758 4347 854 4418 dices
868 4347 913 4418 ad
926 4371 1007 4418 eos:
1030 4345 1155 4417 Mulier
1173 4347 1202 4416 si
1220 4347 1358 4444 peperit
1376 4345 1591 4436 masculum,
1613 4359 1736 4416 octava
1757 4343 1815 4415 die
1828 4347 2028 4417 circumci-

427 4495 444 4534 «
462 4466 585 4554 detur,
605 4481 672 4538 313.
693 4495 709 4531 3
728 4470 933 4538 intueamur
947 4457 1072 4555 ethic,
1094 4464 1401 4563 quemadmodum
1415 4466 1461 4537 de
1476 4465 1553 4564 lege
1570 4464 1848 4536 circumcisionis
1871 4481 2027 4537 tantum

425 4586 471 4658 ad
490 4585 581 4658 filios
596 4588 700 4658 lsrael
714 4591 841 4660 Mo'tses
854 4587 953 4684 loqui
962 4586 1124 4682 jubetur,
1146 4600 1181 4658 et
1195 4586 1472 4684 alienigenarum
1495 4586 1591 4658 nulla
1609 4586 1653 4657 sit
1669 4587 1805 4657 mentio
1822 4619 1829 4658 :
1848 4613 1962 4684 quum
1984 4589 2036 4659 in

424 4705 639 4800 quibusdam
656 4707 831 4778 mandatis
849 4731 923 4778 non
944 4705 1060 4778 solum
1075 4706 1154 4779 filiis
1166 4707 1294 4796 lsrael,
1312 4707 1374 4778 sed
1388 4722 1423 4780 et
1433 4707 1637 4808 proselytis,
1655 4707 1762 4779 idest
1779 4707 1946 4796 advenis,
1965 4706 2039 4778 lo·

426 4842 571 4921 quatur,
597 4830 795 4900 necessario
809 4828 932 4925 utique
946 4823 1169 4900 observanda
1181 4828 1360 4901 distinctio
1374 4844 1444 4922 est,
1466 4832 1549 4926 quia
1566 4831 1656 4902 sicut
1668 4829 1858 4902 ibidicitur
1878 4858 1885 4897 :
1910 4860 1928 4900 a
1946 4834 2039 4901 Lo-

457 5130 464 5154 ⁴
486 5131 582 5190 Genea,
602 5146 657 5196 cap.
675 5148 741 5192 xnr,
755 5149 776 5182 3.
793 5133 816 5181 1.
829 5159 858 5169 -
871 5131 882 5158 '
895 5132 967 5190 lbid..
981 5150 1004 5184 3.
1020 5135 1044 5183 t).
1056 5159 1086 5170 -
1098 5133 1107 5160 ¹
1120 5133 1195 5193 lbid,
1236 5149 1260 5183 3.
1274 5133 1321 5184 11.
1335 5157 1368 5171 -·
1381 5131 1391 5161 ⁸
1403 5133 1499 5192 Genea..
1518 5146 1574 5198 cap.
1597 5147 1662 5192 xvu,
1684 5146 1708 5180 3.
1733 5135 1772 5181 tt.
1787 5155 1820 5170 ·-
1832 5131 1841 5157 ⁷
1855 5132 1915 5194 opp.
1932 5141 1953 5181 t.
1982 5133 2043 5199 w,

423 5232 445 5264 3.
462 5217 539 5264 nt.-
549 5213 560 5240 ⁴
572 5215 668 5274 Genea,
682 5231 738 5282 cap.
748 5231 806 5276 xxr,
820 5233 842 5267 3.
856 5219 893 5266 ta.
903 5217 949 5254 -¹
959 5219 1054 5275 Getes„
1066 5234 1122 5285 cap.
1133 5233 1195 5282 xxn,
1235 5233 1260 5284 p.
1274 5218 1321 5267 tat
1336 5227 1361 5268 31
1373 5232 1412 5284 sq.
1424 5243 1455 5254 -
1468 5213 1479 5243 ⁸
1491 5217 1576 5275 13313,
1586 5229 1643 5281 cap.
1655 5229 1704 5275 xn,
1714 5229 1739 5265 v.
1756 5215 1794 5265 12.
