4588 6106
465 643 538 712 stt
897 644 1025 716 PETRI
1054 644 1288 717 ABAELARDl
1314 643 1371 714 ET
1395 641 1621 714 HsstotssAE

514 789 570 854 De
582 781 714 856 habim.
727 823 779 840 -··
790 782 937 856 Habitus
954 802 1078 860 noster
1092 787 1172 859 vilis
1187 802 1241 859 est
1261 801 1299 858 et
1315 785 1490 885 simplex,
1513 787 1550 856 in
1568 783 1707 881 agninis
1722 778 1887 880 pellibus,
1904 780 1941 850 in
1956 779 2057 852 lineis

465 917 500 974 et
514 902 623 976 lenem
640 902 807 976 restibus.
825 907 865 974 ln
877 905 921 976 iis
938 907 1101 979 emendis
1118 908 1175 980 rel
1193 905 1362 979 faciendis
1376 931 1451 978 non
1470 904 1652 1002 eliguntur
1667 903 1845 1002 pretiosa,
1871 899 1937 972 sed
1956 899 2056 996 quod

467 1021 568 1094 vilius
590 1025 790 1122 comparari
820 1024 876 1096 rel
899 1025 1023 1099 baberi
1048 1043 1178 1128 potest.
1205 1028 1459 1125 Quodcunque
1482 1021 1646 1098 sufficere
1661 1022 1793 1096 debeat
1808 1019 2057 1092 annotandum

464 1157 577 1230 esset,
598 1143 784 1242 sedlonge
801 1169 925 1218 sumus
941 1147 1200 1220 asufficientia.
1562 1149 1569 1160 '

515 1267 569 1332 De
596 1263 705 1336 tecm
719 1269 822 1336 -ln
851 1267 989 1338 lectulis
1008 1270 1140 1340 nostris
1162 1267 1339 1340 habemru
1363 1267 1548 1354 culcitras,
1575 1279 1611 1336 et
1635 1263 1857 1362 pulvinaria,
1887 1275 1924 1331 et
1950 1259 2057 1330 lintea

465 1381 576 1474 linea,
597 1384 689 1456 sicut
708 1385 856 1483 singulis
876 1387 1059 1460 dividitur.
1082 1391 1119 1460 Si
1138 1415 1212 1462 non
1233 1390 1409 1488 recipiant
1424 1385 1571 1484 singulae
1588 1385 1688 1483 quod
1707 1382 1880 1472 sufficiat,
1906 1405 2056 1479 pauper·

465 1503 528 1573 tati
544 1502 768 1576 adscribitur.

516 1628 570 1693 De
588 1621 683 1696 cibis
695 1629 851 1698 —Pane
866 1626 1029 1724 quolibet
1046 1631 1245 1720 vescimur,
1267 1629 1298 1700 si
1321 1629 1425 1700 luerit
1448 1627 1628 1716 triticum,
1649 1625 1810 1713 uitioeo;
1832 1624 1863 1693 si
1882 1619 2055 1706 defuerit,

465 1767 560 1840 pane
581 1743 771 1840 cujuslibet
785 1769 951 1820 annonae.
974 1753 1013 1820 ln
1034 1748 1224 1821 refectorio
1245 1764 1370 1822 nostro
1387 1746 1458 1820 cibi
1476 1747 1554 1820 sine
1573 1744 1742 1818 carnibus
1759 1757 1843 1814 sunt
1854 1741 2056 1838 legumina,

466 1879 501 1934 et
520 1889 563 1936 ea
579 1889 660 1962 quae
679 1867 791 1938 nutrit
809 1867 947 1940 hortus.
972 1874 1063 1960 lae,
1083 1896 1173 1960 ova,
1195 1885 1229 1941 et
1247 1895 1372 1942 caseus
1391 1868 1505 1954 ratius
1528 1880 1780 1966 apponuntur,
1806 1878 1843 1935 et
1869 1863 2005 1959 pisces,
2029 1861 2059 1931 si

466 1983 540 2055 dati
572 1985 714 2058 luerint.
740 1987 873 2060 Vinum
893 1989 1045 2063 mixtum
1067 1991 1113 2060 sit
1130 2015 1235 2088 aqua.
1265 1994 1347 2061 Duo
1369 1989 1557 2088 pulmenta
1575 1988 1612 2058 in
1641 1985 1759 2084 prima
1783 1982 1975 2055 referamne
1995 1981 2058 2052 lsa-

467 2103 608 2178 bentur.
637 2111 677 2177 ln
699 2132 802 2180 coena
826 2133 913 2180 vero
933 2109 1073 2196 herbae,
1096 2111 1153 2181 rel
1177 2111 1333 2198 linctus,
1358 2109 1415 2180 rel
1438 2107 1574 2206 aliquid
1595 2105 1684 2190 tale,
1711 2107 1741 2176 si
1765 2103 1889 2176 haberi
1913 2104 2056 2202 poterit.

468 2230 605 2298 Horum
623 2251 770 2324 quoque
787 2227 1027 2302 deficientiam
1046 2231 1124 2302 sine
1141 2255 1326 2302 murmure
1347 2243 1548 2330 portamus.

517 2352 572 2418 De
587 2345 795 2418 ubedtentz'cz.
817 2387 869 2408 ·-·
888 2349 962 2421 Soli
982 2349 1168 2422 abbatissae
1185 2366 1222 2422 et
1238 2351 1416 2450 priorissa
1440 2347 1603 2421 debitum
1623 2346 1810 2420 exhibetur
1831 2342 2056 2416 obedientiae.

470 2464 571 2537 Nulla
587 2468 769 2564 praesumit
786 2467 940 2541 claustra
956 2471 1163 2542 monasterii
1176 2470 1297 2568 egredi
1315 2470 1392 2542 sine
1403 2469 1531 2541 harum
1543 2467 1704 2556 licentia,
1721 2464 1819 2536 nulla
1829 2464 1947 2561 loqui,
1964 2460 2061 2533 nulla

470 2587 567 2660 nulla
581 2586 667 2660 dare
681 2589 817 2687 aliquid
830 2589 885 2662 vel
898 2593 1068 2690 recipere,
1085 2593 1260 2681 retinere,
1281 2593 1349 2664 nisi
1369 2591 1470 2689 quod
1483 2591 1695 2688 permissum
1714 2587 1830 2658 luerit.
1847 2589 1901 2657 De
1908 2599 2034 2656 caetero
2047 2637 2056 2668 ,

470 2709 574 2780 uobis
588 2709 742 2782 invicem
755 2709 945 2787 obedimus
960 2711 1086 2784 ellectu
1106 2713 1299 2784 charitatis.

522 2827 622 2898 Unde
647 2834 846 2902 roecessarr'a
859 2835 1083 2928 proveniant.
1097 2875 1148 2890 -
1163 2832 1354 2930 Religionis
1376 2845 1452 2903 erat
1476 2828 1523 2902 dc
1552 2828 1649 2901 cultu
1680 2842 1854 2899 terrarum
1876 2841 1912 2898 et
1939 2824 2060 2897 labore

469 2950 618 3050 proprio
636 2951 773 3043 vivere,
795 2953 824 3024 si
843 2977 1042 3052 possemus.
1064 2953 1135 3026 Sed
1156 2955 1240 3052 quia
1258 2979 1301 3026 ex
1320 2951 1503 3024 debilitate
1521 2976 1596 3023 non
1608 2947 1826 3040 sufficimus,
1843 2946 2061 3018 admittimus

470 3097 663 3147 conversos
686 3089 722 3147 et
741 3100 954 3167 conversas,
985 3092 1023 3148 ut
1042 3102 1122 3174 quae
1142 3101 1207 3174 per
1226 3101 1294 3148 nos
1313 3073 1554 3148 administrari
1577 3073 1672 3170 n'gor
1690 3093 1766 3148 non
1786 3069 1960 3172 permittit
1984 3067 2060 3140 reli·

470 3195 599 3290 gionis,
612 3219 678 3294 per
688 3219 751 3266 eos
764 3194 1039 3294 adimpleantur.
1054 3197 1256 3294 Recipimus
1267 3197 1374 3267 etiam
1386 3218 1618 3292 quascunque
1629 3190 1790 3263 fidelium
1803 3189 2057 3284 eleemosynas,

473 3338 575 3386 more
595 3330 803 3387 caeterantm
821 3313 1062 3388 ecelesiarum.

523 3433 1152 3533 (laund0‚egredimur.-Statutum
1173 3452 1353 3528 tenemus,
1375 3435 1476 3534 quod
1488 3435 1586 3506 nulla
1597 3433 1731 3524 velata,
1750 3455 1857 3503 eausa
1875 3431 2062 3526 cujuscun-

471 3579 543 3651 que
562 3555 800 3645 necessitatis,
823 3555 1026 3653 egrediatur
1045 3557 1091 3629 ad
1112 3557 1264 3629 forensia
1284 3559 1448 3656 negotia,
1471 3555 1527 3628 vel
1546 3554 1765 3652 ingiediatur
1785 3554 1936 3626 domum
1949 3553 2062 3647 cujus·

472 3673 559 3746 libet
579 3674 758 3751 secularis.
782 3675 834 3748 Ad
855 3675 1038 3750 familiaria
1060 3703 1146 3750 vero
1163 3679 1325 3776 negotia,
1346 3693 1382 3752 et
1402 3676 1450 3749 ad
1468 3675 1670 3748 custodiam
1693 3699 1814 3747 rerum
1835 3687 2060 3761 nostrarum,

474 3795 647 3866 mittimus
660 3796 696 3866 in
710 3795 840 3868 domos
853 3812 992 3871 nostras
1003 3797 1173 3896 probatas
1186 3814 1259 3870 tam
1268 3813 1372 3872 aetate
1381 3821 1491 3896 quam
1503 3798 1575 3868 vila
1587 3812 1622 3868 et
1632 3794 2058 3866 monialeseteonversas.

522 3919 577 3986 De
596 3915 784 4016 longinquo
806 3917 1028 3990 venientibus.
1041 3919 1418 4018 -Superrenientem
1438 3917 1627 3990 nobiscum
1647 3914 1708 3987 diu
1728 3938 1876 3987 manere
1895 3939 1969 3986 non
1982 3939 2062 4013 per·

474 4036 666 4128 mittimus3
694 4036 756 4110 scd
781 4037 811 4108 si
837 4061 1020 4112 remanere
1051 4039 1224 4131 voluerit,
1254 4053 1289 4112 et
1320 4063 1400 4111 eam
1425 4039 1516 4114 ratio
1539 4037 1670 4135 suscipi
1695 4035 1916 4135 permiserit,
1947 4034 2062 4132 primu

472 4172 610 4258 septem
627 4157 724 4249 dies,
744 4173 806 4231 aut
823 4158 1055 4258 profiteatur,
1079 4176 1140 4233 aut
1158 4159 1329 4232 discedat.

525 4279 676 4372 Quando
698 4283 748 4353 sit
770 4307 938 4354 conversa
956 4283 1135 4355 monialis.
1150 4325 1199 4340 -
1211 4283 1249 4354 Si
1268 4283 1314 4354 ad
1333 4307 1401 4354 nos
1422 4281 1540 4380 aliqua
1558 4303 1732 4353 conversa
1749 4279 1896 4350 veniens
1917 4279 1954 4348 in
1980 4301 2064 4348 con—

474 4401 674 4474 versatione
686 4400 856 4474 laicarum
873 4403 1044 4502 suscepta
1057 4403 1182 4495 fuerit,
1202 4402 1406 4476 nullatenus
1424 4418 1548 4501 postea
1568 4399 1734 4474 monialis
1746 4398 1937 4488 efficietur,
1953 4397 2015 4470 sed
2027 4397 2063 4468 in

474 4545 514 4592 ea
533 4521 742 4613 vocatione,
766 4523 803 4594 in
821 4547 893 4620 qua
911 4539 1039 4596 vocata
1055 4539 1133 4614 est,
1155 4539 1375 4625 permaneat.

524 4648 578 4714 De
601 4641 732 4740 officiis
748 4647 931 4716 nocmrnt's
948 4671 972 4716 a
987 4641 1058 4714 tal.
1079 4643 1207 4717 octobr.
1231 4671 1339 4744 usqroe
1354 4643 1406 4715 ad
1418 4643 1567 4715 Pasclm.
1583 4681 1635 4698 -a
1654 4642 1784 4714 ludite
1806 4642 1927 4744 signo,
1951 4639 1997 4711 ad
2018 4641 2065 4709 vi·

475 4764 573 4862 gilius
596 4789 681 4836 cum
701 4763 925 4838 festinatione
940 4765 1138 4863 surgimus,
1166 4781 1202 4839 et
1219 4763 1405 4838 moderate
1430 4790 1497 4836 nos
1521 4764 1769 4852 cohortantes,
1797 4761 2003 4833 festinamus
2020 4759 2065 4832 ud

475 4909 567 4985 opus
585 4886 672 4976 Dei,
701 4901 737 4957 et
763 4886 911 4958 dimisso
929 4887 1051 4986 signo,
1079 4886 1274 4961 adnutum
1293 4887 1468 4986 priorissae
1487 4885 1636 4958 iacimus
1653 4898 1841 4955 consuetas
1861 4882 2063 4968 orationes,

475 5008 511 5079 in
531 5005 815 5080 solemnitatibus
831 5007 1007 5082 inclinatas
1020 5063 1030 5100 ,
1045 5009 1081 5080 in
1100 5009 1244 5108 privatis
1256 5007 1383 5082 diebus
1401 5021 1599 5108 prostratae.
1614 5004 1809 5105 Completis
1821 5001 2064 5090 orationibus,

474 5131 653 5228 signamus
672 5151 763 5219 nos,
784 5143 819 5200 et
835 5128 1058 5228 ingredimur
1074 5131 1245 5202 stationes
1262 5143 1415 5201 nostras.
1437 5127 1747 5215 Hebdomadm'a,
1762 5126 1864 5221 cujus
1875 5115 1929 5197 est
1942 5153 1961 5192 u
1971 5127 2068 5196 Deus

475 5252 511 5324 iu
532 5249 771 5347 adjutorium,
790 5279 808 5318 u
831 5249 953 5351 incipit
975 5253 1112 5340 «Veni,
1135 5267 1256 5324 sancte
1274 5251 1443 5351 Spiritus,
1463 5277 1480 5316 n
1495 5270 1717 5348 prosequens
1729 5269 1873 5320 versum
1891 5260 1926 5318 et
1940 5245 2068 5316 oratio
