4522 6104
756 587 1058 665 exposition
1084 591 1378 667 nexanuaon.
1493 569 1502 588 '
1787 591 1858 668 aar

273 733 384 806 modo
405 733 549 808 alterius
568 731 673 807 nobis
689 757 765 808 esse
781 731 962 822 videntur,
980 731 1281 832 velquocumque
1298 731 1410 806 modo
1428 732 1558 806 nostris
1575 731 1777 832 aspectibus
1793 757 1857 806 va·

271 855 420 926 riantur.
476 921 479 926 .
771 839 775 852 ’

321 1003 339 1042 a
354 979 398 1046 Et
413 991 589 1074 tempora.
608 1001 626 1042 a
644 977 721 1046 Hoc
738 987 792 1044 est
807 987 1013 1071 temporum
1033 975 1360 1074 computationem,
1383 974 1475 1046 sicut
1497 973 1637 1046 dierum
1658 973 1716 1045 vel
1737 998 1853 1048 anno·

269 1117 367 1182 mm,
390 1119 469 1192 quae
488 1095 609 1168 statim
629 1118 694 1191 per
715 1093 877 1192 exempla
898 1095 1098 1192 supponit:
1118 1094 1195 1168 dies
1215 1095 1311 1168 enim
1329 1109 1580 1192 computamus
1597 1108 1704 1194 atque
1726 1121 1854 1168 nume·

268 1235 389 1284 ramus
406 1213 606 1286 secundum
627 1227 747 1290 motus
768 1229 804 1289 et
825 1213 1005 1286 discursus
1030 1213 1114 1286 solis
1134 1213 1181 1288 ab
1203 1215 1395 1289 oriente'in
1417 1214 1660 1304 occidentem,
1680 1229 1715 1288 et
1740 1239 1854 1290 anuos

266 1333 466 1404 secundum
494 1333 737 1408 revolutiones
762 1334 838 1430 ejus
867 1349 904 1406 et
929 1358 1194 1431 nonnunquam
1219 1349 1429 1408 caeterorum
1455 1335 1681 1434 planetarum
1706 1359 1856 1436 compu-

266 1465 341 1524 tare
357 1453 531 1543 solemus,
550 1469 590 1526 ut
607 1469 698 1551 quot
713 1453 879 1528 videlicet
894 1455 1137 1531 revolutiones
1153 1470 1237 1528 sunt
1253 1479 1381 1526 eorum
1397 1454 1443 1526 ad
1459 1453 1555 1527 idem
1578 1469 1771 1554 punctum,
1799 1470 1854 1525 tot

265 1595 380 1644 annos
396 1573 481 1645 solis
496 1573 554 1644 vel
569 1575 713 1647 Saturni
728 1573 785 1646 vel
802 1573 955 1650 aliomm
971 1573 1197 1672 planetarum
1214 1573 1387 1646 dicamus.

314 1697 396 1762 «Et
422 1692 611 1766 luceant.»
641 1698 687 1768 Ut
712 1691 834 1766 alibi«
857 1693 945 1780 sint,
967 1720 985 1760 n
1014 1706 1050 1764 et
1066 1691 1151 1766 alibi
1179 1719 1197 1760 a
1210 1689 1412 1766 illuminent
1426 1720 1443 1758 n
1462 1705 1613 1781 terram,
1635 1691 1768 1766 scilicet
1790 1692 1852 1764 ubi

264 1811 504 1883 necessarium
521 1825 575 1884 est
589 1809 821 1909 splendorem
836 1835 943 1886 suum
960 1809 1045 1882 inde
1060 1812 1278 1909 spargentia.
1400 1907 1405 1916 ὁ

312 1959 329 1997 «
345 1930 524 2026 Fecitque.
542 1958 560 1996 n
587 1930 783 2017 Quomodo
805 1929 938 2004 lactum
961 1931 1006 2002 sit
1029 1929 1076 2004 de
1096 1929 1164 2002 illis
1192 1930 1238 2002 ad
1263 1929 1501 2004 dividendum
1524 1929 1622 2004 diem
1647 1945 1683 2002 et
1706 1947 1850 2004 noctem

260 2047 361 2142 quod
382 2048 482 2145 prius
498 2047 635 2123 dixerat
655 2049 820 2146 exponit,
844 2073 958 2148 quum
978 2047 1093 2120 solem
1116 2047 1163 2122 ad
1187 2047 1487 2121 illuminationem
1512 2048 1632 2120 diurni
1657 2051 1846 2148 temporiS,

260 2165 383 2240 lunam
400 2182 435 2239 et
451 2167 570 2242 stellas
586 2168 633 2241 ad
651 2167 951 2244 illuminationem
968 2169 1138 2242 nocturni
1154 2169 1358 2240 instituerit.
1702 2249 1706 2258 q

311 2314 328 2354 n
346 2288 536 2360 Luminare
552 2289 680 2384 majus.
697 2317 715 2358 n
733 2287 874 2362 Scilicet
894 2288 1027 2376 solem,
1047 2313 1122 2362 non
1138 2303 1214 2360 tam
1234 2290 1290 2360 sui
1310 2288 1408 2360 orbis
1430 2290 1628 2390 quantitate
1651 2315 1760 2390 quam
1777 2315 1848 2364 suae

251 2404 528 2480 illuminationis
549 2409 681 2482 virtute
701 2421 878 2506 quantum
899 2407 945 2486 ad
966 2431 1112 2482 sensum
1138 2421 1325 2500 nostrum,
1350 2408 1413 2507 qui
1434 2408 1608 2506 majorem
1631 2409 1716 2484 inde
1736 2412 1846 2484 susci·

258 2524 376 2620 pimus
392 2524 706 2602 illuminationem.

307 2671 326 2712 r
340 2647 506 2718 Praeesset
516 2645 600 2720 diei.
618 2673 637 2714 u
655 2625 839 2742 Tanquam
853 2645 1018 2720 videlicet
1034 2646 1152 2744 ipsum
1167 2644 1339 2717 diurnum
1356 2658 1497 2747 tempus
1513 2645 1774 2720 illuminatione
1790 2649 1844 2719 sui

255 2759 431 2852 alliciens,
448 2762 506 2834 vel
521 2762 639 2838 lucem
655 2763 929 2852 circumferens,
952 2764 1044 2836 sicut
1059 2763 1145 2836 luna
1161 2778 1198 2836 et
1212 2762 1320 2838 stellae
1336 2764 1448 2834 nocti.

306 2911 325 2951 a
340 2884 531 2957 Luminare
549 2885 679 2960 minus.
697 2913 715 2952 n
735 2889 873 2964 Lunam
890 2884 995 2975 dicit,
1017 2884 1120 2982 quasi
1139 2883 1337 2958 secundam
1358 2907 1381 2956 a
1400 2881 1475 2958 sole
1497 2885 1534 2956 in
1559 2883 1688 2960 ellectu
1709 2885 1841 2958 illumi·

255 3003 386 3094 naudi,
411 3005 512 3101 quod
541 3006 645 3080 terris
668 2999 908 3103 propinquior
938 3005 984 3078 sit
1012 3029 1123 3103 quam
1151 3003 1284 3095 stellae,
1313 3003 1467 3102 ideoque
1497 3005 1672 3102 majorem
1695 3007 1769 3078 vim
1794 3009 1843 3080 ad·

253 3121 447 3196 lucendum
464 3124 570 3198 nobis
586 3124 718 3202 habeat
730 3150 841 3223 quam
856 3124 982 3216 stellae,
1001 3126 1066 3198 etsi
1083 3126 1210 3222 aliquae
1229 3126 1388 3223 ipsarum
1409 3128 1521 3228 magis
1537 3151 1559 3199 a
1573 3123 1679 3200 nobis
1695 3143 1841 3200 remotae

252 3243 406 3341 amplius
421 3245 623 3344 splendoris
639 3245 696 3322 vel
713 3246 970 3344 magnitudinis
986 3245 1120 3319 habere
1136 3246 1343 3321 credantur.

303 3391 321 3430 u
335 3369 380 3435 Et
403 3364 536 3438 stellas.
555 3393 572 3432 a
597 3364 797 3455 Subaudit,
816 3365 997 3454 similiter,
1010 3365 1094 3439 fecit
1118 3379 1159 3438 ut
1178 3369 1371 3463 praeessent
1394 3367 1506 3440 nocti.
1526 3396 1543 3436 n
1571 3371 1655 3455 Eas,
1672 3393 1690 3434 a
1710 3368 1835 3456 etiam,

250 3484 384 3558 scilicet
396 3486 514 3559 stellas
529 3488 568 3558 in
586 3486 816 3564 ferramento
832 3487 924 3561 siout
940 3487 1054 3562 solem
1070 3500 1106 3558 et
1121 3485 1259 3559 lunam.

300 3635 317 3672 a
335 3611 381 3677 Ut
396 3605 568 3679 lucerent.
586 3635 604 3678 n
632 3607 733 3682 Istud
757 3607 998 3684 communiter
1024 3621 1099 3680 tam
1113 3606 1160 3678 ad
1178 3605 1297 3678 stellas
1312 3632 1423 3704 quam
1441 3607 1487 3681 ad
1513 3607 1627 3680 solem
1653 3623 1688 3682 et
1712 3608 1837 3681 lunam

249 3725 477 3800 referendum
499 3743 566 3802 est.
594 3728 760 3826 Alioquin
786 3753 861 3804 non
878 3743 1027 3825 apparet
1049 3727 1237 3825 quomodo
1254 3729 1408 3820 diceret,
1436 3745 1476 3803 ut
1491 3746 1682 3830 praeessent
1699 3731 1770 3804 diei
1795 3717 1837 3806 ac

249 3849 367 3936 necti,
381 3873 494 3945 quum
509 3848 675 3920 videlicet
692 3847 801 3922 stelle
818 3849 915 3923 nocti
928 3861 1068 3922 tantum
1084 3871 1247 3943 praeesse,
1262 3872 1337 3920 non
1350 3847 1440 3938 diei,
1447 3848 1618 3922 habeant.
1634 3855 1713 3923 Nou
1726 3877 1837 3950 parva

247 3970 396 4065 questio
413 3984 466 4040 est
482 3969 529 4040 de
545 3969 719 4066 planetis,
729 3969 795 4066 qrii
808 3981 937 4042 contra
952 3965 1220 4044 firmamentum
1237 3967 1320 4040 ferri
1336 3967 1524 4058 dicuntur,-
1548 3984 1669 4042 uuum
1688 3972 1836 4046 animati

247 4090 335 4176 sint,
355 4103 395 4159 ut
410 4087 636 4187 pbilosophis
653 4089 770 4162 uisum
786 4103 856 4176 est,
883 4085 1083 4184 etquidem
1100 4087 1249 4184 spiritus·
1265 4085 1333 4160 illis
1353 4086 1498 4186 praesint
1519 4089 1750 4188 corporibus,
1769 4094 1832 4188 qui

247 4208 344 4280 huno
361 4210 412 4280 eis
423 4223 564 4283 motum
580 4207 760 4298 tribuant,
778 4232 824 4283 an
841 4207 918 4286 sola
933 4208 999 4282 Dei
1015 4205 1200 4282 voluntate
1216 4221 1253 4280 et
1273 4207 1502 4280 ordinatione
1519 4206 1617 4281 hunc
1634 4207 1834 4282 discursum

246 4321 481 4400 immobiliter
507 4341 666 4402 tensam.
693 4325 903 4426 Philosophi
929 4351 1015 4400 vcro
1042 4341 1118 4400 tam
1142 4351 1205 4400 cos
1232 4351 1341 4425 quam
1367 4327 1486 4425 ipsum
1510 4341 1628 4400 totum
1655 4328 1833 4402 mundum

245 4451 425 4525 animatos
446 4475 523 4536 osse
539 4449 746 4539 adstruunt,
765 4464 801 4524 et
819 4449 983 4546 quaedam
999 4447 1167 4522 animalia
1182 4448 1391 4537 rationalia,
1409 4447 1626 4520 immortalia
1638 4463 1745 4550 atque
1763 4451 1832 4522 im·

244 4568 429 4666 passibilia
452 4595 526 4642 non
553 4568 723 4642 dubitant
747 4593 926 4657 asserere,
961 4568 1120 4642 dicentes
1145 4593 1292 4640 omnem
1318 4579 1459 4640 motum
1483 4568 1520 4639 in
1547 4568 1760 4670 corporibus
1785 4569 1831 4644 ab

246 4691 364 4762 anima
380 4690 556 4787 incipero,
572 4713 640 4761 nec
656 4704 782 4787 postea
798 4711 930 4787 corpus
946 4688 1016 4763 nisi
1031 4712 1096 4785 per
1112 4711 1193 4760 eam
1209 4687 1360 4760 moveri.
1379 4687 1450 4774 Qui
1467 4687 1574 4762 etiam
1590 4687 1769 4762 mundum
1781 4690 1831 4764 ita

244 4809 378 4907 ubique
394 4809 609 4882 animalibus
625 4808 755 4907 repleri
779 4807 927 4898 volunt,
957 4823 997 4882 ut
1017 4807 1163 4904 singule
1185 4806 1313 4880 mundi
1335 4821 1455 4905 partes
1478 4805 1637 4882 babeant
1662 4809 1829 4884 animalia

245 4927 408 5026 propria,
432 4951 492 5000 aer
509 4927 657 5026 quidam
678 4927 744 5000 iste
770 4927 917 5002 inferior
937 4941 973 5000 et
997 4925 1243 5025 corpulentior
1267 4925 1450 5023 usquead
1474 4923 1598 4998 lunam
1624 4923 1827 5020 daemones,

243 5050 407 5148 superior
422 5074 509 5121 vero
525 5073 608 5146 pars
627 5046 772 5136 mundi,
789 5071 900 5144 quam
916 5046 1110 5120 aethereum
1125 5047 1256 5119 coelum
1268 5048 1456 5119 nominare
1471 5044 1644 5138 solemus,
1667 5046 1828 5145 planetas

246 5167 300 5241 vel
316 5169 441 5241 caetera
460 5168 589 5241 sidera.
609 5171 726 5254 Quam
748 5166 894 5264 quidem
920 5167 1134 5240 sententiam
1153 5166 1282 5241 beatus
1304 5166 1519 5264 Augustinus
1540 5190 1828 5240 commemorans
