4590 6106
299 1011 350 1044 car

273 1059 305 1108 lte
319 1061 421 1134 combu-

474 627 519 694 22
902 621 1029 692 PETRI
1056 617 1288 690 lBAEtattut
1314 617 1369 688 ΕΤ
1394 617 1619 688 HELOlSSAE

473 787 584 861 quum
604 763 688 834 hinc
707 761 902 851 recesserit,
925 785 983 832 me
1000 761 1143 858 penitus
1155 757 1399 830 liberaturum.
1417 761 1461 828 Et
1478 759 1528 828 sic
1547 781 1603 828 me
1618 771 1658 828 ut
1674 756 1790 866 potuit
1803 757 1947 828 llentem
1961 757 2051 828 flens

472 886 595 980 etipse
610 881 812 954 consolatus
828 895 892 952 est.
1844 947 1852 958 ἡ

522 1005 672 1071 Vocatus
692 999 810 1096 itaque
833 999 951 1070 statim
975 998 1021 1069 ad
1039 998 1232 1070 concilium
1250 996 1364 1088 adsui,
1384 1011 1420 1070 et
1437 998 1513 1069 sine
1532 995 1606 1068 ullo
1627 995 1869 1067 discussionis¹
1888 997 2050 1067 examine

265 1127 358 1239 scopu
332 1125 426 1238 hipra
472 1121 645 1216 meipsum
662 1117 913 1215 compulerunt
933 1123 1079 1215 propria
1097 1140 1206 1187 manu
1224 1113 1354 1187 librum
1373 1130 1611 1188 memoratum
1634 1139 1754 1186 meum
1774 1115 1811 1185 in
1829 1115 1948 1211 ignem
1966 1139 2051 1213 pro·

465 1241 583 1334 jiccre.
601 1237 683 1307 Et'
658 1261 707 1307 src
726 1236 934 1308 combustus
947 1251 1017 1326 est,
1039 1251 1078 1308 ut
1099 1251 1218 1307 tamen
1232 1261 1344 1333 quum
1365 1235 1453 1308 nihil
1472 1235 1591 1307 dicere
1608 1233 1825 1324 viderentur,
1839 1233 1986 1332 quidam
2003 1235 2050 1307 de

469 1355 675 1427 adversariis
702 1356 790 1426 meis
819 1354 857 1425 id
885 1353 1224 1444 submurmuravit¹,
1252 1355 1387 1450 quod
1379 1379 1415 1428 m
1446 1353 1539 1426 libro
1569 1355 1740 1453 scriptum
1767 1352 2049 1452 deprehenderat

468 1478 583 1547 solum
601 1481 717 1548 Deum
731 1476 1183 1573 patrem⁸omnipotentem
1207 1499 1294 1546 esse.
1319 1473 1428 1562 Quod
1450 1498 1563 1570 quum
1584 1473 1719 1571 legatus
1737 1472 2046 1564 subintellexisset,

381 1683 385 1694 Ι
468 1596 571 1667 valde
602 1595 782 1667 admirans
809 1595 843 1666 ei
865 1595 1049 1694 respondit
1069 1595 1139 1665 hoc
1156 1619 1223 1667 nec
1246 1594 1291 1666 de
1311 1593 1482 1692 puerulo⁸
1505 1593 1625 1691 aliquo
1650 1591 1748 1664 credi
1770 1591 1922 1682 debere,
1949 1594 2048 1689 quod

469 1715 560 1785 adeo
574 1731 727 1804 erraret,
743 1738 856 1812 quum
877 1715 1096 1804 communis,
1111 1715 1244 1811 inquit,
1266 1713 1354 1786 fides
1373 1729 1408 1785 ct
1424 1728 1543 1786 teneat
1564 1729 1599 1784 et
1617 1710 1826 1812 profiteatur
1847 1727 1917 1784 tres
1934 1714 2050 1786 omni·

469 1849 631 1928 potentes
640 1857 727 1906 esse.
739 1837 822 1921 Quo
836 1833 959 1906 audito
971 1835 1131 1906 Tetricus
1142 1832 1304 1930 quidam,
1322 1833 1525 1904 scholarum
1537 1833 1714 1931 magister,
1730 1831 1914 1904 irridendo
1929 1832 2049 1904 subin·

469 1952 546 2022 tulit
555 1951 642 2024 illud
656 1952 872 2024 Athanasii⁸:
893 1982 911 2022 u
926 1955 970 2023 Et
988 1968 1107 2026 tamen
1121 1975 1195 2024 non
1210 1968 1281 2024 tres
1293 1953 1576 2051 omnipotentes,
1596 1952 1659 2024 sed
1673 1977 1765 2024 unus
1779 1953 2044 2051 omnipotens.»

467 2071 582 2156 Quem
593 2095 706 2167 quum
726 2070 914 2168 episcopus
928 2095 1013 2142 suus
1025 2071 1209 2169 increpare
1222 2072 1401 2169 coepisset,
1417 2087 1453 2142 et
1467 2073 1660 2171 reprimere
1676 2072 1778 2168 quasi
1796 2095 1917 2159 mum,
1936 2074 2047 2169 quiin

466 2191 684 2285 majestatem
697 2181 929 2287 loqueretur,
947 2189 1116 2262 audacter
1128 2191 1187 2264 ille
1200 2191 1344 2280 restitit,
1360 2205 1398 2262 et
1409 2192 1510 2287 quasi
1529 2191 1684 2264 Danielis
1701 2191 1811 2264 verba
1829 2216 2048 2264 commemo-

467 2333 561 2398 rans,
584 2310 654 2380 ait⁸
671 2337 679 2377 :
696 2339 713 2377 u
731 2311 788 2380 Sic
802 2310 887 2380 latui
906 2309 968 2381 filii
985 2309 1109 2398 lsrael,
1134 2335 1208 2382 non
1222 2309 1437 2406 judicantes,
1456 2334 1573 2408 neque
1591 2311 1692 2408 quod
1706 2337 1829 2384 vuum
1847 2327 1901 2386 est
1919 2337 2048 2410 cogno·

465 2445 617 2520 scentes,
639 2430 903 2501 condemnastis
926 2428 1039 2500 lilium
1058 2428 1176 2501 lsrael.
1200 2431 1426 2502 Revertimini
1443 2430 1697 2526 adjudicium,
1714 2445 1750 2503 et
1767 2431 1814 2504 de
1831 2433 1909 2530 ipso
1928 2432 2048 2528 judice

462 2548 639 2641 judicate,
680 2551 743 2646 qui
774 2549 880 2621 talem
911 2549 1069 2646 judicem
1097 2551 1198 2646 quasi
1228 2550 1275 2621 ad
1303 2551 1573 2623 instructionem
1602 2550 1687 2623 fidei
1721 2566 1758 2624 et
1789 2555 2047 2626 correctionem

465 2670 616 2738 erroris⁷
635 2669 852 2760 instituistis,
878 2671 940 2767 qui
963 2694 1076 2767 quum
1092 2669 1253 2765 judicare
1273 2669 1437 2760 deberet,
1463 2695 1526 2742 ore
1546 2695 1584 2742 se
1608 2672 1756 2770 proprio
1780 2672 2043 2746 condemnavit.

465 2789 590 2858 Divina
613 2787 723 2860 hodie
746 2788 987 2860 misericordia
1010 2774 1238 2860 innocentem
1265 2803 1445 2887 patenter,
1466 2791 1556 2862 sictu
1582 2789 1669 2860 olim
1689 2793 1886 2862 Susannam
1910 2815 1932 2862 a
1954 2792 2048 2864 lalsis

464 2906 740 2997 accusatoribus,
753 2907 911 2980 libemte.
927 2935 944 2974 u
958 2910 1057 2978 tunc
1067 2907 1354 3006 archiepiscopus
1368 2933 1566 3006 assurgens,
1582 2908 1712 2999 verbis,
1725 2925 1833 3010 prout
1841 2911 2044 3008 oportebat,

464 3029 709 3116 commutatis,
732 3027 943 3100 sententiam
961 3027 1065 3123 legati
1088 3027 1329 3118 confirmavit,
1357 3029 1498 3101 dicens:
1515 3057 1534 3098 u
1546 3033 1697 3119 Revera,
1720 3029 1888 3120 domine,
1909 3033 2043 3128 iuquit,

465 3145 694 3241 omnipotens
709 3159 822 3243 pater,
840 3147 1070 3244 omnipotens
1086 3145 1196 3236 lilius,
1218 3148 1448 3246 omnipotens
1460 3149 1603 3248 spiritus
1616 3165 1770 3224 smrctus.
1788 3155 1833 3223 Et
1844 3152 1907 3247 qui
1918 3151 2046 3222 abhoc

460 3247 639 3354 dissentit,
661 3279 782 3361 aperte
804 3263 928 3336 devius
950 3279 1021 3352 est,
1045 3290 1112 3338 nec
1129 3281 1182 3338 est
1201 3267 1411 3340 audiendus.
1434 3273 1477 3341 Et
1501 3270 1612 3342 modo
1636 3272 1666 3342 si
1682 3271 1815 3368 placet,
1837 3271 1977 3346 bonum
1994 3288 2047 3345 est

464 3399 503 3452 ut
517 3383 622 3453 frater
638 3383 697 3454 ille
714 3382 822 3456 fidem
847 3409 947 3457 suam
972 3410 1094 3457 comm
1119 3386 1287 3459 omnibus
1306 3405 1479 3487 exponat,
1501 3406 1539 3463 ut
1561 3393 1651 3489 ipsa,
1671 3407 1779 3491 prout
1800 3407 1960 3492 oportet,
1985 3391 2040 3466 vel

461 3500 691 3600 approbetur,
702 3503 757 3574 vel
770 3503 1005 3603 improbetur,
1021 3522 1128 3602 atque
1140 3507 1347 3604 corrigatur.
1361 3536 1378 3576 a
1394 3512 1515 3597 Quum
1528 3525 1647 3584 autem
1662 3537 1729 3610 ego
1742 3512 1789 3584 ad
1800 3511 2038 3611 profitendum

461 3635 496 3691 et
520 3621 770 3719 exponendam
793 3621 901 3694 fidem
928 3647 1045 3694 meam
1065 3618 1309 3724 assumerem,
1337 3642 1375 3700 ut
1397 3629 1497 3726 quod
1519 3630 1715 3704 sentiebam
1743 3631 1859 3704 verbis
1886 3633 2039 3730 propriis

460 3742 713 3836 exprimerem,
734 3742 925 3814 adversarii
944 3742 1111 3817 dixerunt
1128 3769 1202 3818 non
1216 3745 1314 3820 aliud
1329 3747 1415 3820 mihi
1433 3751 1685 3822 necessarium⁸
1698 3775 1788 3841 esse,
1808 3753 1877 3824 nisi
1889 3767 1929 3824 ut
1946 3777 2038 3848 sym·

460 3857 584 3930 bolum
597 3861 774 3934 Athanasii
789 3863 998 3954 recitarem⁹,
1014 3865 1114 3962 quod
1131 3867 1247 3964 quivis
1261 3893 1352 3968 puer
1367 3893 1468 3967 aequa
1485 3871 1599 3942 facere
1612 3887 1744 3969 posset.
1760 3877 1810 3944 Ac
1823 3897 1869 3944 ne
1879 3898 1922 3946 ex
1935 3873 2037 3970 igno·
2132 3893 2138 3904 ·

459 3981 573 4050 rantia
598 3981 853 4077 praetenderem
878 3985 1159 4076 excusationem,
1183 3989 1284 4087 quasi
1301 3990 1363 4084 qui
1386 3989 1493 4061 verba
1511 3989 1570 4061 illa
1591 3992 1629 4062 in
1656 4017 1721 4062 usu
1748 4017 1823 4064 non
1847 3992 2034 4084 haberem,

459 4100 671 4197 scripturam
694 4099 740 4172 ad
758 4101 949 4198 legendum
968 4104 1084 4177 afferri
1102 4107 1272 4178 lecerunt.
1294 4111 1376 4204 Legi
1392 4110 1487 4180 inter
1502 4111 1668 4209 suspiria,
1689 4111 1861 4210 singultus
1875 4129 1911 4184 et
1928 4113 2039 4208 lacry-

460 4241 548 4307 mas,
559 4235 667 4318 prcut
678 4221 792 4318 potui.
804 4221 892 4294 lude
905 4225 1005 4320 quasi
1019 4249 1101 4296 reus
1114 4239 1149 4297 et
1162 4229 1346 4298 convictus
1360 4228 1479 4300 abbati
1487 4233 1606 4302 Sancti
1615 4231 1774 4304 Madardi
1780 4238 1811 4324 ¹⁸,
1827 4235 1890 4330 qui
1900 4233 2035 4323 aderat,

458 4339 623 4428 traditus,
644 4338 692 4410 ad
707 4339 901 4413 claustrum
919 4343 995 4439 ejus
1017 4360 1188 4441 tanquam
1205 4345 1251 4416 ad
1276 4369 1456 4420 carcerem
1474 4347 1612 4440 trahor,
1640 4355 1829 4450 statimque
1846 4353 2037 4426 concilium

455 4459 614 4530 solvitur.
638 4459 755 4531 Abbas
772 4476 891 4533 autem
909 4477 945 4535 et
959 4462 1125 4535 monachi
1140 4465 1231 4536 illius
1250 4469 1454 4540 monasterii
1473 4491 1531 4540 me
1543 4469 1612 4542 sibi
1629 4497 1876 4545 remansurum
1895 4473 2039 4546 ulterius

455 4576 681 4667 arbitrantes,
702 4605 842 4653 summa
860 4581 1076 4654 exultatione
1094 4601 1342 4683 susceperunt,
1363 4602 1499 4660 etcum
1514 4592 1613 4662 omni
1627 4591 1808 4689 diligentia
1826 4607 2034 4683 tractantes,

455 4696 632 4766 consolari
655 4697 782 4770 frustra
802 4697 1021 4775 nitebantur.
1053 4704 1149 4774 Deus
1170 4705 1232 4801 qui
1256 4705 1394 4799 judicas
1420 4710 1639 4805 aequitatem,
1660 4725 1796 4807 quanto
1817 4725 1905 4804 tunc
1928 4713 2037 4785 animi

455 4809 550 4898 felle,
571 4829 703 4908 quanta
731 4818 859 4886 mentis
887 4818 1125 4891 amaritudine
1150 4822 1304 4919 teipsum
1326 4825 1472 4897 insanus
1481 4830 1498 4864 ¹¹
1523 4828 1732 4925 arguebam,
1760 4844 1793 4901 te
1825 4829 2037 4903 furibundus

486 5053 615 5104 'ouem
583 5071 636 5106 rrau
649 5035 760 5106 ’ΒΜδμ-
770 5055 1054 5113 ’διωιινναυίεΒΜὸμ-
1063 5061 1168 5113 'Solum
1185 5079 1230 5126 pu·
1261 5063 1411 5118 'uocatum
1429 5067 1479 5119 llS.
1502 5068 1616 5118 luth.-
1624 5067 1786 5136 ’husmerae
1802 5067 1919 5120 aas-
1937 5069 2036 5120 “Vide

451 5137 594 5187 tremDeum
604 5139 672 5193 tau
680 5165 712 5176 -
722 5139 913 5192 Quaestotts
925 5144 1036 5196 Amb—
1042 5145 1228 5210 Qtnsymtoto
1263 5161 1313 5201 not.
1327 5167 1438 5202 saxu.-
1443 5151 1646 5204 ἯΒὶοΑΒῦμ
1630 5155 1756 5217 -lnsamia
1769 5153 1835 5205 Edit
1850 5154 1921 5204 amb.

450 5249 483 5278 .-
495 5223 601 5275 ‘Daniel
615 5241 671 5291 cap.
684 5239 743 5290 xrrt,
766 5241 789 5276 v.
809 5229 849 5278 tt.
860 5255 893 5265 -
904 5229 1043 5284 'Erremus
1052 5233 1103 5284 tts.
1115 5231 1230 5286 amb.-
