<?xml version="1.0" encoding="UTF-8"?>
<!DOCTYPE html PUBLIC "-//W3C//DTD XHTML 1.0 Transitional//EN"
    "http://www.w3.org/TR/xhtml1/DTD/xhtml1-transitional.dtd">
<html xmlns="http://www.w3.org/1999/xhtml" xml:lang="en" lang="en">
 <head>
  <title>
</title>
<meta http-equiv="Content-Type" content="text/html;charset=utf-8" />
  <meta name='ocr-system' content='tesseract 3.04.00' />
  <meta name='ocr-capabilities' content='ocr_page ocr_carea ocr_par ocr_line ocrx_word'/>
</head>
<body>
  <div class='ocr_page' id='page_1' title='image "./petriablardiope01despgoog_0085.png"; bbox 0 0 4522 6102; ppageno 0'>
   <div class='ocr_carea' id='block_1_1' title="bbox 470 579 1506 668">
    <p class='ocr_par' dir='ltr' id='par_1_1' title="bbox 470 579 1506 668">
     <span class='ocr_line' id='line_1_1' title="bbox 470 579 1506 668; baseline -0.002 -14"><span class='ocrx_word' id='word_1_1' title='bbox 470 585 518 660; x_wconf 75' lang='lat' dir='ltr'><strong>ro</strong></span> <span class='ocrx_word' id='word_1_2' title='bbox 1013 581 1206 655; x_wconf 77' lang='lat' dir='ltr'><strong>ANDREAE</strong></span> <span class='ocrx_word' id='word_1_3' title='bbox 1229 579 1506 668; x_wconf 71' lang='lat' dir='ltr'><strong>QllfflCli&#39;thl</strong></span> 
     </span>
    </p>
   </div>
   <div class='ocr_carea' id='block_1_2' title="bbox 432 717 2053 3029">
    <p class='ocr_par' dir='ltr' id='par_1_2' title="bbox 432 717 2053 3029">
     <span class='ocr_line' id='line_1_2' title="bbox 470 717 2048 794; baseline -0.003 -13"><span class='ocrx_word' id='word_1_4' title='bbox 470 720 563 781; x_wconf 73' lang='lat' dir='ltr'><strong>sedent</strong></span> <span class='ocrx_word' id='word_1_5' title='bbox 584 719 930 794; x_wconf 79' lang='lat' dir='ltr'><strong>apostolicatusppnllsrit.</strong></span> <span class='ocrx_word' id='word_1_6' title='bbox 949 719 1045 778; x_wconf 84' lang='lat' dir='ltr'><strong>Sedet</strong></span> <span class='ocrx_word' id='word_1_7' title='bbox 1059 730 1153 794; x_wconf 80' lang='lat' dir='ltr'><strong>pestes</strong></span> <span class='ocrx_word' id='word_1_8' title='bbox 1167 719 1203 775; x_wconf 85' lang='lat' dir='ltr'><strong>ab</strong></span> <span class='ocrx_word' id='word_1_9' title='bbox 1215 721 1329 792; x_wconf 72' lang='lat' dir='ltr'><strong>egregio</strong></span> <span class='ocrx_word' id='word_1_10' title='bbox 1342 717 1391 776; x_wconf 89' lang='lat' dir='ltr'><strong>illo</strong></span> <span class='ocrx_word' id='word_1_11' title='bbox 1403 717 1545 776; x_wconf 76' lang='lat' dir='ltr'><strong>catholice</strong></span> <span class='ocrx_word' id='word_1_12' title='bbox 1559 717 1622 774; x_wconf 82' lang='lat' dir='ltr'><strong>fadai</strong></span> <span class='ocrx_word' id='word_1_13' title='bbox 1637 718 1770 774; x_wconf 78' lang='lat' dir='ltr'><strong>advocato</strong></span> <span class='ocrx_word' id='word_1_14' title='bbox 1782 720 1919 787; x_wconf 86' lang='lat' dir='ltr'><strong>monitos,</strong></span> <span class='ocrx_word' id='word_1_15' title='bbox 1933 721 1976 774; x_wconf 82' lang='lat' dir='ltr'><strong>sel</strong></span> <span class='ocrx_word' id='word_1_16' title='bbox 1990 722 2048 794; x_wconf 81' lang='lat' dir='ltr'><strong>jam</strong></span> 
     </span>
     <span class='ocr_line' id='line_1_3' title="bbox 464 811 2049 889; baseline 0 -19"><span class='ocrx_word' id='word_1_17' title='bbox 464 815 556 876; x_wconf 69' lang='lat' dir='ltr'><strong>senno</strong></span> <span class='ocrx_word' id='word_1_18' title='bbox 573 814 601 876; x_wconf 87' lang='lat' dir='ltr'><strong>in</strong></span> <span class='ocrx_word' id='word_1_19' title='bbox 615 831 760 887; x_wconf 82' lang='lat' dir='ltr'><strong>personam</strong></span> <span class='ocrx_word' id='word_1_20' title='bbox 775 830 853 872; x_wconf 83' lang='lat' dir='ltr'><strong>snam</strong></span> <span class='ocrx_word' id='word_1_21' title='bbox 865 813 940 872; x_wconf 82' lang='lat' dir='ltr'><strong>nihil</strong></span> <span class='ocrx_word' id='word_1_22' title='bbox 956 813 1109 889; x_wconf 76' lang='lat' dir='ltr'><strong>agendum,</strong></span> <span class='ocrx_word' id='word_1_23' title='bbox 1124 811 1306 886; x_wconf 74' lang='lat' dir='ltr'>responderet</span> <span class='ocrx_word' id='word_1_24' title='bbox 1317 823 1376 869; x_wconf 76' lang='lat' dir='ltr'><strong>nm</strong></span> <span class='ocrx_word' id='word_1_25' title='bbox 1389 812 1477 870; x_wconf 73' lang='lat' dir='ltr'><strong>libere</strong></span> <span class='ocrx_word' id='word_1_26' title='bbox 1489 831 1572 886; x_wconf 86' lang='lat' dir='ltr'><strong>qnam</strong></span> <span class='ocrx_word' id='word_1_27' title='bbox 1585 829 1694 881; x_wconf 65' lang='lat' dir='ltr'><strong>amere,</strong></span> <span class='ocrx_word' id='word_1_28' title='bbox 1709 811 1865 869; x_wconf 86' lang='lat' dir='ltr'><strong>audiendus</strong></span> <span class='ocrx_word' id='word_1_29' title='bbox 1879 823 2002 882; x_wconf 74' lang='lat' dir='ltr'><strong>manans,</strong></span> <span class='ocrx_word' id='word_1_30' title='bbox 2019 828 2049 871; x_wconf 83' lang='lat' dir='ltr'><strong>et</strong></span> 
     </span>
     <span class='ocr_line' id='line_1_4' title="bbox 469 905 2049 981; baseline 0.001 -19"><span class='ocrx_word' id='word_1_31' title='bbox 469 906 600 966; x_wconf 85' lang='lat' dir='ltr'><strong>ferendus</strong></span> <span class='ocrx_word' id='word_1_32' title='bbox 612 910 642 966; x_wconf 91' lang='lat' dir='ltr'><strong>in</strong></span> <span class='ocrx_word' id='word_1_33' title='bbox 655 909 730 968; x_wconf 80' lang='lat' dir='ltr'><strong>omni</strong></span> <span class='ocrx_word' id='word_1_34' title='bbox 743 906 892 979; x_wconf 76' lang='lat' dir='ltr'><strong>pedenna,</strong></span> <span class='ocrx_word' id='word_1_35' title='bbox 907 925 965 966; x_wconf 83' lang='lat' dir='ltr'><strong>non</strong></span> <span class='ocrx_word' id='word_1_36' title='bbox 973 907 1117 962; x_wconf 71' lang='lat' dir='ltr'><strong>muntia</strong></span> <span class='ocrx_word' id='word_1_37' title='bbox 1127 905 1218 980; x_wconf 86' lang='lat' dir='ltr'><strong>aliqua</strong></span> <span class='ocrx_word' id='word_1_38' title='bbox 1232 905 1373 964; x_wconf 84' lang='lat' dir='ltr'><strong>feriendus</strong></span> <span class='ocrx_word' id='word_1_39' title='bbox 1385 930 1391 960; x_wconf 88' lang='lat'>:</span> <span class='ocrx_word' id='word_1_40' title='bbox 1402 906 1457 962; x_wconf 91' lang='lat' dir='ltr'><strong>hoc</strong></span> <span class='ocrx_word' id='word_1_41' title='bbox 1471 924 1584 981; x_wconf 84' lang='lat' dir='ltr'><strong>qnoque</strong></span> <span class='ocrx_word' id='word_1_42' title='bbox 1596 905 1766 962; x_wconf 83' lang='lat' dir='ltr'><strong>omnimodis</strong></span> <span class='ocrx_word' id='word_1_43' title='bbox 1778 909 1923 962; x_wconf 73' lang='lat' dir='ltr'><strong>resumsit.</strong></span> <span class='ocrx_word' id='word_1_44' title='bbox 1938 908 2009 963; x_wconf 81' lang='lat' dir='ltr'><strong>Nam</strong></span> <span class='ocrx_word' id='word_1_45' title='bbox 2020 921 2049 964; x_wconf 87' lang='lat' dir='ltr'><strong>et</strong></span> 
     </span>
     <span class='ocr_line' id='line_1_5' title="bbox 470 998 2049 1074; baseline -0.003 -14"><span class='ocrx_word' id='word_1_46' title='bbox 470 999 608 1060; x_wconf 83' lang='lat' dir='ltr'><strong>confessus</strong></span> <span class='ocrx_word' id='word_1_47' title='bbox 622 1010 664 1058; x_wconf 83' lang='lat' dir='ltr'><strong>nst</strong></span> <span class='ocrx_word' id='word_1_48' title='bbox 675 1009 769 1072; x_wconf 77' lang='lat' dir='ltr'><strong>postte</strong></span> <span class='ocrx_word' id='word_1_49' title='bbox 782 1001 852 1069; x_wconf 82' lang='lat' dir='ltr'><strong>suis,</strong></span> <span class='ocrx_word' id='word_1_50' title='bbox 869 1011 900 1056; x_wconf 89' lang='lat' dir='ltr'><strong>ut</strong></span> <span class='ocrx_word' id='word_1_51' title='bbox 911 1001 1006 1068; x_wconf 73' lang='lat' dir='ltr'><strong>dunt,</strong></span> <span class='ocrx_word' id='word_1_52' title='bbox 1019 998 1099 1073; x_wconf 80' lang='lat' dir='ltr'><strong>quon</strong></span> <span class='ocrx_word' id='word_1_53' title='bbox 1109 1019 1140 1056; x_wconf 83' lang='lat' dir='ltr'><strong>ca</strong></span> <span class='ocrx_word' id='word_1_54' title='bbox 1154 1000 1223 1056; x_wconf 83' lang='lat' dir='ltr'><strong>bore</strong></span> <span class='ocrx_word' id='word_1_55' title='bbox 1236 1000 1354 1056; x_wconf 77' lang='lat' dir='ltr'><strong>maxima</strong></span> <span class='ocrx_word' id='word_1_56' title='bbox 1367 999 1480 1074; x_wconf 87' lang='lat' dir='ltr'><strong>quidem</strong></span> <span class='ocrx_word' id='word_1_57' title='bbox 1493 1017 1527 1055; x_wconf 82' lang='lat' dir='ltr'><strong>ex</strong></span> <span class='ocrx_word' id='word_1_58' title='bbox 1540 1009 1617 1072; x_wconf 91' lang='lat' dir='ltr'><strong>parte</strong></span> <span class='ocrx_word' id='word_1_59' title='bbox 1630 1001 1765 1056; x_wconf 72' lang='lat' dir='ltr'><strong>memmio</strong></span> <span class='ocrx_word' id='word_1_60' title='bbox 1780 1000 1841 1071; x_wconf 86' lang='lat' dir='ltr'><strong>ejus</strong></span> <span class='ocrx_word' id='word_1_61' title='bbox 1859 1001 1969 1056; x_wconf 86' lang='lat' dir='ltr'><strong>turbata</strong></span> <span class='ocrx_word' id='word_1_62' title='bbox 1988 1001 2049 1056; x_wconf 80' lang='lat' dir='ltr'><strong>fue-</strong></span> 
     </span>
     <span class='ocr_line' id='line_1_6' title="bbox 468 1091 2051 1167; baseline 0.003 -22"><span class='ocrx_word' id='word_1_63' title='bbox 468 1093 519 1163; x_wconf 90' lang='lat' dir='ltr'><strong>rit,</strong></span> <span class='ocrx_word' id='word_1_64' title='bbox 534 1092 605 1151; x_wconf 86' lang='lat' dir='ltr'><strong>ratio</strong></span> <span class='ocrx_word' id='word_1_65' title='bbox 618 1091 792 1167; x_wconf 74' lang='lat' dir='ltr'><strong>caligarent,</strong></span> <span class='ocrx_word' id='word_1_66' title='bbox 805 1095 963 1150; x_wconf 87' lang='lat' dir='ltr'><strong>etinterior</strong></span> <span class='ocrx_word' id='word_1_67' title='bbox 981 1093 1208 1166; x_wconf 70' lang='lat' dir='ltr'><strong>tegernsenses.</strong></span> <span class='ocrx_word' id='word_1_68' title='bbox 1224 1091 1414 1150; x_wconf 79' lang='lat' dir='ltr'><strong>Nihihominus</strong></span> <span class='ocrx_word' id='word_1_69' title='bbox 1434 1103 1527 1148; x_wconf 85' lang='lat' dir='ltr'><strong>temen</strong></span> <span class='ocrx_word' id='word_1_70' title='bbox 1545 1092 1659 1150; x_wconf 82' lang='lat' dir='ltr'><strong>eeclesia</strong></span> <span class='ocrx_word' id='word_1_71' title='bbox 1677 1109 1739 1166; x_wconf 76' lang='lat' dir='ltr'><strong>que</strong></span> <span class='ocrx_word' id='word_1_72' title='bbox 1759 1103 1925 1148; x_wconf 83' lang='lat' dir='ltr'><strong>convenerat</strong></span> <span class='ocrx_word' id='word_1_73' title='bbox 1944 1093 2051 1150; x_wconf 84' lang='lat' dir='ltr'><strong>dimisit</strong></span> 
     </span>
     <span class='ocr_line' id='line_1_7' title="bbox 467 1183 2050 1258; baseline 0.003 -22"><span class='ocrx_word' id='word_1_74' title='bbox 467 1184 623 1252; x_wconf 82' lang='lat' dir='ltr'><strong>hominem,</strong></span> <span class='ocrx_word' id='word_1_75' title='bbox 643 1185 771 1247; x_wconf 76' lang='lat' dir='ltr'><strong>inuitauit</strong></span> <span class='ocrx_word' id='word_1_76' title='bbox 787 1185 1066 1257; x_wconf 86' lang='lat' dir='ltr'><strong>abominationem,a</strong></span> <span class='ocrx_word' id='word_1_77' title='bbox 1082 1203 1197 1258; x_wconf 81' lang='lat' dir='ltr'><strong>persona</strong></span> <span class='ocrx_word' id='word_1_78' title='bbox 1218 1184 1376 1253; x_wconf 77' lang='lat' dir='ltr'><strong>abstinens,</strong></span> <span class='ocrx_word' id='word_1_79' title='bbox 1398 1184 1446 1240; x_wconf 90' lang='lat' dir='ltr'><strong>sed</strong></span> <span class='ocrx_word' id='word_1_80' title='bbox 1467 1183 1598 1258; x_wconf 76' lang='lat' dir='ltr'><strong>dogmata</strong></span> <span class='ocrx_word' id='word_1_81' title='bbox 1617 1203 1700 1256; x_wconf 85' lang='lat' dir='ltr'><strong>prava</strong></span> <span class='ocrx_word' id='word_1_82' title='bbox 1718 1184 1915 1240; x_wconf 87' lang='lat' dir='ltr'><strong>condemnans.</strong></span> <span class='ocrx_word' id='word_1_83' title='bbox 1930 1185 2050 1255; x_wconf 80' lang='lat' dir='ltr'><strong>Quando</strong></span> 
     </span>
     <span class='ocr_line' id='line_1_8' title="bbox 467 1275 2050 1350; baseline 0.003 -24"><span class='ocrx_word' id='word_1_84' title='bbox 467 1293 530 1332; x_wconf 86' lang='lat' dir='ltr'><strong>vero</strong></span> <span class='ocrx_word' id='word_1_85' title='bbox 543 1276 643 1335; x_wconf 83' lang='lat' dir='ltr'><strong>Petrus</strong></span> <span class='ocrx_word' id='word_1_86' title='bbox 659 1276 706 1332; x_wconf 85' lang='lat' dir='ltr'><strong>ille</strong></span> <span class='ocrx_word' id='word_1_87' title='bbox 728 1277 867 1349; x_wconf 75' lang='lat' dir='ltr'><strong>refugium</strong></span> <span class='ocrx_word' id='word_1_88' title='bbox 889 1278 1026 1335; x_wconf 86' lang='lat' dir='ltr'><strong>inveniret</strong></span> <span class='ocrx_word' id='word_1_89' title='bbox 1038 1278 1068 1332; x_wconf 91' lang='lat' dir='ltr'><strong>in</strong></span> <span class='ocrx_word' id='word_1_90' title='bbox 1085 1277 1150 1334; x_wconf 84' lang='lat' dir='ltr'><strong>sede</strong></span> <span class='ocrx_word' id='word_1_91' title='bbox 1168 1276 1243 1334; x_wconf 86' lang='lat' dir='ltr'><strong>Petri</strong></span> <span class='ocrx_word' id='word_1_92' title='bbox 1264 1287 1320 1330; x_wconf 80' lang='lat' dir='ltr'><strong>tera</strong></span> <span class='ocrx_word' id='word_1_93' title='bbox 1335 1276 1418 1350; x_wconf 77' lang='lat' dir='ltr'><strong>louge</strong></span> <span class='ocrx_word' id='word_1_94' title='bbox 1430 1276 1567 1332; x_wconf 77' lang='lat' dir='ltr'><strong>dissidens</strong></span> <span class='ocrx_word' id='word_1_95' title='bbox 1584 1295 1600 1332; x_wconf 83' lang='lat' dir='ltr'><strong>s</strong></span> <span class='ocrx_word' id='word_1_96' title='bbox 1617 1275 1671 1331; x_wconf 78' lang='lat' dir='ltr'><strong>fide</strong></span> <span class='ocrx_word' id='word_1_97' title='bbox 1696 1275 1792 1331; x_wconf 83' lang='lat' dir='ltr'><strong>Petri?</strong></span> <span class='ocrx_word' id='word_1_98' title='bbox 1815 1275 1850 1330; x_wconf 87' lang='lat' dir='ltr'><strong>Et</strong></span> <span class='ocrx_word' id='word_1_99' title='bbox 1870 1278 1962 1348; x_wconf 87' lang='lat' dir='ltr'><strong>ipsum</strong></span> <span class='ocrx_word' id='word_1_100' title='bbox 1982 1295 2050 1350; x_wconf 76' lang='lat' dir='ltr'><strong>ergo</strong></span> 
     </span>
     <span class='ocr_line' id='line_1_9' title="bbox 468 1367 2049 1442; baseline 0.003 -22"><span class='ocrx_word' id='word_1_101' title='bbox 468 1379 608 1426; x_wconf 79' lang='lat' dir='ltr'><strong>auctorem</strong></span> <span class='ocrx_word' id='word_1_102' title='bbox 623 1368 720 1424; x_wconf 84' lang='lat' dir='ltr'><strong>eadem</strong></span> <span class='ocrx_word' id='word_1_103' title='bbox 733 1371 870 1428; x_wconf 76' lang='lat' dir='ltr'><strong>sententia</strong></span> <span class='ocrx_word' id='word_1_104' title='bbox 882 1388 945 1426; x_wconf 86' lang='lat' dir='ltr'><strong>curn</strong></span> <span class='ocrx_word' id='word_1_105' title='bbox 959 1369 1102 1424; x_wconf 88' lang='lat' dir='ltr'><strong>erroribus</strong></span> <span class='ocrx_word' id='word_1_106' title='bbox 1109 1369 1167 1424; x_wconf 88' lang='lat' dir='ltr'><strong>suis</strong></span> <span class='ocrx_word' id='word_1_107' title='bbox 1176 1367 1343 1442; x_wconf 86' lang='lat' dir='ltr'><strong>apostoliens</strong></span> <span class='ocrx_word' id='word_1_108' title='bbox 1355 1369 1454 1442; x_wconf 69' lang='lat' dir='ltr'><strong>precam</strong></span> <span class='ocrx_word' id='word_1_109' title='bbox 1464 1369 1613 1435; x_wconf 81' lang='lat' dir='ltr'><strong>involvens,</strong></span> <span class='ocrx_word' id='word_1_110' title='bbox 1623 1369 1726 1441; x_wconf 85' lang='lat' dir='ltr'><strong>scripta</strong></span> <span class='ocrx_word' id='word_1_111' title='bbox 1735 1367 1874 1436; x_wconf 83' lang='lat' dir='ltr'><strong>incendio,</strong></span> <span class='ocrx_word' id='word_1_112' title='bbox 1885 1369 2049 1442; x_wconf 74' lang='lat' dir='ltr'><strong>scriptorem</strong></span> 
     </span>
     <span class='ocr_line' id='line_1_10' title="bbox 468 1461 2048 1537; baseline 0.002 -22"><span class='ocrx_word' id='word_1_113' title='bbox 468 1461 579 1518; x_wconf 89' lang='lat' dir='ltr'><strong>silentio</strong></span> <span class='ocrx_word' id='word_1_114' title='bbox 591 1461 818 1520; x_wconf 74' lang='lat' dir='ltr'><strong>condemnarit.»</strong></span> <span class='ocrx_word' id='word_1_115' title='bbox 833 1463 978 1537; x_wconf 79' lang='lat' dir='ltr'><strong>Quidquid</strong></span> <span class='ocrx_word' id='word_1_116' title='bbox 988 1464 1038 1532; x_wconf 87' lang='lat' dir='ltr'><strong>sit,</strong></span> <span class='ocrx_word' id='word_1_117' title='bbox 1053 1463 1237 1536; x_wconf 69' lang='lat' dir='ltr'><strong>semgar-ius</strong></span> <span class='ocrx_word' id='word_1_118' title='bbox 1245 1463 1424 1518; x_wconf 82' lang='lat' dir='ltr'><strong>Pictaviensis</strong></span> <span class='ocrx_word' id='word_1_119' title='bbox 1437 1461 1573 1520; x_wconf 72' lang='lat' dir='ltr'><strong>Abulardi</strong></span> <span class='ocrx_word' id='word_1_120' title='bbox 1587 1461 1729 1536; x_wconf 87' lang='lat' dir='ltr'><strong>quondam</strong></span> <span class='ocrx_word' id='word_1_121' title='bbox 1742 1461 1864 1527; x_wconf 81' lang='lat' dir='ltr'><strong>auditor,</strong></span> <span class='ocrx_word' id='word_1_122' title='bbox 1874 1461 1932 1517; x_wconf 74' lang='lat' dir='ltr'><strong>bec</strong></span> <span class='ocrx_word' id='word_1_123' title='bbox 1944 1463 2048 1532; x_wconf 82' lang='lat' dir='ltr'><strong>videns,</strong></span> 
     </span>
     <span class='ocr_line' id='line_1_11' title="bbox 467 1554 2050 1631; baseline 0.001 -23"><span class='ocrx_word' id='word_1_124' title='bbox 467 1573 568 1610; x_wconf 87' lang='lat' dir='ltr'><strong>nomen</strong></span> <span class='ocrx_word' id='word_1_125' title='bbox 581 1571 613 1608; x_wconf 88' lang='lat' dir='ltr'><strong>an</strong></span> <span class='ocrx_word' id='word_1_126' title='bbox 622 1554 721 1612; x_wconf 87' lang='lat' dir='ltr'><strong>famam</strong></span> <span class='ocrx_word' id='word_1_127' title='bbox 734 1555 856 1612; x_wconf 90' lang='lat' dir='ltr'><strong>doctoris</strong></span> <span class='ocrx_word' id='word_1_128' title='bbox 869 1574 900 1610; x_wconf 88' lang='lat' dir='ltr'><strong>ae</strong></span> <span class='ocrx_word' id='word_1_129' title='bbox 912 1557 1089 1629; x_wconf 67' lang='lat' dir='ltr'><strong>usucapionis</strong></span> <span class='ocrx_word' id='word_1_130' title='bbox 1100 1557 1143 1610; x_wconf 88' lang='lat' dir='ltr'><strong>sui</strong></span> <span class='ocrx_word' id='word_1_131' title='bbox 1155 1565 1225 1609; x_wconf 88' lang='lat' dir='ltr'><strong>tunc</strong></span> <span class='ocrx_word' id='word_1_132' title='bbox 1234 1566 1331 1611; x_wconf 76' lang='lat' dir='ltr'><strong>contra</strong></span> <span class='ocrx_word' id='word_1_133' title='bbox 1344 1573 1440 1610; x_wconf 88' lang='lat' dir='ltr'><strong>omnes</strong></span> <span class='ocrx_word' id='word_1_134' title='bbox 1450 1556 1524 1611; x_wconf 87' lang='lat' dir='ltr'><strong>tueri</strong></span> <span class='ocrx_word' id='word_1_135' title='bbox 1535 1571 1619 1611; x_wconf 87' lang='lat' dir='ltr'><strong>ausus</strong></span> <span class='ocrx_word' id='word_1_136' title='bbox 1628 1563 1679 1610; x_wconf 84' lang='lat' dir='ltr'><strong>est.</strong></span> <span class='ocrx_word' id='word_1_137' title='bbox 1687 1554 1860 1631; x_wconf 78' lang='lat' dir='ltr'><strong>scripsitque</strong></span> <span class='ocrx_word' id='word_1_138' title='bbox 1871 1573 1925 1628; x_wconf 89' lang='lat' dir='ltr'><strong>pro</strong></span> <span class='ocrx_word' id='word_1_139' title='bbox 1933 1573 1967 1611; x_wconf 92' lang='lat' dir='ltr'><strong>eo</strong></span> <span class='ocrx_word' id='word_1_140' title='bbox 1975 1558 2050 1629; x_wconf 81' lang='lat' dir='ltr'><strong>Ape-</strong></span> 
     </span>
     <span class='ocr_line' id='line_1_12' title="bbox 468 1646 2051 1723; baseline 0.002 -22"><span class='ocrx_word' id='word_1_141' title='bbox 468 1648 569 1721; x_wconf 79' lang='lat' dir='ltr'><strong>logiam</strong></span> <span class='ocrx_word' id='word_1_142' title='bbox 584 1647 673 1716; x_wconf 88' lang='lat' dir='ltr'><strong>illam,</strong></span> <span class='ocrx_word' id='word_1_143' title='bbox 688 1665 770 1722; x_wconf 84' lang='lat' dir='ltr'><strong>quarn</strong></span> <span class='ocrx_word' id='word_1_144' title='bbox 784 1650 857 1706; x_wconf 89' lang='lat' dir='ltr'><strong>inter</strong></span> <span class='ocrx_word' id='word_1_145' title='bbox 870 1649 930 1721; x_wconf 82' lang='lat' dir='ltr'><strong>ejus</strong></span> <span class='ocrx_word' id='word_1_146' title='bbox 941 1667 1026 1723; x_wconf 90' lang='lat' dir='ltr'><strong>opera</strong></span> <span class='ocrx_word' id='word_1_147' title='bbox 1040 1649 1209 1706; x_wconf 86' lang='lat' dir='ltr'><strong>nuncetiam</strong></span> <span class='ocrx_word' id='word_1_148' title='bbox 1224 1665 1256 1703; x_wconf 84' lang='lat' dir='ltr'><strong>ea</strong></span> <span class='ocrx_word' id='word_1_149' title='bbox 1268 1648 1440 1704; x_wconf 84' lang='lat' dir='ltr'><strong>bibliotheca</strong></span> <span class='ocrx_word' id='word_1_150' title='bbox 1454 1651 1527 1723; x_wconf 76' lang='lat' dir='ltr'><strong>regis</strong></span> <span class='ocrx_word' id='word_1_151' title='bbox 1540 1647 1762 1704; x_wconf 85' lang='lat' dir='ltr'><strong>christianissimi</strong></span> <span class='ocrx_word' id='word_1_152' title='bbox 1774 1646 1931 1703; x_wconf 83' lang='lat' dir='ltr'><strong>cedendam</strong></span> <span class='ocrx_word' id='word_1_153' title='bbox 1945 1651 2051 1704; x_wconf 80' lang='lat' dir='ltr'><strong>cumvi-</strong></span> 
     </span>
     <span class='ocr_line' id='line_1_13' title="bbox 469 1741 2053 1816; baseline -0.001 -18"><span class='ocrx_word' id='word_1_154' title='bbox 469 1761 530 1798; x_wconf 87' lang='lat' dir='ltr'><strong>rnus</strong></span> <span class='ocrx_word' id='word_1_155' title='bbox 544 1742 637 1815; x_wconf 83' lang='lat' dir='ltr'><strong>[Vide</strong></span> <span class='ocrx_word' id='word_1_156' title='bbox 652 1753 758 1800; x_wconf 83' lang='lat' dir='ltr'><strong>tonsum</strong></span> <span class='ocrx_word' id='word_1_157' title='bbox 777 1743 897 1800; x_wconf 85' lang='lat' dir='ltr'><strong>altorum</strong></span> <span class='ocrx_word' id='word_1_158' title='bbox 915 1745 1031 1815; x_wconf 87' lang='lat' dir='ltr'><strong>hujusce</strong></span> <span class='ocrx_word' id='word_1_159' title='bbox 1052 1761 1130 1798; x_wconf 77' lang='lat' dir='ltr'><strong>novas</strong></span> <span class='ocrx_word' id='word_1_160' title='bbox 1145 1742 1278 1798; x_wconf 85' lang='lat' dir='ltr'><strong>editionis</strong></span> <span class='ocrx_word' id='word_1_161' title='bbox 1298 1743 1329 1796; x_wconf 91' lang='lat' dir='ltr'><strong>in</strong></span> <span class='ocrx_word' id='word_1_162' title='bbox 1344 1741 1544 1816; x_wconf 81' lang='lat' dir='ltr'><strong>Appendioe]‚</strong></span> <span class='ocrx_word' id='word_1_163' title='bbox 1559 1742 1611 1798; x_wconf 81' lang='lat' dir='ltr'><strong>etsi</strong></span> <span class='ocrx_word' id='word_1_164' title='bbox 1626 1741 1735 1815; x_wconf 85' lang='lat' dir='ltr'><strong>plenem</strong></span> <span class='ocrx_word' id='word_1_165' title='bbox 1754 1741 1877 1815; x_wconf 71' lang='lat' dir='ltr'><strong>ingentis</strong></span> <span class='ocrx_word' id='word_1_166' title='bbox 1896 1743 2053 1797; x_wconf 78' lang='lat' dir='ltr'><strong>acrimonias</strong></span> 
     </span>
     <span class='ocr_line' id='line_1_14' title="bbox 469 1833 2049 1908; baseline 0.001 -20"><span class='ocrx_word' id='word_1_167' title='bbox 469 1844 564 1893; x_wconf 85' lang='lat' dir='ltr'><strong>contra</strong></span> <span class='ocrx_word' id='word_1_168' title='bbox 584 1845 709 1895; x_wconf 63' lang='lat' dir='ltr'><strong>unctum</strong></span> <span class='ocrx_word' id='word_1_169' title='bbox 724 1835 907 1892; x_wconf 79' lang='lat' dir='ltr'><strong>Bernardum.</strong></span> <span class='ocrx_word' id='word_1_170' title='bbox 924 1837 1017 1906; x_wconf 88' lang='lat' dir='ltr'><strong>Quare</strong></span> <span class='ocrx_word' id='word_1_171' title='bbox 1031 1847 1060 1891; x_wconf 89' lang='lat' dir='ltr'><strong>et</strong></span> <span class='ocrx_word' id='word_1_172' title='bbox 1072 1836 1109 1891; x_wconf 91' lang='lat' dir='ltr'><strong>ob</strong></span> <span class='ocrx_word' id='word_1_173' title='bbox 1121 1836 1175 1891; x_wconf 87' lang='lat' dir='ltr'><strong>hcc</strong></span> <span class='ocrx_word' id='word_1_174' title='bbox 1188 1845 1284 1908; x_wconf 84' lang='lat' dir='ltr'><strong>postea</strong></span> <span class='ocrx_word' id='word_1_175' title='bbox 1295 1835 1424 1908; x_wconf 78' lang='lat' dir='ltr'><strong>culpatus</strong></span> <span class='ocrx_word' id='word_1_176' title='bbox 1438 1855 1453 1890; x_wconf 89' lang='lat' dir='ltr'><strong>a</strong></span> <span class='ocrx_word' id='word_1_177' title='bbox 1465 1835 1574 1902; x_wconf 90' lang='lat' dir='ltr'><strong>multis,</strong></span> <span class='ocrx_word' id='word_1_178' title='bbox 1590 1853 1618 1889; x_wconf 87' lang='lat' dir='ltr'><strong>se</strong></span> <span class='ocrx_word' id='word_1_179' title='bbox 1630 1835 1770 1890; x_wconf 83' lang='lat' dir='ltr'><strong>excusavit</strong></span> <span class='ocrx_word' id='word_1_180' title='bbox 1785 1834 1861 1908; x_wconf 88' lang='lat' dir='ltr'><strong>quod</strong></span> <span class='ocrx_word' id='word_1_181' title='bbox 1874 1833 2049 1902; x_wconf 78' lang='lat' dir='ltr'><strong>adolescens,</strong></span> 
     </span>
     <span class='ocr_line' id='line_1_15' title="bbox 466 1926 2047 2004; baseline 0 -22"><span class='ocrx_word' id='word_1_182' title='bbox 466 1939 494 1982; x_wconf 92' lang='lat' dir='ltr'><strong>et</strong></span> <span class='ocrx_word' id='word_1_183' title='bbox 504 1929 568 2000; x_wconf 87' lang='lat' dir='ltr'><strong>joco</strong></span> <span class='ocrx_word' id='word_1_184' title='bbox 583 1928 771 2004; x_wconf 80' lang='lat' dir='ltr'><strong>potiusquam</strong></span> <span class='ocrx_word' id='word_1_185' title='bbox 786 1930 857 1987; x_wconf 85' lang='lat' dir='ltr'><strong>serio</strong></span> <span class='ocrx_word' id='word_1_186' title='bbox 869 1930 1031 2001; x_wconf 87' lang='lat' dir='ltr'><strong>scripsisset.</strong></span> <span class='ocrx_word' id='word_1_187' title='bbox 1047 1930 1079 1984; x_wconf 92' lang='lat' dir='ltr'><strong>fd</strong></span> <span class='ocrx_word' id='word_1_188' title='bbox 1091 1931 1166 1984; x_wconf 87' lang='lat' dir='ltr'><strong>enirn</strong></span> <span class='ocrx_word' id='word_1_189' title='bbox 1178 1939 1297 1984; x_wconf 89' lang='lat' dir='ltr'><strong>testatur</strong></span> <span class='ocrx_word' id='word_1_190' title='bbox 1310 1930 1426 2001; x_wconf 79' lang='lat' dir='ltr'><strong>ipsemet</strong></span> <span class='ocrx_word' id='word_1_191' title='bbox 1443 1929 1473 1984; x_wconf 91' lang='lat' dir='ltr'><strong>in</strong></span> <span class='ocrx_word' id='word_1_192' title='bbox 1491 1927 1607 2001; x_wconf 84' lang='lat' dir='ltr'><strong>epistola</strong></span> <span class='ocrx_word' id='word_1_193' title='bbox 1619 1926 1655 1982; x_wconf 87' lang='lat' dir='ltr'><strong>ad</strong></span> <span class='ocrx_word' id='word_1_194' title='bbox 1667 1927 1830 2001; x_wconf 83' lang='lat' dir='ltr'><strong>episcopum</strong></span> <span class='ocrx_word' id='word_1_195' title='bbox 1846 1927 2047 1992; x_wconf 83' lang='lat' dir='ltr'><strong>mimatensem,</strong></span> 
     </span>
     <span class='ocr_line' id='line_1_16' title="bbox 466 2018 2047 2094; baseline 0.001 -21"><span class='ocrx_word' id='word_1_196' title='bbox 466 2031 495 2076; x_wconf 93' lang='lat' dir='ltr'><strong>et</strong></span> <span class='ocrx_word' id='word_1_197' title='bbox 507 2039 540 2076; x_wconf 82' lang='lat' dir='ltr'><strong>ea</strong></span> <span class='ocrx_word' id='word_1_198' title='bbox 550 2038 584 2076; x_wconf 90' lang='lat' dir='ltr'><strong>eo</strong></span> <span class='ocrx_word' id='word_1_199' title='bbox 594 2020 759 2084; x_wconf 80' lang='lat' dir='ltr'><strong>Franciscus</strong></span> <span class='ocrx_word' id='word_1_200' title='bbox 770 2021 920 2078; x_wconf 72' lang='lat' dir='ltr'><strong>petrarcha</strong></span> <span class='ocrx_word' id='word_1_201' title='bbox 934 2021 961 2076; x_wconf 89' lang='lat' dir='ltr'><strong>iu</strong></span> <span class='ocrx_word' id='word_1_202' title='bbox 976 2020 1125 2094; x_wconf 77' lang='lat' dir='ltr'><strong>Apologia,</strong></span> <span class='ocrx_word' id='word_1_203' title='bbox 1140 2021 1189 2076; x_wconf 91' lang='lat' dir='ltr'><strong>ubi</strong></span> <span class='ocrx_word' id='word_1_204' title='bbox 1203 2044 1215 2068; x_wconf 76' lang='lat' dir='ltr'><strong>s</strong></span> <span class='ocrx_word' id='word_1_205' title='bbox 1227 2021 1319 2078; x_wconf 81' lang='lat' dir='ltr'><strong>airuns</strong></span> <span class='ocrx_word' id='word_1_206' title='bbox 1331 2039 1386 2076; x_wconf 91' lang='lat' dir='ltr'><strong>non</strong></span> <span class='ocrx_word' id='word_1_207' title='bbox 1399 2019 1602 2076; x_wconf 70' lang='lat' dir='ltr'><strong>infecundum»</strong></span> <span class='ocrx_word' id='word_1_208' title='bbox 1616 2029 1709 2086; x_wconf 74' lang='lat' dir='ltr'><strong>vemt,</strong></span> <span class='ocrx_word' id='word_1_209' title='bbox 1722 2019 1768 2074; x_wconf 90' lang='lat' dir='ltr'><strong>his</strong></span> <span class='ocrx_word' id='word_1_210' title='bbox 1780 2018 1873 2074; x_wconf 87' lang='lat' dir='ltr'><strong>verbis</strong></span> <span class='ocrx_word' id='word_1_211' title='bbox 1886 2042 1891 2072; x_wconf 92' lang='lat'>:</span> <span class='ocrx_word' id='word_1_212' title='bbox 1904 2019 2047 2074; x_wconf 67' lang='lat' dir='ltr'><strong>«Damna-</strong></span> 
     </span>
     <span class='ocr_line' id='line_1_17' title="bbox 466 2111 2048 2187; baseline -0.001 -20"><span class='ocrx_word' id='word_1_213' title='bbox 466 2117 506 2170; x_wconf 90' lang='lat' dir='ltr'><strong>vit</strong></span> <span class='ocrx_word' id='word_1_214' title='bbox 523 2113 681 2173; x_wconf 77' lang='lat' dir='ltr'><strong>bernardus</strong></span> <span class='ocrx_word' id='word_1_215' title='bbox 692 2113 896 2173; x_wconf 68' lang='lat' dir='ltr'><strong>clarevallensis</strong></span> <span class='ocrx_word' id='word_1_216' title='bbox 907 2114 992 2170; x_wconf 85' lang='lat' dir='ltr'><strong>abbas</strong></span> <span class='ocrx_word' id='word_1_217' title='bbox 1003 2115 1118 2170; x_wconf 84' lang='lat' dir='ltr'><strong>Petrum</strong></span> <span class='ocrx_word' id='word_1_218' title='bbox 1131 2114 1309 2170; x_wconf 75' lang='lat' dir='ltr'><strong>Abalardum</strong></span> <span class='ocrx_word' id='word_1_219' title='bbox 1322 2114 1476 2170; x_wconf 79' lang='lat' dir='ltr'><strong>litteratum</strong></span> <span class='ocrx_word' id='word_1_220' title='bbox 1489 2113 1630 2187; x_wconf 86' lang='lat' dir='ltr'><strong>quondam</strong></span> <span class='ocrx_word' id='word_1_221' title='bbox 1643 2115 1744 2167; x_wconf 84' lang='lat' dir='ltr'><strong>virum.</strong></span> <span class='ocrx_word' id='word_1_222' title='bbox 1760 2113 1835 2167; x_wconf 80' lang='lat' dir='ltr'><strong>linio</strong></span> <span class='ocrx_word' id='word_1_223' title='bbox 1846 2113 1934 2166; x_wconf 87' lang='lat' dir='ltr'><strong>iratus</strong></span> <span class='ocrx_word' id='word_1_224' title='bbox 1944 2111 2048 2166; x_wconf 88' lang='lat' dir='ltr'><strong>Beren-</strong></span> 
     </span>
     <span class='ocr_line' id='line_1_18' title="bbox 468 2205 2048 2281; baseline 0 -21"><span class='ocrx_word' id='word_1_225' title='bbox 468 2209 561 2278; x_wconf 84' lang='lat' dir='ltr'><strong>garius</strong></span> <span class='ocrx_word' id='word_1_226' title='bbox 575 2208 766 2274; x_wconf 77' lang='lat' dir='ltr'><strong>pictaviensis,</strong></span> <span class='ocrx_word' id='word_1_227' title='bbox 781 2209 821 2262; x_wconf 89' lang='lat' dir='ltr'><strong>vir</strong></span> <span class='ocrx_word' id='word_1_228' title='bbox 834 2219 862 2262; x_wconf 90' lang='lat' dir='ltr'><strong>et</strong></span> <span class='ocrx_word' id='word_1_229' title='bbox 876 2209 934 2281; x_wconf 88' lang='lat' dir='ltr'><strong>ipse</strong></span> <span class='ocrx_word' id='word_1_230' title='bbox 947 2226 1003 2262; x_wconf 93' lang='lat' dir='ltr'><strong>nou</strong></span> <span class='ocrx_word' id='word_1_231' title='bbox 1018 2207 1183 2262; x_wconf 89' lang='lat' dir='ltr'><strong>infacundus</strong></span> <span class='ocrx_word' id='word_1_232' title='bbox 1201 2226 1232 2262; x_wconf 91' lang='lat' dir='ltr'><strong>ac</strong></span> <span class='ocrx_word' id='word_1_233' title='bbox 1251 2205 1405 2280; x_wconf 86' lang='lat' dir='ltr'><strong>discipulus</strong></span> <span class='ocrx_word' id='word_1_234' title='bbox 1423 2207 1513 2274; x_wconf 86' lang='lat' dir='ltr'><strong>Petri,</strong></span> <span class='ocrx_word' id='word_1_235' title='bbox 1529 2217 1624 2262; x_wconf 88' lang='lat' dir='ltr'><strong>contra</strong></span> <span class='ocrx_word' id='word_1_236' title='bbox 1643 2205 1817 2262; x_wconf 73' lang='lat' dir='ltr'><strong>bernardum</strong></span> <span class='ocrx_word' id='word_1_237' title='bbox 1837 2205 1940 2260; x_wconf 85' lang='lat' dir='ltr'><strong>librutu</strong></span> <span class='ocrx_word' id='word_1_238' title='bbox 1959 2223 2048 2262; x_wconf 87' lang='lat' dir='ltr'><strong>uuum</strong></span> 
     </span>
     <span class='ocr_line' id='line_1_19' title="bbox 467 2297 2047 2376; baseline -0.006 -15"><span class='ocrx_word' id='word_1_239' title='bbox 467 2300 644 2372; x_wconf 71' lang='lat' dir='ltr'><strong>scripsisses</strong></span> <span class='ocrx_word' id='word_1_240' title='bbox 658 2301 751 2374; x_wconf 79' lang='lat' dir='ltr'><strong>magni</strong></span> <span class='ocrx_word' id='word_1_241' title='bbox 765 2301 879 2376; x_wconf 84' lang='lat' dir='ltr'><strong>quidem</strong></span> <span class='ocrx_word' id='word_1_242' title='bbox 894 2300 1036 2374; x_wconf 82' lang='lat' dir='ltr'><strong>corporis,</strong></span> <span class='ocrx_word' id='word_1_243' title='bbox 1052 2299 1100 2354; x_wconf 89' lang='lat' dir='ltr'><strong>sed</strong></span> <span class='ocrx_word' id='word_1_244' title='bbox 1114 2300 1234 2374; x_wconf 75' lang='lat' dir='ltr'><strong>ingentis</strong></span> <span class='ocrx_word' id='word_1_245' title='bbox 1245 2301 1410 2354; x_wconf 75' lang='lat' dir='ltr'><strong>acrimonia.</strong></span> <span class='ocrx_word' id='word_1_246' title='bbox 1424 2299 1534 2373; x_wconf 84' lang='lat' dir='ltr'><strong>Deque</strong></span> <span class='ocrx_word' id='word_1_247' title='bbox 1548 2299 1725 2372; x_wconf 86' lang='lat' dir='ltr'><strong>postnrodnm</strong></span> <span class='ocrx_word' id='word_1_248' title='bbox 1737 2316 1754 2351; x_wconf 87' lang='lat' dir='ltr'><strong>a</strong></span> <span class='ocrx_word' id='word_1_249' title='bbox 1767 2297 1862 2353; x_wconf 88' lang='lat' dir='ltr'><strong>multis</strong></span> <span class='ocrx_word' id='word_1_250' title='bbox 1873 2299 2047 2370; x_wconf 76' lang='lat' dir='ltr'><strong>increpatus,</strong></span> 
     </span>
     <span class='ocr_line' id='line_1_20' title="bbox 432 2391 1952 2466; baseline -0.002 -18"><span class='ocrx_word' id='word_1_251' title='bbox 432 2409 435 2416; x_wconf 85' lang='lat'>·</span> <span class='ocrx_word' id='word_1_252' title='bbox 466 2411 494 2448; x_wconf 86' lang='lat' dir='ltr'><strong>se</strong></span> <span class='ocrx_word' id='word_1_253' title='bbox 506 2392 644 2448; x_wconf 85' lang='lat' dir='ltr'><strong>excusavit</strong></span> <span class='ocrx_word' id='word_1_254' title='bbox 656 2393 732 2466; x_wconf 91' lang='lat' dir='ltr'><strong>quod</strong></span> <span class='ocrx_word' id='word_1_255' title='bbox 747 2393 905 2453; x_wconf 83' lang='lat' dir='ltr'><strong>adolescens</strong></span> <span class='ocrx_word' id='word_1_256' title='bbox 918 2395 1087 2466; x_wconf 81' lang='lat' dir='ltr'><strong>scripsisset,</strong></span> <span class='ocrx_word' id='word_1_257' title='bbox 1100 2404 1129 2448; x_wconf 86' lang='lat' dir='ltr'><strong>ct</strong></span> <span class='ocrx_word' id='word_1_258' title='bbox 1141 2392 1218 2466; x_wconf 91' lang='lat' dir='ltr'><strong>quod</strong></span> <span class='ocrx_word' id='word_1_259' title='bbox 1233 2393 1285 2447; x_wconf 92' lang='lat' dir='ltr'><strong>sibi</strong></span> <span class='ocrx_word' id='word_1_260' title='bbox 1299 2393 1351 2447; x_wconf 85' lang='lat' dir='ltr'><strong>riri</strong></span> <span class='ocrx_word' id='word_1_261' title='bbox 1364 2393 1493 2448; x_wconf 87' lang='lat' dir='ltr'><strong>sanctitas</strong></span> <span class='ocrx_word' id='word_1_262' title='bbox 1505 2391 1634 2447; x_wconf 88' lang='lat' dir='ltr'><strong>nondum</strong></span> <span class='ocrx_word' id='word_1_263' title='bbox 1644 2393 1756 2464; x_wconf 88' lang='lat' dir='ltr'><strong>penitus</strong></span> <span class='ocrx_word' id='word_1_264' title='bbox 1768 2400 1833 2445; x_wconf 91' lang='lat' dir='ltr'><strong>nota</strong></span> <span class='ocrx_word' id='word_1_265' title='bbox 1844 2401 1924 2445; x_wconf 81' lang='lat' dir='ltr'><strong>esset</strong></span> <span class='ocrx_word' id='word_1_266' title='bbox 1939 2411 1952 2439; x_wconf 78' lang='grc' dir='ltr'><strong>ι</strong></span> 
     </span>
     <span class='ocr_line' id='line_1_21' title="bbox 502 2483 2046 2563; baseline -0.004 -19"><span class='ocrx_word' id='word_1_267' title='bbox 502 2487 598 2544; x_wconf 84' lang='lat' dir='ltr'><strong>Soluto</strong></span> <span class='ocrx_word' id='word_1_268' title='bbox 612 2498 705 2546; x_wconf 85' lang='lat' dir='ltr'><strong>autern</strong></span> <span class='ocrx_word' id='word_1_269' title='bbox 720 2488 767 2542; x_wconf 92' lang='lat' dir='ltr'><strong>illo</strong></span> <span class='ocrx_word' id='word_1_270' title='bbox 782 2499 936 2557; x_wconf 85' lang='lat' dir='ltr'><strong>conventu,</strong></span> <span class='ocrx_word' id='word_1_271' title='bbox 950 2489 999 2563; x_wconf 91' lang='lat' dir='ltr'><strong>qui</strong></span> <span class='ocrx_word' id='word_1_272' title='bbox 1013 2488 1168 2546; x_wconf 75' lang='lat' dir='ltr'><strong>celebratus</strong></span> <span class='ocrx_word' id='word_1_273' title='bbox 1181 2497 1223 2542; x_wconf 88' lang='lat' dir='ltr'><strong>est</strong></span> <span class='ocrx_word' id='word_1_274' title='bbox 1234 2505 1307 2541; x_wconf 84' lang='lat' dir='ltr'><strong>anno</strong></span> <span class='ocrx_word' id='word_1_275' title='bbox 1321 2491 1404 2554; x_wconf 77' lang='grc'>4440,</span> <span class='ocrx_word' id='word_1_276' title='bbox 1418 2486 1515 2542; x_wconf 79' lang='lat' dir='ltr'><strong>infelix</strong></span> <span class='ocrx_word' id='word_1_277' title='bbox 1529 2484 1690 2541; x_wconf 76' lang='lat' dir='ltr'><strong>rihelardus</strong></span> <span class='ocrx_word' id='word_1_278' title='bbox 1708 2487 1831 2541; x_wconf 88' lang='lat' dir='ltr'><strong>incertus</strong></span> <span class='ocrx_word' id='word_1_279' title='bbox 1848 2483 1919 2559; x_wconf 92' lang='lat' dir='ltr'><strong>quid</strong></span> <span class='ocrx_word' id='word_1_280' title='bbox 1937 2495 2046 2556; x_wconf 77' lang='lat' dir='ltr'><strong>ageret,</strong></span> 
     </span>
     <span class='ocr_line' id='line_1_22' title="bbox 466 2577 2050 2654; baseline 0 -20"><span class='ocrx_word' id='word_1_281' title='bbox 466 2579 631 2637; x_wconf 75' lang='lat' dir='ltr'><strong>Cluuianum</strong></span> <span class='ocrx_word' id='word_1_282' title='bbox 640 2597 669 2639; x_wconf 81' lang='lat' dir='ltr'><strong>se</strong></span> <span class='ocrx_word' id='word_1_283' title='bbox 681 2579 816 2651; x_wconf 70' lang='lat' dir='ltr'><strong>contidit,</strong></span> <span class='ocrx_word' id='word_1_284' title='bbox 831 2581 879 2638; x_wconf 86' lang='lat' dir='ltr'><strong>nbi</strong></span> <span class='ocrx_word' id='word_1_285' title='bbox 888 2582 1050 2638; x_wconf 84' lang='lat' dir='ltr'><strong>humaniter</strong></span> <span class='ocrx_word' id='word_1_286' title='bbox 1059 2591 1191 2654; x_wconf 82' lang='lat' dir='ltr'><strong>exceptus</strong></span> <span class='ocrx_word' id='word_1_287' title='bbox 1201 2591 1243 2636; x_wconf 89' lang='lat' dir='ltr'><strong>est</strong></span> <span class='ocrx_word' id='word_1_288' title='bbox 1251 2600 1267 2635; x_wconf 90' lang='lat' dir='ltr'><strong>a</strong></span> <span class='ocrx_word' id='word_1_289' title='bbox 1275 2582 1359 2638; x_wconf 80' lang='lat' dir='ltr'><strong>Petro</strong></span> <span class='ocrx_word' id='word_1_290' title='bbox 1372 2581 1507 2636; x_wconf 82' lang='lat' dir='ltr'><strong>Mauricio</strong></span> <span class='ocrx_word' id='word_1_291' title='bbox 1518 2580 1594 2635; x_wconf 90' lang='lat' dir='ltr'><strong>dicto</strong></span> <span class='ocrx_word' id='word_1_292' title='bbox 1605 2579 1780 2649; x_wconf 85' lang='lat' dir='ltr'><strong>Venerabili,</strong></span> <span class='ocrx_word' id='word_1_293' title='bbox 1790 2577 1906 2654; x_wconf 86' lang='lat' dir='ltr'><strong>ejusque</strong></span> <span class='ocrx_word' id='word_1_294' title='bbox 1915 2590 1944 2634; x_wconf 89' lang='lat' dir='ltr'><strong>et</strong></span> <span class='ocrx_word' id='word_1_295' title='bbox 1954 2581 2050 2634; x_wconf 88' lang='lat' dir='ltr'><strong>cister-</strong></span> 
     </span>
     <span class='ocr_line' id='line_1_23' title="bbox 466 2671 2048 2747; baseline 0 -21"><span class='ocrx_word' id='word_1_296' title='bbox 466 2673 554 2733; x_wconf 87' lang='lat' dir='ltr'><strong>censis</strong></span> <span class='ocrx_word' id='word_1_297' title='bbox 568 2673 675 2732; x_wconf 81' lang='lat' dir='ltr'><strong>abbatis</strong></span> <span class='ocrx_word' id='word_1_298' title='bbox 687 2693 781 2747; x_wconf 87' lang='lat' dir='ltr'><strong>opera,</strong></span> <span class='ocrx_word' id='word_1_299' title='bbox 797 2675 880 2747; x_wconf 91' lang='lat' dir='ltr'><strong>paulo</strong></span> <span class='ocrx_word' id='word_1_300' title='bbox 895 2685 956 2747; x_wconf 87' lang='lat' dir='ltr'><strong>post</strong></span> <span class='ocrx_word' id='word_1_301' title='bbox 972 2673 1046 2730; x_wconf 88' lang='lat' dir='ltr'><strong>idern</strong></span> <span class='ocrx_word' id='word_1_302' title='bbox 1058 2684 1086 2729; x_wconf 88' lang='lat' dir='ltr'><strong>et</strong></span> <span class='ocrx_word' id='word_1_303' title='bbox 1099 2683 1210 2730; x_wconf 75' lang='lat' dir='ltr'><strong>mactus</strong></span> <span class='ocrx_word' id='word_1_304' title='bbox 1224 2673 1381 2729; x_wconf 82' lang='lat' dir='ltr'><strong>Bernartius</strong></span> <span class='ocrx_word' id='word_1_305' title='bbox 1393 2672 1524 2728; x_wconf 90' lang='lat' dir='ltr'><strong>collocuti</strong></span> <span class='ocrx_word' id='word_1_306' title='bbox 1538 2673 1700 2728; x_wconf 83' lang='lat' dir='ltr'><strong>iuimicitias</strong></span> <span class='ocrx_word' id='word_1_307' title='bbox 1712 2689 1838 2746; x_wconf 77' lang='lat' dir='ltr'><strong>pnsuem.</strong></span> <span class='ocrx_word' id='word_1_308' title='bbox 1854 2671 1937 2742; x_wconf 88' lang='lat' dir='ltr'><strong>Quod</strong></span> <span class='ocrx_word' id='word_1_309' title='bbox 1948 2682 1977 2726; x_wconf 90' lang='lat' dir='ltr'><strong>et</strong></span> <span class='ocrx_word' id='word_1_310' title='bbox 1989 2673 2048 2744; x_wconf 89' lang='lat' dir='ltr'><strong>ipse</strong></span> 
     </span>
     <span class='ocr_line' id='line_1_24' title="bbox 464 2763 2050 2840; baseline -0.001 -22"><span class='ocrx_word' id='word_1_311' title='bbox 464 2765 645 2826; x_wconf 83' lang='lat' dir='ltr'><strong>cluniacensis</strong></span> <span class='ocrx_word' id='word_1_312' title='bbox 658 2767 743 2827; x_wconf 80' lang='lat' dir='ltr'><strong>abbas</strong></span> <span class='ocrx_word' id='word_1_313' title='bbox 755 2767 921 2824; x_wconf 86' lang='lat' dir='ltr'><strong>Innocentio</strong></span> <span class='ocrx_word' id='word_1_314' title='bbox 937 2767 964 2820; x_wconf 94' lang='lat' dir='ltr'><strong>lI</strong></span> <span class='ocrx_word' id='word_1_315' title='bbox 979 2766 1154 2840; x_wconf 66' lang='lat' dir='ltr'><strong>significarit.</strong></span> <span class='ocrx_word' id='word_1_316' title='bbox 1171 2767 1229 2821; x_wconf 87' lang='lat' dir='ltr'><strong>Nec</strong></span> <span class='ocrx_word' id='word_1_317' title='bbox 1251 2776 1343 2822; x_wconf 75' lang='lat' dir='ltr'><strong>tannen</strong></span> <span class='ocrx_word' id='word_1_318' title='bbox 1363 2775 1509 2840; x_wconf 83' lang='lat' dir='ltr'><strong>propterea</strong></span> <span class='ocrx_word' id='word_1_319' title='bbox 1527 2763 1688 2822; x_wconf 78' lang='lat' dir='ltr'><strong>Abelardns</strong></span> <span class='ocrx_word' id='word_1_320' title='bbox 1702 2763 1914 2838; x_wconf 80' lang='lat' dir='ltr'><strong>Apolngeticuru</strong></span> <span class='ocrx_word' id='word_1_321' title='bbox 1929 2781 1980 2835; x_wconf 91' lang='lat' dir='ltr'><strong>pro</strong></span> <span class='ocrx_word' id='word_1_322' title='bbox 1994 2781 2050 2818; x_wconf 78' lang='lat' dir='ltr'><strong>esse</strong></span> 
     </span>
     <span class='ocr_line' id='line_1_25' title="bbox 465 2857 2047 2936; baseline -0.001 -23"><span class='ocrx_word' id='word_1_323' title='bbox 465 2861 629 2925; x_wconf 77' lang='lat' dir='ltr'><strong>innocentia</strong></span> <span class='ocrx_word' id='word_1_324' title='bbox 640 2863 817 2920; x_wconf 79' lang='lat' dir='ltr'><strong>excusatione</strong></span> <span class='ocrx_word' id='word_1_325' title='bbox 830 2861 951 2919; x_wconf 85' lang='lat' dir='ltr'><strong>scribere</strong></span> <span class='ocrx_word' id='word_1_326' title='bbox 965 2861 1081 2918; x_wconf 84' lang='lat' dir='ltr'><strong>destitit.</strong></span> <span class='ocrx_word' id='word_1_327' title='bbox 1098 2861 1181 2932; x_wconf 81' lang='lat' dir='ltr'><strong>Quod</strong></span> <span class='ocrx_word' id='word_1_328' title='bbox 1192 2879 1279 2936; x_wconf 89' lang='lat' dir='ltr'><strong>quum</strong></span> <span class='ocrx_word' id='word_1_329' title='bbox 1297 2863 1463 2918; x_wconf 89' lang='lat' dir='ltr'><strong>innotuisset</strong></span> <span class='ocrx_word' id='word_1_330' title='bbox 1480 2860 1635 2917; x_wconf 85' lang='lat' dir='ltr'><strong>Gnillelmo</strong></span> <span class='ocrx_word' id='word_1_331' title='bbox 1646 2860 1738 2915; x_wconf 81' lang='lat' dir='ltr'><strong>Sancti</strong></span> <span class='ocrx_word' id='word_1_332' title='bbox 1752 2857 1920 2914; x_wconf 78' lang='lat' dir='ltr'><strong>Theoderici</strong></span> <span class='ocrx_word' id='word_1_333' title='bbox 1935 2857 2047 2924; x_wconf 82' lang='lat' dir='ltr'><strong>abbati,</strong></span> 
     </span>
     <span class='ocr_line' id='line_1_26' title="bbox 463 2950 2050 3029; baseline -0.005 -17"><span class='ocrx_word' id='word_1_334' title='bbox 463 2955 513 3026; x_wconf 82' lang='lat' dir='ltr'><strong>qui</strong></span> <span class='ocrx_word' id='word_1_335' title='bbox 525 2964 652 3012; x_wconf 87' lang='lat' dir='ltr'><strong>sanctum</strong></span> <span class='ocrx_word' id='word_1_336' title='bbox 667 2953 840 3014; x_wconf 83' lang='lat' dir='ltr'><strong>Bernardurn</strong></span> <span class='ocrx_word' id='word_1_337' title='bbox 857 2954 958 3012; x_wconf 83' lang='lat' dir='ltr'><strong>intimo</strong></span> <span class='ocrx_word' id='word_1_338' title='bbox 971 2953 1104 3027; x_wconf 77' lang='lat' dir='ltr'><strong>diligebat</strong></span> <span class='ocrx_word' id='word_1_339' title='bbox 1117 2953 1230 3023; x_wconf 85' lang='lat' dir='ltr'><strong>aflectu,</strong></span> <span class='ocrx_word' id='word_1_340' title='bbox 1245 2973 1329 3029; x_wconf 88' lang='lat' dir='ltr'><strong>seque</strong></span> <span class='ocrx_word' id='word_1_341' title='bbox 1346 2954 1525 3010; x_wconf 79' lang='lat' dir='ltr'><strong>transtulerat</strong></span> <span class='ocrx_word' id='word_1_342' title='bbox 1547 2953 1582 3008; x_wconf 90' lang='lat' dir='ltr'><strong>ad</strong></span> <span class='ocrx_word' id='word_1_343' title='bbox 1600 2953 1728 3008; x_wconf 89' lang='lat' dir='ltr'><strong>ordinem</strong></span> <span class='ocrx_word' id='word_1_344' title='bbox 1748 2952 1952 3008; x_wconf 81' lang='lat' dir='ltr'><strong>cisterciensem</strong></span> <span class='ocrx_word' id='word_1_345' title='bbox 1975 2950 2050 3022; x_wconf 87' lang='lat' dir='ltr'><strong>apud</strong></span> 
     </span>
    </p>
   </div>
   <div class='ocr_carea' id='block_1_3' title="bbox 464 3043 2052 3678">
    <p class='ocr_par' dir='ltr' id='par_1_3' title="bbox 464 3043 2052 3678">
     <span class='ocr_line' id='line_1_27' title="bbox 465 3043 2051 3121; baseline -0.002 -21"><span class='ocrx_word' id='word_1_346' title='bbox 465 3043 642 3118; x_wconf 78' lang='lat' dir='ltr'><strong>signiacum,</strong></span> <span class='ocrx_word' id='word_1_347' title='bbox 668 3047 717 3101; x_wconf 91' lang='lat' dir='ltr'><strong>ubi</strong></span> <span class='ocrx_word' id='word_1_348' title='bbox 744 3047 862 3106; x_wconf 81' lang='lat' dir='ltr'><strong>feliciter</strong></span> <span class='ocrx_word' id='word_1_349' title='bbox 886 3046 971 3114; x_wconf 90' lang='lat' dir='ltr'><strong>obiit,</strong></span> <span class='ocrx_word' id='word_1_350' title='bbox 998 3047 1107 3102; x_wconf 76' lang='lat' dir='ltr'><strong>Cantici</strong></span> <span class='ocrx_word' id='word_1_351' title='bbox 1127 3048 1308 3103; x_wconf 76' lang='lat' dir='ltr'><strong>Cutieornrn</strong></span> <span class='ocrx_word' id='word_1_352' title='bbox 1328 3047 1442 3121; x_wconf 89' lang='lat' dir='ltr'><strong>reliquit</strong></span> <span class='ocrx_word' id='word_1_353' title='bbox 1457 3047 1675 3120; x_wconf 82' lang='lat' dir='ltr'><strong>expositionem,</strong></span> <span class='ocrx_word' id='word_1_354' title='bbox 1695 3057 1727 3100; x_wconf 91' lang='lat' dir='ltr'><strong>ut</strong></span> <span class='ocrx_word' id='word_1_355' title='bbox 1748 3045 1879 3100; x_wconf 81' lang='lat' dir='ltr'><strong>adsersus</strong></span> <span class='ocrx_word' id='word_1_356' title='bbox 1901 3061 1967 3098; x_wconf 88' lang='lat' dir='ltr'><strong>euru</strong></span> <span class='ocrx_word' id='word_1_357' title='bbox 1987 3043 2051 3116; x_wconf 79' lang='lat' dir='ltr'><strong>styli</strong></span> 
     </span>
     <span class='ocr_line' id='line_1_28' title="bbox 466 3135 2051 3210; baseline 0 -21"><span class='ocrx_word' id='word_1_358' title='bbox 466 3137 509 3192; x_wconf 86' lang='lat' dir='ltr'><strong>sni</strong></span> <span class='ocrx_word' id='word_1_359' title='bbox 520 3153 636 3193; x_wconf 85' lang='lat' dir='ltr'><strong>acumen</strong></span> <span class='ocrx_word' id='word_1_360' title='bbox 652 3136 797 3208; x_wconf 82' lang='lat' dir='ltr'><strong>dirigeret.</strong></span> <span class='ocrx_word' id='word_1_361' title='bbox 810 3138 872 3194; x_wconf 84' lang='lat' dir='ltr'><strong>Hoc</strong></span> <span class='ocrx_word' id='word_1_362' title='bbox 884 3138 961 3196; x_wconf 81' lang='lat' dir='ltr'><strong>enisu</strong></span> <span class='ocrx_word' id='word_1_363' title='bbox 973 3137 1097 3194; x_wconf 85' lang='lat' dir='ltr'><strong>declarat</strong></span> <span class='ocrx_word' id='word_1_364' title='bbox 1110 3138 1168 3210; x_wconf 86' lang='lat' dir='ltr'><strong>ipse</strong></span> <span class='ocrx_word' id='word_1_365' title='bbox 1180 3139 1350 3194; x_wconf 88' lang='lat' dir='ltr'><strong>Gnillelmus</strong></span> <span class='ocrx_word' id='word_1_366' title='bbox 1360 3141 1390 3192; x_wconf 91' lang='lat' dir='ltr'><strong>in</strong></span> <span class='ocrx_word' id='word_1_367' title='bbox 1403 3137 1517 3210; x_wconf 85' lang='lat' dir='ltr'><strong>epistola</strong></span> <span class='ocrx_word' id='word_1_368' title='bbox 1533 3136 1568 3192; x_wconf 88' lang='lat' dir='ltr'><strong>ad</strong></span> <span class='ocrx_word' id='word_1_369' title='bbox 1580 3138 1681 3193; x_wconf 73' lang='lat' dir='ltr'><strong>fratres</strong></span> <span class='ocrx_word' id='word_1_370' title='bbox 1692 3137 1728 3192; x_wconf 89' lang='lat' dir='ltr'><strong>de</strong></span> <span class='ocrx_word' id='word_1_371' title='bbox 1741 3137 1837 3192; x_wconf 74' lang='lat' dir='ltr'><strong>Monte</strong></span> <span class='ocrx_word' id='word_1_372' title='bbox 1850 3135 1920 3203; x_wconf 88' lang='lat' dir='ltr'><strong>Dei,</strong></span> <span class='ocrx_word' id='word_1_373' title='bbox 1935 3135 1979 3189; x_wconf 91' lang='lat' dir='ltr'><strong>his</strong></span> <span class='ocrx_word' id='word_1_374' title='bbox 1989 3153 2051 3189; x_wconf 80' lang='lat' dir='ltr'><strong>ser-</strong></span> 
     </span>
     <span class='ocr_line' id='line_1_29' title="bbox 464 3225 2051 3302; baseline -0.003 -16"><span class='ocrx_word' id='word_1_375' title='bbox 464 3228 524 3286; x_wconf 89' lang='lat' dir='ltr'><strong>bis:</strong></span> <span class='ocrx_word' id='word_1_376' title='bbox 540 3229 637 3287; x_wconf 77' lang='lat' dir='ltr'><strong>«sunt</strong></span> <span class='ocrx_word' id='word_1_377' title='bbox 650 3240 781 3302; x_wconf 86' lang='lat' dir='ltr'><strong>praeterea</strong></span> <span class='ocrx_word' id='word_1_378' title='bbox 792 3239 821 3284; x_wconf 92' lang='lat' dir='ltr'><strong>et</strong></span> <span class='ocrx_word' id='word_1_379' title='bbox 832 3227 883 3284; x_wconf 83' lang='lat' dir='ltr'><strong>alia</strong></span> <span class='ocrx_word' id='word_1_380' title='bbox 897 3229 1031 3302; x_wconf 86' lang='lat' dir='ltr'><strong>opuscula</strong></span> <span class='ocrx_word' id='word_1_381' title='bbox 1043 3241 1154 3297; x_wconf 86' lang='lat' dir='ltr'><strong>nostra,</strong></span> <span class='ocrx_word' id='word_1_382' title='bbox 1170 3229 1282 3286; x_wconf 87' lang='lat' dir='ltr'><strong>libellus</strong></span> <span class='ocrx_word' id='word_1_383' title='bbox 1297 3230 1333 3285; x_wconf 92' lang='lat' dir='ltr'><strong>de</strong></span> <span class='ocrx_word' id='word_1_384' title='bbox 1345 3231 1525 3286; x_wconf 78' lang='lat' dir='ltr'><strong>scemmento</strong></span> <span class='ocrx_word' id='word_1_385' title='bbox 1544 3230 1655 3300; x_wconf 85' lang='lat' dir='ltr'><strong>altaris,</strong></span> <span class='ocrx_word' id='word_1_386' title='bbox 1670 3227 1868 3285; x_wconf 82' lang='lat' dir='ltr'><strong>lfeditationes</strong></span> <span class='ocrx_word' id='word_1_387' title='bbox 1887 3228 1998 3282; x_wconf 86' lang='lat' dir='ltr'><strong>novitiis</strong></span> <span class='ocrx_word' id='word_1_388' title='bbox 2016 3225 2051 3282; x_wconf 86' lang='lat' dir='ltr'><strong>ad</strong></span> 
     </span>
     <span class='ocr_line' id='line_1_30' title="bbox 466 3319 2052 3397; baseline -0.002 -21"><span class='ocrx_word' id='word_1_389' title='bbox 466 3322 604 3381; x_wconf 85' lang='lat' dir='ltr'><strong>orandum</strong></span> <span class='ocrx_word' id='word_1_390' title='bbox 624 3322 778 3386; x_wconf 79' lang='lat' dir='ltr'><strong>formandis</strong></span> <span class='ocrx_word' id='word_1_391' title='bbox 798 3321 944 3395; x_wconf 81' lang='lat' dir='ltr'><strong>spiritibus</strong></span> <span class='ocrx_word' id='word_1_392' title='bbox 963 3339 1020 3378; x_wconf 85' lang='lat' dir='ltr'><strong>non</strong></span> <span class='ocrx_word' id='word_1_393' title='bbox 1040 3339 1240 3397; x_wconf 72' lang='lat' dir='ltr'><strong>usquequaque</strong></span> <span class='ocrx_word' id='word_1_394' title='bbox 1254 3323 1382 3396; x_wconf 90' lang='lat' dir='ltr'><strong>inutiles,</strong></span> <span class='ocrx_word' id='word_1_395' title='bbox 1398 3333 1427 3380; x_wconf 86' lang='lat' dir='ltr'><strong>et</strong></span> <span class='ocrx_word' id='word_1_396' title='bbox 1441 3341 1526 3397; x_wconf 90' lang='lat' dir='ltr'><strong>super</strong></span> <span class='ocrx_word' id='word_1_397' title='bbox 1546 3324 1695 3380; x_wconf 85' lang='lat' dir='ltr'><strong>Canticum</strong></span> <span class='ocrx_word' id='word_1_398' title='bbox 1716 3322 1900 3378; x_wconf 85' lang='lat' dir='ltr'><strong>Cantioorum</strong></span> <span class='ocrx_word' id='word_1_399' title='bbox 1920 3321 1955 3376; x_wconf 91' lang='lat' dir='ltr'><strong>ad</strong></span> <span class='ocrx_word' id='word_1_400' title='bbox 1972 3319 2052 3374; x_wconf 89' lang='lat' dir='ltr'><strong>illum</strong></span> 
     </span>
     <span class='ocr_line' id='line_1_31' title="bbox 466 3412 2052 3492; baseline 0.002 -25"><span class='ocrx_word' id='word_1_401' title='bbox 466 3413 573 3487; x_wconf 85' lang='lat' dir='ltr'><strong>locum,</strong></span> <span class='ocrx_word' id='word_1_402' title='bbox 588 3414 734 3488; x_wconf 74' lang='lat' dir='ltr'><strong>paululum</strong></span> <span class='ocrx_word' id='word_1_403' title='bbox 746 3433 835 3490; x_wconf 85' lang='lat' dir='ltr'><strong>quum</strong></span> <span class='ocrx_word' id='word_1_404' title='bbox 848 3416 1072 3490; x_wconf 75' lang='lat' dir='ltr'><strong>pertransissem,</strong></span> <span class='ocrx_word' id='word_1_405' title='bbox 1086 3433 1151 3472; x_wconf 75' lang='lat' dir='ltr'><strong>curu</strong></span> <span class='ocrx_word' id='word_1_406' title='bbox 1164 3418 1256 3472; x_wconf 88' lang='lat' dir='ltr'><strong>iuveni</strong></span> <span class='ocrx_word' id='word_1_407' title='bbox 1266 3435 1350 3492; x_wconf 71' lang='lat' dir='ltr'><strong>qmrn</strong></span> <span class='ocrx_word' id='word_1_408' title='bbox 1362 3417 1455 3491; x_wconf 76' lang='lat' dir='ltr'><strong>dtugis</strong></span> <span class='ocrx_word' id='word_1_409' title='bbox 1466 3419 1557 3472; x_wconf 88' lang='lat' dir='ltr'><strong>anima</strong></span> <span class='ocrx_word' id='word_1_410' title='bbox 1569 3437 1642 3472; x_wconf 87' lang='lat' dir='ltr'><strong>mea.-</strong></span> <span class='ocrx_word' id='word_1_411' title='bbox 1652 3417 1723 3472; x_wconf 85' lang='lat' dir='ltr'><strong>Narn</strong></span> <span class='ocrx_word' id='word_1_412' title='bbox 1733 3427 1829 3472; x_wconf 87' lang='lat' dir='ltr'><strong>contra</strong></span> <span class='ocrx_word' id='word_1_413' title='bbox 1842 3413 1958 3472; x_wconf 67' lang='grc' dir='ltr'><strong>Ρθῐιιιιιι</strong></span> <span class='ocrx_word' id='word_1_414' title='bbox 1971 3412 2052 3470; x_wconf 78' lang='lat' dir='ltr'><strong>Aba·</strong></span> 
     </span>
     <span class='ocr_line' id='line_1_32' title="bbox 466 3507 2051 3584; baseline 0.003 -23"><span class='ocrx_word' id='word_1_415' title='bbox 466 3507 596 3576; x_wconf 84' lang='lat' dir='ltr'><strong>lardum,</strong></span> <span class='ocrx_word' id='word_1_416' title='bbox 618 3509 666 3582; x_wconf 82' lang='lat' dir='ltr'><strong>qui</strong></span> <span class='ocrx_word' id='word_1_417' title='bbox 688 3508 850 3581; x_wconf 83' lang='lat' dir='ltr'><strong>praedictum</strong></span> <span class='ocrx_word' id='word_1_418' title='bbox 866 3527 936 3583; x_wconf 89' lang='lat' dir='ltr'><strong>opus</strong></span> <span class='ocrx_word' id='word_1_419' title='bbox 951 3527 987 3566; x_wconf 85' lang='lat' dir='ltr'><strong>ne</strong></span> <span class='ocrx_word' id='word_1_420' title='bbox 1001 3509 1162 3582; x_wconf 86' lang='lat' dir='ltr'><strong>perficerem</strong></span> <span class='ocrx_word' id='word_1_421' title='bbox 1177 3509 1283 3564; x_wconf 84' lang='lat' dir='ltr'><strong>effecit:</strong></span> <span class='ocrx_word' id='word_1_422' title='bbox 1296 3511 1473 3584; x_wconf 90' lang='lat' dir='ltr'><strong>nequeenim</strong></span> <span class='ocrx_word' id='word_1_423' title='bbox 1490 3511 1632 3583; x_wconf 76' lang='lat' dir='ltr'><strong>integrum</strong></span> <span class='ocrx_word' id='word_1_424' title='bbox 1648 3509 1719 3563; x_wconf 86' lang='lat' dir='ltr'><strong>mihi</strong></span> <span class='ocrx_word' id='word_1_425' title='bbox 1737 3509 1797 3564; x_wconf 86' lang='lat' dir='ltr'><strong>fore</strong></span> <span class='ocrx_word' id='word_1_426' title='bbox 1818 3507 1974 3564; x_wconf 84' lang='lat' dir='ltr'><strong>arbitrabar</strong></span> <span class='ocrx_word' id='word_1_427' title='bbox 1994 3517 2051 3565; x_wconf 84' lang='lat' dir='ltr'><strong>tarn</strong></span> 
     </span>
     <span class='ocr_line' id='line_1_33' title="bbox 467 3601 2052 3678; baseline -0.003 -20"><span class='ocrx_word' id='word_1_428' title='bbox 467 3602 585 3664; x_wconf 81' lang='lat' dir='ltr'><strong>delicato</strong></span> <span class='ocrx_word' id='word_1_429' title='bbox 593 3603 671 3661; x_wconf 88' lang='lat' dir='ltr'><strong>intus</strong></span> <span class='ocrx_word' id='word_1_430' title='bbox 682 3620 780 3668; x_wconf 79' lang='lat' dir='ltr'><strong>vacare</strong></span> <span class='ocrx_word' id='word_1_431' title='bbox 789 3603 857 3668; x_wconf 83' lang='lat' dir='ltr'><strong>otiu.</strong></span> <span class='ocrx_word' id='word_1_432' title='bbox 867 3604 928 3678; x_wconf 82' lang='lat' dir='ltr'><strong>ipso</strong></span> <span class='ocrx_word' id='word_1_433' title='bbox 936 3603 1004 3660; x_wconf 89' lang='lat' dir='ltr'><strong>foris</strong></span> <span class='ocrx_word' id='word_1_434' title='bbox 1012 3603 1079 3660; x_wconf 87' lang='lat' dir='ltr'><strong>lines</strong></span> <span class='ocrx_word' id='word_1_435' title='bbox 1089 3603 1153 3658; x_wconf 87' lang='lat' dir='ltr'><strong>fidei</strong></span> <span class='ocrx_word' id='word_1_436' title='bbox 1163 3615 1261 3660; x_wconf 81' lang='lat' dir='ltr'><strong>nosne</strong></span> <span class='ocrx_word' id='word_1_437' title='bbox 1270 3603 1346 3658; x_wconf 89' lang='lat' dir='ltr'><strong>nudo</strong></span> <span class='ocrx_word' id='word_1_438' title='bbox 1356 3615 1388 3659; x_wconf 89' lang='lat' dir='ltr'><strong>ut</strong></span> <span class='ocrx_word' id='word_1_439' title='bbox 1397 3604 1503 3658; x_wconf 88' lang='lat' dir='ltr'><strong>dicitur</strong></span> <span class='ocrx_word' id='word_1_440' title='bbox 1512 3603 1666 3676; x_wconf 82' lang='lat' dir='ltr'><strong>gladiatam</strong></span> <span class='ocrx_word' id='word_1_441' title='bbox 1675 3601 1829 3658; x_wconf 84' lang='lat' dir='ltr'><strong>crudeliter</strong></span> <span class='ocrx_word' id='word_1_442' title='bbox 1838 3601 2052 3676; x_wconf 62' lang='lat' dir='ltr'><strong>depopulantem</strong></span> 
     </span>
    </p>
   </div>
   <div class='ocr_carea' id='block_1_4' title="bbox 465 3695 2056 5262">
    <p class='ocr_par' dir='ltr' id='par_1_4' title="bbox 465 3695 2056 5262">
     <span class='ocr_line' id='line_1_34' title="bbox 466 3695 2056 3771; baseline -0.001 -21"><span class='ocrx_word' id='word_1_443' title='bbox 466 3696 630 3770; x_wconf 82' lang='lat' dir='ltr'><strong>Composuit</strong></span> <span class='ocrx_word' id='word_1_444' title='bbox 646 3706 740 3759; x_wconf 81' lang='lat' dir='ltr'><strong>autern</strong></span> <span class='ocrx_word' id='word_1_445' title='bbox 758 3707 814 3754; x_wconf 73' lang='lat' dir='ltr'><strong>uss</strong></span> <span class='ocrx_word' id='word_1_446' title='bbox 832 3695 932 3764; x_wconf 82' lang='lat' dir='ltr'><strong>libres,</strong></span> <span class='ocrx_word' id='word_1_447' title='bbox 952 3697 1005 3752; x_wconf 83' lang='lat' dir='ltr'><strong>sssb</strong></span> <span class='ocrx_word' id='word_1_448' title='bbox 1019 3697 1132 3752; x_wconf 88' lang='lat' dir='ltr'><strong>nomine</strong></span> <span class='ocrx_word' id='word_1_449' title='bbox 1150 3697 1357 3771; x_wconf 73' lang='lat' dir='ltr'><strong>Dispntndenis</strong></span> <span class='ocrx_word' id='word_1_450' title='bbox 1372 3697 1571 3753; x_wconf 70' lang='lat' dir='ltr'><strong>catholicorum</strong></span> <span class='ocrx_word' id='word_1_451' title='bbox 1583 3707 1696 3768; x_wconf 78' lang='lat' dir='ltr'><strong>petrum</strong></span> <span class='ocrx_word' id='word_1_452' title='bbox 1710 3704 1808 3751; x_wconf 83' lang='lat' dir='ltr'><strong>centra</strong></span> <span class='ocrx_word' id='word_1_453' title='bbox 1826 3695 1961 3768; x_wconf 77' lang='lat' dir='ltr'><strong>dogmate</strong></span> <span class='ocrx_word' id='word_1_454' title='bbox 1975 3695 2056 3749; x_wconf 73' lang='lat' dir='ltr'><strong>Peter·</strong></span> 
     </span>
     <span class='ocr_line' id='line_1_35' title="bbox 466 3787 2052 3863; baseline 0 -21"><span class='ocrx_word' id='word_1_455' title='bbox 466 3787 618 3854; x_wconf 63' lang='lat' dir='ltr'><strong>abaelardi</strong></span> <span class='ocrx_word' id='word_1_456' title='bbox 626 3829 637 3854; x_wconf 86' lang='lat'><strong>,</strong></span> <span class='ocrx_word' id='word_1_457' title='bbox 654 3805 726 3861; x_wconf 83' lang='lat' dir='ltr'><strong>qnos</strong></span> <span class='ocrx_word' id='word_1_458' title='bbox 741 3797 770 3848; x_wconf 82' lang='lat' dir='ltr'><strong>ct</strong></span> <span class='ocrx_word' id='word_1_459' title='bbox 783 3788 989 3860; x_wconf 70' lang='lat' dir='ltr'><strong>epicurusne</strong></span> <span class='ocrx_word' id='word_1_460' title='bbox 1005 3789 1112 3862; x_wconf 77' lang='lat' dir='ltr'><strong>presoli</strong></span> <span class='ocrx_word' id='word_1_461' title='bbox 1131 3789 1244 3862; x_wconf 77' lang='lat' dir='ltr'><strong>Hngoni</strong></span> <span class='ocrx_word' id='word_1_462' title='bbox 1260 3789 1529 3863; x_wconf 75' lang='lat' dir='ltr'><strong>Rothomaqensinm</strong></span> <span class='ocrx_word' id='word_1_463' title='bbox 1543 3789 1752 3862; x_wconf 84' lang='lat' dir='ltr'><strong>archiepiscopo</strong></span> <span class='ocrx_word' id='word_1_464' title='bbox 1763 3787 1910 3842; x_wconf 84' lang='lat' dir='ltr'><strong>dedicavit.</strong></span> <span class='ocrx_word' id='word_1_465' title='bbox 1925 3787 2052 3861; x_wconf 80' lang='lat' dir='ltr'><strong>Suntque</strong></span> 
     </span>
     <span class='ocr_line' id='line_1_36' title="bbox 466 3878 2053 3956; baseline 0.001 -24"><span class='ocrx_word' id='word_1_466' title='bbox 466 3879 507 3942; x_wconf 87' lang='lat' dir='ltr'><strong>illi</strong></span> <span class='ocrx_word' id='word_1_467' title='bbox 519 3880 618 3954; x_wconf 90' lang='lat' dir='ltr'><strong>procul</strong></span> <span class='ocrx_word' id='word_1_468' title='bbox 629 3880 726 3950; x_wconf 79' lang='lat' dir='ltr'><strong>dubio,</strong></span> <span class='ocrx_word' id='word_1_469' title='bbox 734 3880 769 3939; x_wconf 89' lang='lat' dir='ltr'><strong>dc</strong></span> <span class='ocrx_word' id='word_1_470' title='bbox 780 3881 883 3955; x_wconf 78' lang='lat' dir='ltr'><strong>quibus</strong></span> <span class='ocrx_word' id='word_1_471' title='bbox 894 3881 1069 3950; x_wconf 82' lang='lat' dir='ltr'><strong>Ganfredus,</strong></span> <span class='ocrx_word' id='word_1_472' title='bbox 1084 3882 1238 3937; x_wconf 84' lang='lat' dir='ltr'><strong>monachus</strong></span> <span class='ocrx_word' id='word_1_473' title='bbox 1250 3883 1447 3950; x_wconf 84' lang='lat' dir='ltr'><strong>cisterciensis,</strong></span> <span class='ocrx_word' id='word_1_474' title='bbox 1461 3884 1491 3936; x_wconf 90' lang='lat' dir='ltr'><strong>in</strong></span> <span class='ocrx_word' id='word_1_475' title='bbox 1503 3881 1620 3956; x_wconf 85' lang='lat' dir='ltr'><strong>epistola</strong></span> <span class='ocrx_word' id='word_1_476' title='bbox 1631 3879 1694 3936; x_wconf 85' lang='lat' dir='ltr'><strong>data</strong></span> <span class='ocrx_word' id='word_1_477' title='bbox 1708 3880 1744 3936; x_wconf 91' lang='lat' dir='ltr'><strong>ad</strong></span> <span class='ocrx_word' id='word_1_478' title='bbox 1757 3881 1911 3936; x_wconf 85' lang='lat' dir='ltr'><strong>Henrienm</strong></span> <span class='ocrx_word' id='word_1_479' title='bbox 1922 3878 2053 3934; x_wconf 82' lang='lat' dir='ltr'><strong>cardina-</strong></span> 
     </span>
     <span class='ocr_line' id='line_1_37' title="bbox 466 3971 2053 4048; baseline -0.001 -21"><span class='ocrx_word' id='word_1_480' title='bbox 466 3972 522 4028; x_wconf 91' lang='lat' dir='ltr'><strong>lem</strong></span> <span class='ocrx_word' id='word_1_481' title='bbox 541 3973 734 4043; x_wconf 69' lang='lat' dir='ltr'><strong>utinensem,</strong></span> <span class='ocrx_word' id='word_1_482' title='bbox 764 3991 848 4048; x_wconf 86' lang='lat' dir='ltr'><strong>quem</strong></span> <span class='ocrx_word' id='word_1_483' title='bbox 874 3974 977 4033; x_wconf 74' lang='lat' dir='ltr'><strong>soson</strong></span> <span class='ocrx_word' id='word_1_484' title='bbox 997 3975 1157 4032; x_wconf 77' lang='lat' dir='ltr'><strong>interfuisse</strong></span> <span class='ocrx_word' id='word_1_485' title='bbox 1177 3976 1316 4032; x_wconf 79' lang='lat' dir='ltr'><strong>rhemensi</strong></span> <span class='ocrx_word' id='word_1_486' title='bbox 1338 3975 1475 4046; x_wconf 84' lang='lat' dir='ltr'><strong>concilio,</strong></span> <span class='ocrx_word' id='word_1_487' title='bbox 1493 3975 1542 4030; x_wconf 90' lang='lat' dir='ltr'><strong>nbi</strong></span> <span class='ocrx_word' id='word_1_488' title='bbox 1556 3975 1697 4047; x_wconf 72' lang='lat' dir='ltr'><strong>Eugenins</strong></span> <span class='ocrx_word' id='word_1_489' title='bbox 1709 3975 1753 4028; x_wconf 90' lang='grc'><strong>444</strong></span> <span class='ocrx_word' id='word_1_490' title='bbox 1772 3991 1841 4047; x_wconf 87' lang='lat' dir='ltr'><strong>papa</strong></span> <span class='ocrx_word' id='word_1_491' title='bbox 1862 3971 2053 4030; x_wconf 85' lang='lat' dir='ltr'><strong>Gislebertnnr</strong></span> 
     </span>
     <span class='ocr_line' id='line_1_38' title="bbox 468 4065 2052 4141; baseline -0.006 -13"><span class='ocrx_word' id='word_1_492' title='bbox 468 4065 663 4136; x_wconf 79' lang='lat' dir='ltr'><strong>pictaviensem</strong></span> <span class='ocrx_word' id='word_1_493' title='bbox 675 4067 838 4140; x_wconf 73' lang='lat' dir='ltr'><strong>episcopum</strong></span> <span class='ocrx_word' id='word_1_494' title='bbox 856 4065 1011 4126; x_wconf 71' lang='lat' dir='ltr'><strong>absolueret</strong></span> <span class='ocrx_word' id='word_1_495' title='bbox 1022 4069 1130 4140; x_wconf 87' lang='lat' dir='ltr'><strong>petius,</strong></span> <span class='ocrx_word' id='word_1_496' title='bbox 1144 4085 1229 4141; x_wconf 73' lang='grc' dir='ltr'><strong>φιιιιι</strong></span> <span class='ocrx_word' id='word_1_497' title='bbox 1242 4068 1492 4136; x_wconf 65' lang='lat' dir='ltr'><strong>coadunaverat,</strong></span> <span class='ocrx_word' id='word_1_498' title='bbox 1504 4069 1559 4124; x_wconf 89' lang='lat' dir='ltr'><strong>hoo</strong></span> <span class='ocrx_word' id='word_1_499' title='bbox 1572 4067 1655 4122; x_wconf 88' lang='lat' dir='ltr'><strong>modo</strong></span> <span class='ocrx_word' id='word_1_500' title='bbox 1670 4067 1797 4141; x_wconf 87' lang='lat' dir='ltr'><strong>loquitur</strong></span> <span class='ocrx_word' id='word_1_501' title='bbox 1810 4091 1816 4122; x_wconf 71' lang='grc' dir='ltr'><strong>ι</strong></span> <span class='ocrx_word' id='word_1_502' title='bbox 1830 4087 1844 4116; x_wconf 83' lang='grc' dir='ltr'><strong>ι</strong></span> <span class='ocrx_word' id='word_1_503' title='bbox 1854 4065 1955 4121; x_wconf 80' lang='lat' dir='ltr'><strong>Audivi</strong></span> <span class='ocrx_word' id='word_1_504' title='bbox 1966 4066 2052 4120; x_wconf 85' lang='lat' dir='ltr'><strong>etiam</strong></span> 
     </span>
     <span class='ocr_line' id='line_1_39' title="bbox 468 4157 2052 4234; baseline -0.003 -19"><span class='ocrx_word' id='word_1_505' title='bbox 468 4157 544 4234; x_wconf 88' lang='lat' dir='ltr'><strong>quod</strong></span> <span class='ocrx_word' id='word_1_506' title='bbox 564 4176 647 4234; x_wconf 89' lang='lat' dir='ltr'><strong>super</strong></span> <span class='ocrx_word' id='word_1_507' title='bbox 665 4158 844 4226; x_wconf 74' lang='lat' dir='ltr'><strong>damnatione</strong></span> <span class='ocrx_word' id='word_1_508' title='bbox 854 4159 930 4220; x_wconf 79' lang='lat' dir='ltr'><strong>Petri</strong></span> <span class='ocrx_word' id='word_1_509' title='bbox 944 4157 1242 4232; x_wconf 75' lang='lat' dir='ltr'><strong>Abnlerdidiligentia</strong></span> <span class='ocrx_word' id='word_1_510' title='bbox 1256 4171 1345 4216; x_wconf 82' lang='lat' dir='ltr'><strong>restra</strong></span> <span class='ocrx_word' id='word_1_511' title='bbox 1365 4159 1504 4218; x_wconf 87' lang='lat' dir='ltr'><strong>desideret</strong></span> <span class='ocrx_word' id='word_1_512' title='bbox 1518 4160 1628 4233; x_wconf 88' lang='lat' dir='ltr'><strong>plenius</strong></span> <span class='ocrx_word' id='word_1_513' title='bbox 1645 4177 1725 4216; x_wconf 87' lang='lat' dir='ltr'><strong>nosse</strong></span> <span class='ocrx_word' id='word_1_514' title='bbox 1741 4158 1869 4214; x_wconf 89' lang='lat' dir='ltr'><strong>similiter</strong></span> <span class='ocrx_word' id='word_1_515' title='bbox 1888 4158 2052 4228; x_wconf 83' lang='lat' dir='ltr'><strong>veritatem,</strong></span> 
     </span>
     <span class='ocr_line' id='line_1_40' title="bbox 467 4251 2052 4331; baseline -0.001 -26"><span class='ocrx_word' id='word_1_516' title='bbox 467 4252 547 4331; x_wconf 88' lang='lat' dir='ltr'><strong>cujus</strong></span> <span class='ocrx_word' id='word_1_517' title='bbox 567 4252 676 4326; x_wconf 79' lang='lat' dir='ltr'><strong>libellos</strong></span> <span class='ocrx_word' id='word_1_518' title='bbox 688 4254 739 4327; x_wconf 80' lang='lat' dir='ltr'><strong>piae</strong></span> <span class='ocrx_word' id='word_1_519' title='bbox 751 4255 891 4318; x_wconf 67' lang='lat' dir='ltr'><strong>metuerim</strong></span> <span class='ocrx_word' id='word_1_520' title='bbox 909 4252 1049 4314; x_wconf 73' lang='lat' dir='ltr'><strong>docrinas-</strong></span> <span class='ocrx_word' id='word_1_521' title='bbox 1063 4255 1242 4309; x_wconf 83' lang='lat' dir='ltr'><strong>lnnocentius</strong></span> <span class='ocrx_word' id='word_1_522' title='bbox 1261 4273 1331 4328; x_wconf 84' lang='lat' dir='ltr'><strong>papa</strong></span> <span class='ocrx_word' id='word_1_523' title='bbox 1350 4254 1397 4324; x_wconf 88' lang='lat'><strong>11,</strong></span> <span class='ocrx_word' id='word_1_524' title='bbox 1419 4255 1447 4308; x_wconf 90' lang='lat' dir='ltr'><strong>in</strong></span> <span class='ocrx_word' id='word_1_525' title='bbox 1469 4254 1538 4308; x_wconf 84' lang='lat' dir='ltr'><strong>urbe</strong></span> <span class='ocrx_word' id='word_1_526' title='bbox 1556 4253 1646 4309; x_wconf 75' lang='lat' dir='ltr'><strong>noma</strong></span> <span class='ocrx_word' id='word_1_527' title='bbox 1658 4263 1688 4309; x_wconf 91' lang='lat' dir='ltr'><strong>et</strong></span> <span class='ocrx_word' id='word_1_528' title='bbox 1701 4253 1730 4308; x_wconf 91' lang='lat' dir='ltr'><strong>in</strong></span> <span class='ocrx_word' id='word_1_529' title='bbox 1746 4251 1860 4308; x_wconf 72' lang='lat' dir='ltr'><strong>eculeus</strong></span> <span class='ocrx_word' id='word_1_530' title='bbox 1879 4251 1954 4306; x_wconf 84' lang='lat' dir='ltr'><strong>Beati</strong></span> <span class='ocrx_word' id='word_1_531' title='bbox 1973 4251 2052 4307; x_wconf 89' lang='lat' dir='ltr'><strong>Petri</strong></span> 
     </span>
     <span class='ocr_line' id='line_1_41' title="bbox 468 4341 2053 4420; baseline -0.002 -22"><span class='ocrx_word' id='word_1_532' title='bbox 468 4344 599 4412; x_wconf 80' lang='lat' dir='ltr'><strong>incendio</strong></span> <span class='ocrx_word' id='word_1_533' title='bbox 612 4345 716 4409; x_wconf 83' lang='lat' dir='ltr'><strong>celebri</strong></span> <span class='ocrx_word' id='word_1_534' title='bbox 728 4347 929 4415; x_wconf 76' lang='lat' dir='ltr'><strong>concremarit,</strong></span> <span class='ocrx_word' id='word_1_535' title='bbox 942 4346 1092 4420; x_wconf 83' lang='lat' dir='ltr'><strong>apostolice</strong></span> <span class='ocrx_word' id='word_1_536' title='bbox 1105 4346 1272 4402; x_wconf 82' lang='lat' dir='ltr'><strong>auctoritate</strong></span> <span class='ocrx_word' id='word_1_537' title='bbox 1283 4346 1444 4400; x_wconf 83' lang='lat' dir='ltr'><strong>hereticum</strong></span> <span class='ocrx_word' id='word_1_538' title='bbox 1457 4345 1535 4406; x_wconf 86' lang='lat' dir='ltr'><strong>illum</strong></span> <span class='ocrx_word' id='word_1_539' title='bbox 1550 4345 1727 4402; x_wconf 87' lang='lat' dir='ltr'><strong>denuntians.</strong></span> <span class='ocrx_word' id='word_1_540' title='bbox 1738 4345 1809 4399; x_wconf 85' lang='lat' dir='ltr'><strong>Nam</strong></span> <span class='ocrx_word' id='word_1_541' title='bbox 1828 4355 1857 4400; x_wconf 92' lang='lat' dir='ltr'><strong>et</strong></span> <span class='ocrx_word' id='word_1_542' title='bbox 1877 4353 1942 4398; x_wconf 84' lang='lat' dir='ltr'><strong>ante</strong></span> <span class='ocrx_word' id='word_1_543' title='bbox 1958 4341 2053 4416; x_wconf 82' lang='lat' dir='ltr'><strong>plures</strong></span> 
     </span>
     <span class='ocr_line' id='line_1_42' title="bbox 469 4435 2052 4514; baseline 0 -24"><span class='ocrx_word' id='word_1_544' title='bbox 469 4455 554 4497; x_wconf 85' lang='lat' dir='ltr'><strong>annos</strong></span> <span class='ocrx_word' id='word_1_545' title='bbox 575 4439 741 4509; x_wconf 71' lang='lat' dir='ltr'><strong>uenerabilis</strong></span> <span class='ocrx_word' id='word_1_546' title='bbox 759 4439 874 4514; x_wconf 78' lang='lat' dir='ltr'><strong>quidam</strong></span> <span class='ocrx_word' id='word_1_547' title='bbox 893 4439 1043 4502; x_wconf 84' lang='lat' dir='ltr'><strong>cardinalis</strong></span> <span class='ocrx_word' id='word_1_548' title='bbox 1054 4450 1084 4496; x_wconf 89' lang='lat' dir='ltr'><strong>et</strong></span> <span class='ocrx_word' id='word_1_549' title='bbox 1095 4438 1207 4512; x_wconf 75' lang='lat' dir='ltr'><strong>legatus</strong></span> <span class='ocrx_word' id='word_1_550' title='bbox 1222 4457 1343 4494; x_wconf 77' lang='lat' dir='ltr'><strong>remane</strong></span> <span class='ocrx_word' id='word_1_551' title='bbox 1358 4438 1496 4506; x_wconf 69' lang='lat' dir='ltr'><strong>cocheio,</strong></span> <span class='ocrx_word' id='word_1_552' title='bbox 1512 4439 1592 4496; x_wconf 83' lang='lat' dir='ltr'><strong>Cone</strong></span> <span class='ocrx_word' id='word_1_553' title='bbox 1608 4440 1737 4506; x_wconf 84' lang='lat' dir='ltr'><strong>nemine,</strong></span> <span class='ocrx_word' id='word_1_554' title='bbox 1756 4437 1893 4511; x_wconf 68' lang='lat' dir='ltr'><strong>regnatoris</strong></span> <span class='ocrx_word' id='word_1_555' title='bbox 1910 4435 2052 4510; x_wconf 88' lang='lat' dir='ltr'><strong>quondam</strong></span> 
     </span>
     <span class='ocr_line' id='line_1_43' title="bbox 466 4527 2054 4606; baseline -0.001 -22"><span class='ocrx_word' id='word_1_556' title='bbox 466 4533 615 4593; x_wconf 78' lang='lat' dir='ltr'><strong>canonieus</strong></span> <span class='ocrx_word' id='word_1_557' title='bbox 628 4534 748 4598; x_wconf 63' lang='lat' dir='ltr'><strong>eculeum</strong></span> <span class='ocrx_word' id='word_1_558' title='bbox 766 4534 861 4600; x_wconf 69' lang='lat' dir='ltr'><strong>Senem</strong></span> <span class='ocrx_word' id='word_1_559' title='bbox 873 4533 980 4594; x_wconf 83' lang='lat' dir='ltr'><strong>Nicolai</strong></span> <span class='ocrx_word' id='word_1_560' title='bbox 993 4533 1030 4590; x_wconf 85' lang='lat' dir='ltr'><strong>de</strong></span> <span class='ocrx_word' id='word_1_561' title='bbox 1040 4533 1169 4601; x_wconf 72' lang='lat' dir='ltr'><strong>Arsacia,</strong></span> <span class='ocrx_word' id='word_1_562' title='bbox 1184 4531 1355 4606; x_wconf 70' lang='lat' dir='ltr'><strong>theologiam</strong></span> <span class='ocrx_word' id='word_1_563' title='bbox 1368 4533 1429 4604; x_wconf 86' lang='lat' dir='ltr'><strong>ejus</strong></span> <span class='ocrx_word' id='word_1_564' title='bbox 1439 4534 1580 4588; x_wconf 85' lang='lat' dir='ltr'><strong>suessione</strong></span> <span class='ocrx_word' id='word_1_565' title='bbox 1590 4531 1739 4588; x_wconf 87' lang='lat' dir='ltr'><strong>concilium</strong></span> <span class='ocrx_word' id='word_1_566' title='bbox 1752 4530 1909 4593; x_wconf 81' lang='lat' dir='ltr'><strong>celebrans,</strong></span> <span class='ocrx_word' id='word_1_567' title='bbox 1924 4527 2054 4584; x_wconf 85' lang='lat' dir='ltr'><strong>similiter</strong></span> 
     </span>
     <span class='ocr_line' id='line_1_44' title="bbox 468 4621 2053 4700; baseline -0.001 -23"><span class='ocrx_word' id='word_1_568' title='bbox 468 4636 705 4698; x_wconf 74' lang='lat' dir='ltr'><strong>concremaverat,</strong></span> <span class='ocrx_word' id='word_1_569' title='bbox 718 4628 811 4700; x_wconf 84' lang='lat' dir='ltr'><strong>ipsum</strong></span> <span class='ocrx_word' id='word_1_570' title='bbox 821 4629 938 4688; x_wconf 80' lang='lat' dir='ltr'><strong>Petrum</strong></span> <span class='ocrx_word' id='word_1_571' title='bbox 958 4635 1121 4700; x_wconf 83' lang='lat' dir='ltr'><strong>presencem</strong></span> <span class='ocrx_word' id='word_1_572' title='bbox 1140 4643 1277 4700; x_wconf 74' lang='lat' dir='ltr'><strong>arguens,</strong></span> <span class='ocrx_word' id='word_1_573' title='bbox 1291 4637 1320 4680; x_wconf 91' lang='lat' dir='ltr'><strong>et</strong></span> <span class='ocrx_word' id='word_1_574' title='bbox 1332 4627 1489 4681; x_wconf 65' lang='lat' dir='ltr'><strong>coeddam</strong></span> <span class='ocrx_word' id='word_1_575' title='bbox 1502 4625 1539 4680; x_wconf 85' lang='lat' dir='ltr'><strong>de</strong></span> <span class='ocrx_word' id='word_1_576' title='bbox 1551 4626 1679 4682; x_wconf 83' lang='lat' dir='ltr'><strong>heretice</strong></span> <span class='ocrx_word' id='word_1_577' title='bbox 1700 4623 1834 4697; x_wconf 75' lang='lat' dir='ltr'><strong>pravitate</strong></span> <span class='ocrx_word' id='word_1_578' title='bbox 1853 4621 2053 4678; x_wconf 86' lang='lat' dir='ltr'><strong>condemnans.</strong></span> 
     </span>
     <span class='ocr_line' id='line_1_45' title="bbox 470 4715 2054 4794; baseline -0.01 -9"><span class='ocrx_word' id='word_1_579' title='bbox 470 4718 552 4785; x_wconf 65' lang='lat' dir='ltr'><strong>Unde</strong></span> <span class='ocrx_word' id='word_1_580' title='bbox 568 4729 658 4783; x_wconf 71' lang='lat' dir='ltr'><strong>vestro</strong></span> <span class='ocrx_word' id='word_1_581' title='bbox 677 4722 699 4776; x_wconf 78' lang='lat' dir='ltr'><strong>si</strong></span> <span class='ocrx_word' id='word_1_582' title='bbox 714 4721 851 4794; x_wconf 63' lang='lat' dir='ltr'><strong>muueris</strong></span> <span class='ocrx_word' id='word_1_583' title='bbox 868 4719 1025 4788; x_wconf 78' lang='lat' dir='ltr'><strong>desiderio,</strong></span> <span class='ocrx_word' id='word_1_584' title='bbox 1045 4739 1095 4794; x_wconf 87' lang='lat' dir='ltr'><strong>per</strong></span> <span class='ocrx_word' id='word_1_585' title='bbox 1107 4718 1232 4776; x_wconf 77' lang='lat' dir='ltr'><strong>fibellum</strong></span> <span class='ocrx_word' id='word_1_586' title='bbox 1246 4719 1285 4774; x_wconf 86' lang='lat' dir='ltr'><strong>dc</strong></span> <span class='ocrx_word' id='word_1_587' title='bbox 1297 4721 1363 4778; x_wconf 78' lang='lat' dir='ltr'><strong>Vita</strong></span> <span class='ocrx_word' id='word_1_588' title='bbox 1381 4721 1467 4774; x_wconf 85' lang='lat' dir='ltr'><strong>sancti</strong></span> <span class='ocrx_word' id='word_1_589' title='bbox 1485 4719 1618 4778; x_wconf 71' lang='lat' dir='ltr'><strong>bernardi</strong></span> <span class='ocrx_word' id='word_1_590' title='bbox 1633 4729 1663 4774; x_wconf 93' lang='lat' dir='ltr'><strong>et</strong></span> <span class='ocrx_word' id='word_1_591' title='bbox 1677 4735 1730 4792; x_wconf 87' lang='lat' dir='ltr'><strong>per</strong></span> <span class='ocrx_word' id='word_1_592' title='bbox 1741 4717 1802 4790; x_wconf 82' lang='lat' dir='ltr'><strong>ejus</strong></span> <span class='ocrx_word' id='word_1_593' title='bbox 1815 4715 1944 4790; x_wconf 84' lang='lat' dir='ltr'><strong>epistolas</strong></span> <span class='ocrx_word' id='word_1_594' title='bbox 1956 4715 2054 4770; x_wconf 83' lang='lat' dir='ltr'><strong>missas</strong></span> 
     </span>
     <span class='ocr_line' id='line_1_46' title="bbox 470 4809 2055 4884; baseline -0.003 -19"><span class='ocrx_word' id='word_1_595' title='bbox 470 4809 505 4872; x_wconf 86' lang='lat' dir='ltr'><strong>ad</strong></span> <span class='ocrx_word' id='word_1_596' title='bbox 517 4811 624 4874; x_wconf 80' lang='lat' dir='ltr'><strong>curiam</strong></span> <span class='ocrx_word' id='word_1_597' title='bbox 638 4813 761 4878; x_wconf 74' lang='lat' dir='ltr'><strong>sadsdet.</strong></span> <span class='ocrx_word' id='word_1_598' title='bbox 772 4815 871 4878; x_wconf 78' lang='lat' dir='ltr'><strong>inveni</strong></span> <span class='ocrx_word' id='word_1_599' title='bbox 883 4825 975 4876; x_wconf 76' lang='lat' dir='ltr'><strong>tannen</strong></span> <span class='ocrx_word' id='word_1_600' title='bbox 989 4814 1018 4872; x_wconf 89' lang='lat' dir='ltr'><strong>in</strong></span> <span class='ocrx_word' id='word_1_601' title='bbox 1031 4811 1183 4870; x_wconf 79' lang='lat' dir='ltr'><strong>Clarssalle</strong></span> <span class='ocrx_word' id='word_1_602' title='bbox 1192 4812 1317 4868; x_wconf 79' lang='lat' dir='ltr'><strong>libellam</strong></span> <span class='ocrx_word' id='word_1_603' title='bbox 1329 4811 1476 4884; x_wconf 72' lang='lat' dir='ltr'><strong>eujusdam</strong></span> <span class='ocrx_word' id='word_1_604' title='bbox 1488 4812 1596 4868; x_wconf 83' lang='lat' dir='ltr'><strong>abbatis</strong></span> <span class='ocrx_word' id='word_1_605' title='bbox 1604 4811 1755 4884; x_wconf 49' lang='lat' dir='ltr'><strong>‘signorum</strong></span> <span class='ocrx_word' id='word_1_606' title='bbox 1767 4809 1983 4875; x_wconf 81' lang='lat' dir='ltr'><strong>monachorum,</strong></span> <span class='ocrx_word' id='word_1_607' title='bbox 1996 4822 2055 4882; x_wconf 91' lang='lat' dir='ltr'><strong>qno</strong></span> 
     </span>
     <span class='ocr_line' id='line_1_47' title="bbox 467 4899 2054 4982; baseline -0.009 -11"><span class='ocrx_word' id='word_1_608' title='bbox 467 4922 577 4971; x_wconf 65' lang='lat' dir='ltr'><strong>el&#39;l&#39;toes</strong></span> <span class='ocrx_word' id='word_1_609' title='bbox 590 4903 716 4977; x_wconf 68' lang='lat' dir='ltr'><strong>ejvedem</strong></span> <span class='ocrx_word' id='word_1_610' title='bbox 730 4907 807 4969; x_wconf 72' lang='lat' dir='ltr'><strong>Petri</strong></span> <span class='ocrx_word' id='word_1_611' title='bbox 824 4917 970 4978; x_wconf 69' lang='lat' dir='ltr'><strong>mansor,</strong></span> <span class='ocrx_word' id='word_1_612' title='bbox 988 4923 1072 4982; x_wconf 80' lang='lat' dir='ltr'><strong>quern</strong></span> <span class='ocrx_word' id='word_1_613' title='bbox 1090 4917 1120 4962; x_wconf 87' lang='lat' dir='ltr'><strong>et</strong></span> <span class='ocrx_word' id='word_1_614' title='bbox 1136 4905 1204 4962; x_wconf 89' lang='lat' dir='ltr'><strong>olim</strong></span> <span class='ocrx_word' id='word_1_615' title='bbox 1219 4923 1264 4961; x_wconf 77' lang='lat' dir='ltr'><strong>sane</strong></span> <span class='ocrx_word' id='word_1_616' title='bbox 1284 4904 1384 4960; x_wconf 75' lang='lat' dir='ltr'><strong>uidisse</strong></span> <span class='ocrx_word' id='word_1_617' title='bbox 1402 4905 1553 4962; x_wconf 79' lang='lat' dir='ltr'><strong>recorder:</strong></span> <span class='ocrx_word' id='word_1_618' title='bbox 1568 4903 1645 4960; x_wconf 90' lang='lat' dir='ltr'><strong>seda</strong></span> <span class='ocrx_word' id='word_1_619' title='bbox 1659 4903 1861 4970; x_wconf 74' lang='lat' dir='ltr'><strong>multicannis,</strong></span> <span class='ocrx_word' id='word_1_620' title='bbox 1876 4913 1910 4957; x_wconf 89' lang='lat' dir='ltr'><strong>ut</strong></span> <span class='ocrx_word' id='word_1_621' title='bbox 1923 4899 2054 4956; x_wconf 60' lang='lat' dir='ltr'><strong>custodes</strong></span> 
     </span>
     <span class='ocr_line' id='line_1_48' title="bbox 467 4990 2053 5074; baseline -0.008 -13"><span class='ocrx_word' id='word_1_622' title='bbox 467 4995 604 5061; x_wconf 75' lang='lat' dir='ltr'><strong>librorum</strong></span> <span class='ocrx_word' id='word_1_623' title='bbox 619 5008 761 5069; x_wconf 61' lang='lat' dir='ltr'><strong>saeuum,</strong></span> <span class='ocrx_word' id='word_1_624' title='bbox 775 4999 898 5062; x_wconf 76' lang='lat' dir='ltr'><strong>saudan</strong></span> <span class='ocrx_word' id='word_1_625' title='bbox 918 5002 1066 5074; x_wconf 60' lang='lat' dir='ltr'><strong>walins,</strong></span> <span class='ocrx_word' id='word_1_626' title='bbox 1079 5001 1193 5074; x_wconf 84' lang='lat' dir='ltr'><strong>primns</strong></span> <span class='ocrx_word' id='word_1_627' title='bbox 1201 4999 1352 5074; x_wconf 84' lang='lat' dir='ltr'><strong>quaternio</strong></span> <span class='ocrx_word' id='word_1_628' title='bbox 1361 5017 1417 5054; x_wconf 91' lang='lat' dir='ltr'><strong>non</strong></span> <span class='ocrx_word' id='word_1_629' title='bbox 1430 4997 1662 5073; x_wconf 82' lang='lat' dir='ltr'><strong>potuitinven&#39;rrl.</strong></span> <span class='ocrx_word' id='word_1_630' title='bbox 1680 4997 1801 5070; x_wconf 85' lang='lat' dir='ltr'><strong>Prupter</strong></span> <span class='ocrx_word' id='word_1_631' title='bbox 1819 4990 1896 5070; x_wconf 88' lang='lat' dir='ltr'><strong>quod</strong></span> <span class='ocrx_word' id='word_1_632' title='bbox 1917 4993 2053 5068; x_wconf 82' lang='lat' dir='ltr'><strong>prepositi</strong></span> 
     </span>
     <span class='ocr_line' id='line_1_49' title="bbox 466 5085 2052 5165; baseline -0.01 -12"><span class='ocrx_word' id='word_1_633' title='bbox 466 5092 556 5153; x_wconf 70' lang='lat' dir='ltr'><strong>nostri</strong></span> <span class='ocrx_word' id='word_1_634' title='bbox 570 5101 612 5156; x_wconf 79' lang='lat' dir='ltr'><strong>cst</strong></span> <span class='ocrx_word' id='word_1_635' title='bbox 623 5093 652 5152; x_wconf 83' lang='lat' dir='ltr'><strong>ia</strong></span> <span class='ocrx_word' id='word_1_636' title='bbox 666 5092 813 5158; x_wconf 68' lang='lat' dir='ltr'><strong>tamenn</strong></span> <span class='ocrx_word' id='word_1_637' title='bbox 824 5093 964 5157; x_wconf 72' lang='lat' dir='ltr'><strong>dentium</strong></span> <span class='ocrx_word' id='word_1_638' title='bbox 978 5093 1015 5152; x_wconf 80' lang='lat' dir='ltr'><strong>ad</strong></span> <span class='ocrx_word' id='word_1_639' title='bbox 1032 5093 1229 5150; x_wconf 71' lang='lat' dir='ltr'><strong>monasteinm</strong></span> <span class='ocrx_word' id='word_1_640' title='bbox 1242 5091 1324 5164; x_wconf 76' lang='lat' dir='ltr'><strong>nujus</strong></span> <span class='ocrx_word' id='word_1_641' title='bbox 1333 5091 1416 5148; x_wconf 87' lang='lat' dir='ltr'><strong>abhas</strong></span> <span class='ocrx_word' id='word_1_642' title='bbox 1427 5091 1533 5159; x_wconf 73' lang='lat' dir='ltr'><strong>satida,</strong></span> <span class='ocrx_word' id='word_1_643' title='bbox 1553 5093 1602 5165; x_wconf 91' lang='lat' dir='ltr'><strong>qui</strong></span> <span class='ocrx_word' id='word_1_644' title='bbox 1620 5089 1741 5146; x_wconf 84' lang='lat' dir='ltr'><strong>eundem</strong></span> <span class='ocrx_word' id='word_1_645' title='bbox 1757 5087 1860 5142; x_wconf 83' lang='lat' dir='ltr'><strong>librum</strong></span> <span class='ocrx_word' id='word_1_646' title='bbox 1876 5085 2052 5160; x_wconf 80' lang='lat' dir='ltr'><strong>censposuit,</strong></span> 
     </span>
     <span class='ocr_line' id='line_1_50' title="bbox 465 5180 2056 5262; baseline -0.004 -22"><span class='ocrx_word' id='word_1_647' title='bbox 465 5193 494 5238; x_wconf 88' lang='lat' dir='ltr'><strong>et</strong></span> <span class='ocrx_word' id='word_1_648' title='bbox 510 5186 531 5244; x_wconf 90' lang='lat' dir='ltr'><strong>si</strong></span> <span class='ocrx_word' id='word_1_649' title='bbox 551 5203 717 5262; x_wconf 69' lang='lat' dir='ltr'><strong>recuperare</strong></span> <span class='ocrx_word' id='word_1_650' title='bbox 733 5197 852 5261; x_wconf 76' lang='lat' dir='ltr'><strong>pelean,</strong></span> <span class='ocrx_word' id='word_1_651' title='bbox 866 5188 1015 5252; x_wconf 76' lang='lat' dir='ltr'><strong>tususnribi</strong></span> <span class='ocrx_word' id='word_1_652' title='bbox 1028 5188 1122 5249; x_wconf 86' lang='lat' dir='ltr'><strong>faeere</strong></span> <span class='ocrx_word' id='word_1_653' title='bbox 1135 5185 1259 5244; x_wconf 81' lang='lat' dir='ltr'><strong>cndieem</strong></span> <span class='ocrx_word' id='word_1_654' title='bbox 1279 5196 1385 5254; x_wconf 80' lang='lat' dir='ltr'><strong>tonum,</strong></span> <span class='ocrx_word' id='word_1_655' title='bbox 1400 5198 1433 5242; x_wconf 71' lang='lat' dir='ltr'><strong>sc</strong></span> <span class='ocrx_word' id='word_1_656' title='bbox 1442 5188 1553 5242; x_wconf 81' lang='lat' dir='ltr'><strong>mittere</strong></span> <span class='ocrx_word' id='word_1_657' title='bbox 1565 5184 1650 5238; x_wconf 87' lang='lat' dir='ltr'><strong>vobis.</strong></span> <span class='ocrx_word' id='word_1_658' title='bbox 1663 5182 1757 5239; x_wconf 79' lang='lat' dir='ltr'><strong>Crede</strong></span> <span class='ocrx_word' id='word_1_659' title='bbox 1772 5183 1848 5238; x_wconf 81' lang='lat' dir='ltr'><strong>enirn</strong></span> <span class='ocrx_word' id='word_1_660' title='bbox 1866 5180 1942 5254; x_wconf 86' lang='lat' dir='ltr'><strong>quod</strong></span> <span class='ocrx_word' id='word_1_661' title='bbox 1961 5189 2056 5234; x_wconf 71' lang='lat' dir='ltr'><strong>resne</strong></span> 
     </span>
    </p>
   </div>
   <div class='ocr_carea' id='block_1_5' title="bbox 0 0 2268 6100">
    <p class='ocr_par' dir='ltr' id='par_1_5' title="bbox 0 0 2268 6100">
     <span class='ocr_line' id='line_1_51' title="bbox 0 0 2268 6100; baseline 0 0"><span class='ocrx_word' id='word_1_662' title='bbox 0 0 2268 6100; x_wconf 95' lang='lat' dir='ltr'><strong> </strong></span> 
     </span>
    </p>
   </div>
  </div>
 </body>
</html>
