4522 6102
894 695 1132 772 nrtsrotm
1730 690 1802 762 tta
1882 683 1888 694 ”

225 841 314 932 illis,
328 856 366 914 et
392 863 468 912 non
486 851 651 936 gravetur
677 838 844 933 ecclesia,
870 857 910 915 ut
932 841 988 912 his
1008 863 1089 936 quse
1108 855 1197 910 vere
1219 835 1334 910 viduae
1358 849 1444 910 sunt
1467 831 1628 908 sufficiat.
1653 859 1674 902 ι
1696 835 1804 908 Venas
1877 852 1881 860 '

225 962 359 1060 quippe
381 957 507 1032 viduas
529 957 615 1030 dicit
641 982 875 1058 quascunque
897 960 1037 1033 Christo
1065 956 1229 1045 devotas,
1257 954 1387 1054 quibus
1406 978 1481 1026 non
1514 952 1633 1026 solum
1656 953 1803 1026 maritus

226 1093 470 1169 mortunsest,
491 1101 616 1150 verum
627 1079 756 1152 etiam¹
771 1081 928 1154 mundns
946 1076 1217 1168 crucifimsest,
1235 1077 1362 1174 etipsae
1375 1074 1525 1147 mundo.
1540 1077 1638 1161 Quas
1650 1071 1803 1147 rectede

226 1197 420 1298 dispendiis
437 1197 591 1270 ecclesiae
614 1212 785 1296 tanquam
803 1200 851 1272 de
870 1199 1023 1300 propriis
1045 1197 1168 1298 sponsi
1185 1196 1240 1268 sui
1257 1193 1455 1268 redditibus
1467 1194 1656 1266 smtentari
1671 1217 1803 1265 conve·

227 1318 291 1388 nit.
319 1315 424 1387 Unde
441 1331 477 1388 et
498 1318 676 1389 Dominus
697 1318 772 1417 ipse
795 1321 899 1392 matri
923 1343 995 1390 suae
1015 1330 1285 1415 procuratorem
1307 1313 1511 1412 apostolum
1525 1315 1537 1350 ¹
1552 1313 1671 1411 potins
1697 1335 1804 1409 quam
1929 1341 1935 1352 ·

226 1437 342 1508 virum
360 1436 437 1532 ejus
454 1436 616 1534 praevidit
626 1439 650 1527 ⁸,
671 1452 706 1508 et
723 1438 876 1536 apostoli
887 1453 1023 1537 septem
1037 1436 1226 1526 diaconos,
1241 1435 1345 1507 idest
1360 1433 1516 1506 ecclesiae
1528 1434 1728 1522 menos,
1741 1435 1821 1529 qui.

226 1553 364 1626 devotis
386 1555 628 1628 ministrarent
644 1555 800 1646 leminis,
816 1557 1045 1630 instituertmt
1055 1551 1077 1626 *ἶ
1101 1555 1239 1627 Scimus
1256 1553 1408 1652 quidem'
1420 1568 1456 1626 et
1472 1551 1683 1650 Apostolum
1696 1550 1803 1624 Thes·

225 1659 504 1748 uldnbendbus
512 1675 926 1774 mmbentem⁸quosdam
937 1675 1261 1748 otiosevelcuriose
1270 1676 1430 1747 viventes
1439 1672 1531 1746 adeo
1541 1671 1802 1770 constrinxisse,

226 1811 266 1867 ut
287 1799 513 1896 praeciperet,
533 1797 724 1893 quoniam,
748 1797 877 1893 siquis
902 1820 978 1868 non
996 1795 1073 1866 vult
1099 1796 1256 1894 operari,
1282 1817 1357 1866 non
1378 1792 1593 1882 manducet3
1608 1807 1644 1864 et
1660 1789 1805 1864 henaim

225 1916 471 1990 Benedictum⁸
483 1916 636 1988 mxime
648 1939 714 2013 pro
726 1916 920 1988 odoumoe'
933 1914 1077 1986 danda
1090 1939 1199 2014 opera
1212 1937 1384 1985 manuum
1396 1913 1604 2008 injrmxisse.
1624 1910 1696 1984 Sed
1712 1929 1806 1982 nun·

225 2033 312 2131 quid
337 2035 446 2106 Maria
467 2036 581 2106 otiose
603 2033 750 2106 sedebat
761 2037 784 2125 ⁸,
807 2050 846 2106 ut
863 2033 971 2106 verba
996 2033 1126 2105 Christi
1144 2032 1302 2123 audiret,
1317 2031 1456 2104 Martha
1468 2047 1542 2104 tam
1556 2030 1711 2128 siquam
1732 2034 1805 2102 Do·

156 2237 162 2249 ,
226 2155 326 2224 mino
351 2152 556 2244 laborante,
579 2168 615 2226 et
634 2154 681 2225 de
699 2154 818 2249 quiete
845 2153 977 2256 sororis
997 2167 1166 2249 tanquam
1188 2151 1310 2223 invida
1326 2165 1591 2239 murmurante,
1610 2151 1710 2247 quasi
1728 2172 1807 2248 quae

226 2271 300 2342 sola
318 2272 462 2369 pondus
479 2272 550 2343 diei
572 2285 609 2343 et
627 2285 732 2344 astus
750 2267 966 2370 portaverit?
981 2270 1086 2343 Unde
1102 2285 1138 2342 et
1155 2269 1265 2342 hodie
1285 2269 1488 2366 frequenter
1502 2293 1726 2340 murmurare
1745 2292 1808 2340 eos

226 2390 421 2480 cernimus,
438 2391 551 2488 quiin
570 2390 803 2463 exterioribus
815 2390 996 2479 laborant,
1013 2413 1126 2487 quum
1148 2389 1204 2460 his
1221 2389 1285 2486 qui
1302 2389 1431 2460 divinis
1445 2389 1608 2487 occupati
1626 2403 1711 2460 sunt
1728 2386 1805 2460 offi-

226 2509 288 2579 ciis
302 2522 441 2580 terrena
456 2510 669 2582 ministrant.
692 2513 736 2581 Et
748 2533 840 2608 saepe
859 2509 905 2592 de
917 2509 991 2600 bis,
1010 2533 1089 2606 quae
1108 2509 1249 2605 tyranni
1262 2508 1422 2606 rapiunt,
1444 2508 1562 2578 minus
1578 2530 1804 2603 coequemu-

226 2642 295 2716 tur,
315 2652 426 2724 quam
441 2628 737 2726 quae'desidiosis,
754 2643 795 2700 ut
809 2630 928 2718 aiunt,
944 2629 1018 2700 istis
1033 2643 1069 2700 et
1086 2627 1208 2700 otiosis
1227 2627 1408 2699 exsolvere
1421 2641 1610 2723 coguntur.
1632 2631 1731 2712 Quos
1749 2641 1805 2698 tau

226 2769 309 2818 men
338 2772 413 2819 non
435 2747 553 2819 solum
575 2747 683 2820 verba
705 2747 836 2820 Christi
860 2747 1003 2837 audire,
1026 2747 1257 2819 verumetiam
1283 2747 1320 2817 in
1338 2745 1395 2817 his
1426 2744 1567 2818 assidue
1589 2745 1746 2842 legendis
1771 2760 1807 2817 et

226 2865 457 2938 decantandis
471 2882 665 2966 occupatos
686 2867 915 2940 considerant
932 2891 1020 2940 esse.
1043 2872 1115 2938 Nec
1135 2865 1345 2938 attendunt·
1362 2889 1437 2964 nop
1456 2885 1533 2936 esse
1553 2889 1742 2961 magnum,
1768 2882 1806 2938 ut

225 2987 273 3057 ait
296 2985 526 3086 Apostolust,
550 2988 578 3058 si
602 2987 653 3059 eis
671 2989 938 3059 communicent
958 2985 1176 3085 corporalia,
1197 3009 1217 3056 a
1236 2985 1366 3081 quihus
1386 2999 1574 3084 expectant
1597 2984 1800 3083 spiritualia.
1829 3053 1832 3061 ,

224 3107 295 3176 Nec
313 3104 501 3202 indignum
522 3129 618 3196 esse,
639 3120 680 3177 ut
696 3107 758 3203 qui
775 3107 923 3178 terrenis
939 3106 1151 3191 intendunt,
1169 3105 1225 3177 his
1243 3105 1305 3201 qui
1323 3103 1562 3203 spiritualibus
1583 3120 1805 3203 occupantur

223 3223 437 3296 deserviant.
468 3226 559 3296 Hinc
577 3225 709 3296 etenim
729 3249 772 3296 ex
791 3225 868 3322 ipsa
891 3249 1038 3322 quoque
1058 3224 1145 3321 legis
1162 3224 1345 3296 sanctione
1368 3224 1537 3296 ministris
1557 3223 1710 3296 ecclesiae
1730 3225 1806 3298 haec

221 3341 374 3414 salubris
392 3344 456 3414 otii
468 3342 613 3442 libertas
626 3369 814 3433 concessa,
836 3358 876 3415 ut
887 3345 1000 3416 tribus
1011 3345 1095 3417 Levi
1113 3343 1202 3414 nihil
1213 3342 1425 3415 haereditatis
1438 3359 1585 3415 terrenae
1593 3346 1804 3444 perciperet,

219 3483 296 3556 quo
315 3463 512 3561 expeditius
528 3465 687 3536 Domino
701 3463 917 3554 deserviret,
932 3462 995 3535 sed
1012 3462 1059 3536 de
1072 3462 1194 3534 labore
1209 3462 1361 3534 aliorum
1382 3462 1538 3535 decimas
1556 3479 1592 3534 et
1609 3463 1806 3537 oblationes

218 3581 417 3678 susciperet
428 3584 459 3652 ¹¹.
481 3585 535 3652 De
563 3580 775 3652 abstinentia
805 3605 951 3679 quoque
974 3581 1214 3677 jejuniorum,
1235 3606 1343 3682 quam
1369 3583 1481 3679 magis
1506 3583 1674 3654 vitiorum
1698 3607 1805 3680 quam

215 3698 388 3771 ciborum
406 3699 596 3772 Christiani
617 3715 809 3798 appetunt,
826 3700 958 3798 siquid
976 3700 1130 3772 ecclesias
1147 3702 1361 3774 institutioni
1376 3701 1568 3799 superaddi
1584 3702 1803 3791 decreveris,

214 3818 495 3892 deliberandum
516 3835 585 3911 est,
603 3835 638 3892 et
656 3818 756 3918 quod
774 3819 880 3892 nobis
898 3819 1043 3918 expedit
1062 3820 1330 3892 instituendum.
1347 3820 1499 3892 Maxime
1512 3846 1598 3892 vero
1617 3821 1664 3894 de
1682 3821 1808 3894 officiis

80 3969 86 3982 ·
211 3936 485 4028 ecclesiasticis,
507 3953 542 4010 et
553 3939 599 4011 de
613 3938 839 4010 ordinatione
854 3936 1073 4036 psalmorum
1094 3937 1360 4036 providendum
1379 3955 1457 4030 cst,
1474 3956 1513 4012 ut
1525 3941 1561 4011 in
1574 3941 1645 4012 hoc
1658 3940 1804 4030 saltem,

208 4059 244 4128 si
259 4057 402 4156 placet,
419 4074 578 4131 nostram
596 4083 767 4132 exoneres
785 4057 1040 4131 infirmitatem.
1062 4062 1233 4155 Ne'quum
1241 4059 1456 4130 Psalterr’um
1466 4084 1531 4158 per
1539 4058 1804 4132 hebdomadam

207 4177 445 4275 expleamus,
460 4179 605 4251 eosdem
625 4203 767 4252 necesse
785 4179 829 4250 sit
841 4178 998 4278 psalmos
1013 4165 1138 4277 repeti.
1155 4182 1273 4266 Quam
1292 4179 1398 4250 etiam
1412 4178 1535 4252 beatus
1553 4181 1763 4253 Benedictus
1772 4185 1802 4272 ¹²,

205 4321 430 4394 quumeam
448 4300 607 4396 provisu
625 4321 691 4369 suo
710 4296 962 4387 distribuisset,
986 4298 1024 4368 in
1042 4296 1195 4369 aliorum
1211 4321 1355 4395 quoque
1370 4301 1509 4371 actione
1528 4324 1590 4372 sua
1611 4300 1649 4371 id
1668 4299 1807 4398 reliquit

202 4417 441 4488 admonitio:
453 4432 493 4487 ut
505 4417 535 4486 si
548 4417 605 4487 cui
624 4415 753 4488 melius
770 4415 951 4488 videretur
968 4415 1070 4488 aliter
1083 4417 1179 4514 ipsos
1191 4417 1385 4490 ordinaret.
1408 4419 1602 4492 attendens
1619 4419 1803 4510 videlicet,

201 4533 323 4632 quod
345 4558 411 4632 per
433 4547 638 4633 temporum
657 4535 918 4606 successionem
938 4532 1092 4606 ecclesiae
1119 4535 1229 4607 decor
1251 4538 1422 4628 creverit,
1439 4553 1473 4609 et
1494 4562 1572 4635 quae
1591 4539 1690 4638 prius
1714 4537 1805 4610 rude

197 4665 426 4750 susceperat
454 4651 745 4742 fundamentum,
776 4652 1010 4751 postmodum
1039 4651 1178 4725 aedilicii
1206 4669 1309 4727 nacta
1339 4671 1390 4728 est
1419 4670 1682 4727 ornamentum.
1713 4656 1805 4729 lllud

196 4787 342 4846 autem
368 4779 441 4868 pr'ae
458 4770 626 4842 omnibus
641 4770 794 4844 diffinire
813 4787 847 4844 te
859 4772 1041 4864 volumus,
1056 4772 1145 4868 quid
1162 4772 1208 4845 de
1227 4774 1429 4872 evangelica
1448 4774 1600 4848 lectione
1626 4776 1812 4876 invigiliis·

234 5039 244 5062 ¹
269 5033 325 5085 Sic
337 5031 367 5082 n.
376 5057 394 5070 -
407 5031 493 5082 Vm
511 5043 534 5082 et
547 5036 649 5082 nundus
661 5032 726 5084 lidii.
745 5032 816 5084 Amb.
828 5060 860 5071 -
872 5031 883 5060 ¹
896 5033 996 5093 loton„
1028 5047 1085 5100 esp.
1099 5049 1131 5095 x,
1143 5049 1166 5084 ι.
1179 5033 1271 5084 lla-⁰
1281 5035 1392 5100 Cupitum
1402 5036 1504 5090 tttts.--
1515 5038 1537 5066 ¹⁸
1546 5039 1651 5091 Corinth.
1663 5043 1690 5101 l,
1699 5056 1754 5106 cap.
1765 5058 1800 5100 rx,

192 5135 259 5186 esp.
280 5133 350 5177 arx,
368 5131 396 5166 r.
412 5117 459 5177 26,
478 5119 518 5167 27.
530 5144 556 5153 -
570 5115 580 5144 ⁸
593 5117 703 5168 Providit
723 5115 772 5167 llS.
788 5117 858 5168 Amb.
876 5143 905 5154 -
919 5115 995 5168 ‘Aca
1029 5133 1053 5168 ι.
1068 5120 1140 5168 lh-
1151 5117 1171 5144 '¹
1183 5118 1265 5177 Netos,
1276 5133 1331 5186 cap.
1344 5137 1416 5182 xvtu,
1430 5138 1452 5174 v.
1464 5125 1505 5175 2¹.
1520 5151 1547 5160 -—
1560 5123 1581 5152 ¹⁸
1592 5123 1651 5190 fleg.
1663 5124 1689 5175 S.
1698 5124 1803 5186 bened,

190 5209 309 5268 Aput„
324 5215 382 5266 cap.
393 5216 465 5250 ιι.-
475 5199 485 5228 ¹
497 5197 607 5251 Thmui.
616 5201 655 5259 ll,
664 5216 720 5267 cap.
735 5216 775 5260 ιιι,
788 5216 812 5251 ι.
827 5202 905 5251 1⁰.-
915 5200 926 5228 ⁸
935 5199 996 5266 licg.
1030 5217 1085 5269 esp.
1096 5218 1163 5254 ιιιιι.

188 5291 221 5339 S.
250 5283 376 5343 Bened„
392 5297 450 5350 cap.
470 5299 552 5334 xtrru.
567 5283 624 5323 -'
643 5284 743 5348 lynceio
759 5282 829 5335 RES.
846 5309 878 5321 -
897 5282 908 5312 ⁸
926 5283 997 5344 lma,
