4536 6102
637 581 696 650 DE
720 578 889 652 sancto
913 577 1082 694 lOANNE
1106 577 1313 650 lllll‘l'lS'l'h
1338 579 1500 652 Sllllth.
1789 583 1858 654 579

287 749 304 790 a
324 725 446 794 Crates
459 720 517 792 ille
532 721 721 794 Thebanus
733 721 894 819 proJ'ecto
908 721 945 792 in
958 743 1056 792 mare
1071 744 1146 792 non
1159 744 1271 816 parvo
1286 721 1363 792 auri
1374 721 1535 817 pondere
1549 749 1557 791 ε
1572 722 1715 812 albite,
1728 725 1857 820 inquit,

287 870 305 907 a
324 866 480 938 pessum,
498 841 599 912 malae
614 839 837 937 cupiditates.
852 843 925 934 Ego
941 863 1005 910 vos
1022 863 1180 935 mergam
1196 862 1242 910 ne
1258 841 1334 936 ipse
1349 864 1490 935 mergar
1504 865 1526 912 a
1541 841 1656 914 vobis.
1673 869 1690 910 u
1709 848 1797 915 Item
1813 844 1859 916 ad

285 958 471 1030 Paulinum
496 959 787 1058 presbyterum¹:
810 985 827 1024 a
847 960 968 1028 Crates
993 956 1050 1028 ille
1075 956 1281 1045 Thebanus,
1304 955 1416 1030 homo
1440 958 1626 1054 quondam
1651 959 1857 1052 ditissimus,

282 1103 395 1175 quum
423 1078 468 1152 ad
492 1077 757 1176 philosophiam
780 1076 935 1150 Athenas
959 1091 1141 1174 pergeret,
1167 1102 1337 1172 magnum
1359 1079 1435 1150 auri
1458 1080 1602 1176 pondus
1624 1080 1769 1176 abjecit;
1793 1107 1859 1154 nec

281 1199 420 1295 putavit
443 1222 481 1268 se
506 1222 610 1294 posse
636 1212 672 1268 et
691 1197 837 1268 virtutes
862 1175 967 1268 simul
993 1210 1028 1266 et
1052 1196 1192 1268 divitias
1214 1198 1411 1294 possidere.
1441 1201 1512 1270 Nos
1533 1199 1751 1272 suffarcinati
1772 1225 1859 1274 auro

282 1319 462 1392 Christum
481 1317 664 1414 sequimur
679 1341 894 1416 pauperem,
913 1333 949 1387 et
964 1315 1031 1388 sub
1053 1332 1222 1414 praetextu
1244 1318 1476 1415 eleemosynae
1492 1320 1649 1418 pristinis
1665 1321 1794 1419 opibus
1810 1323 1861 1394 in·

281 1436 471 1527 cubantes,
491 1438 677 1534 quomodo
700 1461 891 1535 possumus
907 1436 1022 1508 aliena
1037 1435 1189 1509 fideliter
1205 1436 1436 1528 distribuere,
1455 1440 1518 1536 qui
1534 1453 1657 1512 nostra
1673 1441 1797 1512 timidi.
1807 1467 1860 1514 re·

280 1557 483 1628 servamus?
497 1583 515 1622 u
540 1556 641 1628 Idem
661 1553 707 1627 ad
734 1554 1002 1627 Pammachium
1023 1555 1069 1628 de
1088 1569 1205 1627 morte
1224 1557 1395 1628 Paulinae¹
1415 1585 1423 1627 :
1441 1586 1458 1626 u
1473 1561 1551 1630 Non
1569 1571 1622 1630 est
1640 1559 1802 1656 prolecto
1825 1575 1859 1632 et

281 1691 532 1746 consummato
553 1677 631 1746 viro
653 1701 740 1772 opes
760 1691 1008 1762 contemnere,
1031 1675 1222 1772 pecuniam
1243 1675 1432 1775 dissipare,
1455 1693 1492 1751 et
1508 1678 1682 1776 projicere
1702 1678 1803 1776 quod
1822 1680 1858 1750 in

280 1807 467 1866 momento
478 1809 513 1864 et
524 1793 627 1892 perdi
637 1811 673 1866 et
681 1796 833 1866 inveniri
844 1810 974 1892 potest.
985 1796 1081 1866 Fecit
1093 1794 1164 1866 hoc
1176 1799 1297 1867 Crates
1307 1795 1510 1885 Thebanus,
1526 1796 1607 1868 fecit
1618 1797 1856 1886 Antisthenes,

281 1912 441 1984 fecerunt
460 1913 622 2010 plurimi,
645 1939 737 2011 quos
752 1914 998 1985 vitiosissimos
1013 1913 1175 2008 legimus.
1193 1912 1274 1985 Plus
1289 1913 1398 1986 debet
1414 1915 1544 1986 Christi
1564 1915 1758 2012 discipulus
1772 1941 1860 2013 prm·

279 2047 392 2122 stare,
411 2057 520 2130 quam
537 2033 663 2105 mundi
680 2033 930 2132 philosophus.
949 2033 1109 2104 Christus
1124 2033 1357 2112 sanctificatio
1375 2049 1440 2106 est.
1461 2034 1621 2106 Christus
1636 2034 1856 2132 redemptio,

278 2149 376 2222 idem
387 2151 594 2250 redemptor
609 2168 646 2223 et
661 2153 828 2250 pretium.
848 2151 1007 2222 Christus
1024 2153 1159 2240 omnia,
1173 2167 1213 2224 ut
1228 2153 1291 2249 qui
1307 2153 1430 2224 omnia
1444 2165 1592 2249 propter
1609 2151 1789 2224 Christum
1803 2153 1858 2224 di·

278 2271 430 2358 miserit,
454 2295 567 2342 unum
583 2273 743 2347 inveniat
761 2297 829 2369 pro
845 2269 1031 2357 omnibus,
1055 2284 1096 2341 ut
1115 2271 1228 2367 possit
1242 2270 1354 2342 libere
1370 2269 1592 2367 proclamare
1612 2300 1620 2342 ε
1642 2299 1660 2338 a
1681 2276 1764 2344 Pars
1780 2295 1859 2344 mea

280 2417 299 2456 a
316 2391 505 2462 Dominus.
521 2418 539 2457 ι)
557 2394 648 2463 Sunt
659 2391 768 2487 etqui
784 2389 830 2462 de
845 2391 1070 2462 monasteriis
1085 2390 1131 2462 ad
1147 2389 1316 2462 saeculum
1332 2389 1563 2488 prodeuntes,
1583 2391 1621 2462 in
1637 2405 1777 2464 tantum
1793 2393 1859 2464 sihi

276 2511 456 2607 religionis
470 2537 604 2589 nomen
619 2512 815 2601 vindicant,
827 2528 863 2585 et
874 2513 1053 2584 mirabiles
1066 2512 1180 2585 videri
1196 2527 1384 2610 appetunt,
1395 2527 1435 2583 ut
1446 2511 1701 2584 miraculorum
1714 2537 1859 2612 quoque
1895 2601 1900 2612 ·

277 2635 425 2737 gratiam
437 2657 475 2705 se
490 2633 625 2706 habere
640 2634 820 2722 simulent,
840 2649 946 2731 atque
958 2632 997 2704 id
1012 2633 1058 2704 de
1071 2659 1108 2704 se
1125 2633 1309 2729 praedicari
1326 2633 1534 2728 glorientur.
1554 2632 1684 2719 Quales
1701 2633 1857 2705 nonnul·
1896 2718 1908 2741 ·

276 2749 329 2822 los
341 2752 564 2850 temporibus
574 2755 710 2840 ‚nostris
722 2752 890 2842 vidimus,
903 2754 966 2849 qui
983 2752 1220 2850 frequentiam
1235 2753 1426 2824 hominum
1441 2775 1551 2849 quam
1567 2754 1720 2824 maxime
1737 2753 1857 2847 fugere

275 2868 494 2960 debuerant,
512 2870 581 2943 hac
597 2872 823 2969 potissimum
840 2887 915 2942 arte
931 2870 1195 2942 convocabant.
1219 2871 1382 2966 Denique
1398 2872 1486 2941 etin
1508 2884 1649 2942 tantum
1664 2870 1734 2940 hae
1749 2871 1858 2942 simu·

191 3035 194 3044 -
274 2986 407 3060 latione
424 2990 572 3085 gratiam
587 3003 778 3090 potentum
794 2990 850 3061 vel
867 2987 1026 3062 favorem
1041 2990 1357 3062 ecclesiasticarum
1376 3003 1592 3088 potestatum
1608 3004 1801 3076 venantur,
1818 3004 1857 3062 ut

273 3104 398 3179 relicto
415 3109 603 3206 proposito
618 3108 806 3197 monachi,
825 3108 1051 3180 saecularibus
1067 3109 1203 3180 clericis
1219 3106 1457 3206 praeficiantur
1473 3108 1645 3204 episcopi.
1660 3107 1768 3190 Quod
1780 3107 1858 3204 qui·

275 3224 359 3296 dem
381 3249 495 3320 quum
519 3224 565 3294 ad
590 3224 799 3319 religionem
820 3247 897 3294 non
920 3227 1120 3312 adducant,
1139 3229 1176 3294 in
1197 3227 1465 3298 secularitatem
1481 3249 1609 3296 eorum
1629 3224 1730 3298 facile
1746 3225 1855 3297 decli·

274 3359 379 3431 nant,
403 3358 501 3415 etex
521 3368 648 3416 eorum
668 3343 799 3414 misera
818 3343 1111 3431 conversatione,
1134 3357 1171 3412 et
1191 3343 1439 3438 religiosorum
1460 3343 1610 3416 fratrum
1630 3347 1856 3443 separatione

273 3477 401 3533 notum
417 3461 506 3534 illud
522 3462 711 3534 Psalmistte
726 3460 959 3560 proverbium
974 3461 1031 3532 vel
1048 3485 1123 3533 non
1140 3461 1344 3550 attendunt,
1362 3461 1418 3533 vel
1434 3468 1691 3536 contemnunt³
1709 3491 1716 3534 :
1735 3494 1752 3530 u
1765 3469 1855 3538 Cum

272 3596 397 3652 sancto
413 3595 556 3652 sanctus
573 3582 654 3671 eris,
669 3596 806 3652 etcum
820 3604 989 3677 perverso
1005 3581 1231 3678 perverteris.
1251 3608 1268 3648 n
1293 3585 1346 3652 De
1359 3605 1431 3678 qna
1445 3582 1593 3678 quidem
1608 3604 1736 3654 eornm
1751 3585 1857 3656 subli-

273 3702 444 3790 matione,
463 3701 510 3774 ad
526 3726 636 3799 quam
652 3726 726 3773 non
743 3717 818 3772 tam
833 3700 880 3772 ab
895 3700 972 3772 aliis
989 3701 1105 3788 tracti,
1119 3724 1230 3796 quam
1245 3725 1266 3771 a
1279 3725 1317 3772 se
1332 3701 1417 3798 ipsis
1428 3716 1512 3773 sunt
1523 3703 1664 3807 intrusi,
1678 3703 1766 3776 illud
1781 3730 1854 3778 non

272 3821 468 3916 incongrue
482 3821 667 3917 accipitur,
681 3819 781 3916 quod
793 3817 838 3890 ad
855 3823 970 3890 Deum
987 3817 1135 3890 dicitnr*
1148 3845 1157 3887 ε
1171 3847 1189 3885 «
1204 3819 1370 3914 Dejecisti
1387 3843 1450 3914 eos
1465 3819 1555 3892 dum
1566 3821 1817 3897 allevarentur.
1834 3851 1851 3891 u

272 3943 418 4010 Certum
438 3939 571 4036 quippe
593 3953 647 4010 est
668 3937 842 4035 spiritales
862 3938 958 4008 viros
980 3936 1026 4007 de
1047 3937 1254 4008 monasterii
1273 3937 1392 4036 quiete
1410 3938 1458 4010 ad
1477 3938 1720 4034 pontificalem
1738 3942 1853 4025 admi-

272 4059 520 4130 nistrmionem
532 4057 751 4157 compulsos,
767 4058 812 4129 ab
827 4057 1009 4154 illaquam
1024 4055 1225 4128 habuerant
1239 4057 1412 4128 virtutum
1428 4059 1540 4153 gratia
1555 4083 1619 4155 per
1635 4074 1689 4130 tot
1705 4085 1855 4158 occupa·

272 4177 409 4250 tionem
425 4203 594 4250 curarum
610 4203 686 4251 esse
702 4177 916 4267 diminutos,
934 4175 1087 4249 sicutde
1103 4177 1294 4276 semetipso
1313 4176 1446 4248 scilieet
1460 4175 1649 4275 profitetur
1665 4179 1850 4270 Martinus,

270 4297 447 4370 etbeatus
463 4299 655 4394 Gregorius
670 4296 847 4395 deplorat.
1583 4351 1592 4364 ,

319 4418 355 4487 Si
371 4438 458 4513 ergo
468 4417 534 4488 viri
549 4417 640 4488 tanti
655 4416 727 4487 hoe
742 4417 818 4488 sine
830 4415 1047 4487 detrimento
1061 4415 1291 4514 pristinarum
1302 4414 1475 4487 virtutum
1487 4415 1533 4486 ad
1549 4414 1726 4488 Martham
1735 4431 1850 4490 trans·

270 4538 322 4607 ire
339 4537 385 4608 de
400 4539 511 4610 Maria
527 4561 602 4608 non
618 4551 834 4634 potuerunt,
852 4534 941 4633 quid
957 4535 1002 4608 de
1018 4535 1074 4607 his
1089 4560 1181 4632 quos
1198 4534 1350 4606 diximus
1366 4549 1474 4608 restat
1488 4533 1758 4608 aestimandum?
1777 4538 1852 4608 Ste·
1882 4608 1895 4623 ,

271 4657 578 4761 n'les,inquiunt,
601 4673 684 4730 sunt
704 4656 892 4747 monachi,
916 4672 951 4728 et
975 4657 1186 4755 spiritalium
1208 4655 1364 4728 liliorum
1384 4655 1524 4728 beatior
1545 4654 1755 4728 fecunditas.
1779 4656 1850 4728 Sed

271 4778 436 4874 nunquid
452 4779 585 4876 nuptiae
595 4778 821 4876 praeferenda
836 4793 920 4850 sunt
938 4778 1179 4868 continentia,
1192 4777 1437 4852 anthabentes
1450 4775 1543 4850 filios
1553 4779 1751 4874 conjugatas
1765 4793 1849 4850 sunt
1865 4856 1871 4865 ,

305 5075 313 5104 ¹
328 5075 405 5142 Epist.
420 5093 489 5142 xiix,
506 5081 567 5143 opp.
584 5093 602 5133 t.
621 5080 664 5142 w,
678 5091 740 5146 part.
758 5082 797 5144 ll,
813 5098 841 5148 p.
856 5081 1036 5132 illustratam
1076 5091 1140 5149 part.
1161 5081 1200 5144 ll,
1218 5097 1244 5147 p.
1266 5080 1324 5132 586.
1341 5079 1394 5117 —⁸
1410 5082 1468 5144 aaa.
1488 5082 1526 5141 ll,
1549 5061 1603 5147 cap.
1631 5097 1694 5144 xru,
1716 5098 1740 5131 r.
1763 5081 1805 5132 2⁷.
1818 5103 1846 5119 -·

270 5159 335 5212 male
347 5161 435 5227 legitur
446 5162 471 5214 in
481 5161 539 5216 edit
553 5163 624 5215 hmb.
637 5162 690 5204 —⁸
703 5165 782 5233 Epist.
802 5181 849 5228 arv,
872 5167 931 5228 opp.
955 5176 974 5215 t.
995 5163 1037 5228 lv,
1079 5164 1189 5233 ‘Pialnp
1205 5181 1279 5228 narrt,
1295 5181 1319 5216 r.
1336 5167 1374 5241 tt.
