<?xml version="1.0" encoding="UTF-8"?>
<!DOCTYPE html PUBLIC "-//W3C//DTD XHTML 1.0 Transitional//EN"
    "http://www.w3.org/TR/xhtml1/DTD/xhtml1-transitional.dtd">
<html xmlns="http://www.w3.org/1999/xhtml" xml:lang="en" lang="en">
 <head>
  <title>
</title>
<meta http-equiv="Content-Type" content="text/html;charset=utf-8" />
  <meta name='ocr-system' content='tesseract 3.04.00' />
  <meta name='ocr-capabilities' content='ocr_page ocr_carea ocr_par ocr_line ocrx_word'/>
</head>
<body>
  <div class='ocr_page' id='page_1' title='image "./petriablardiope01despgoog_0114.png"; bbox 0 0 4522 6102; ppageno 0'>
   <div class='ocr_carea' id='block_1_1' title="bbox 903 641 1813 720">
    <p class='ocr_par' dir='ltr' id='par_1_1' title="bbox 903 641 1813 720">
     <span class='ocr_line' id='line_1_1' title="bbox 903 641 1813 720; baseline 0.009 -8"><span class='ocrx_word' id='word_1_1' title='bbox 903 641 1139 720; x_wconf 81' lang='lat' dir='ltr'><strong>El’lSTOLAE.</strong></span> <span class='ocrx_word' id='word_1_2' title='bbox 1766 649 1813 720; x_wconf 82' lang='lat'><strong>99</strong></span> 
     </span>
    </p>
   </div>
   <div class='ocr_carea' id='block_1_2' title="bbox 148 777 1840 4590">
    <p class='ocr_par' dir='ltr' id='par_1_2' title="bbox 148 777 1840 4590">
     <span class='ocr_line' id='line_1_2' title="bbox 237 777 1815 885; baseline 0.004 -35"><span class='ocrx_word' id='word_1_3' title='bbox 237 777 511 878; x_wconf 88' lang='lat' dir='ltr'><strong>pudentissimas</strong></span> <span class='ocrx_word' id='word_1_4' title='bbox 539 779 688 852; x_wconf 79' lang='lat' dir='ltr'>reseram</span> <span class='ocrx_word' id='word_1_5' title='bbox 712 778 951 879; x_wconf 74' lang='lat' dir='ltr'><strong>pollutiones,</strong></span> <span class='ocrx_word' id='word_1_6' title='bbox 974 807 1056 880; x_wconf 81' lang='lat' dir='ltr'><strong>quas</strong></span> <span class='ocrx_word' id='word_1_7' title='bbox 1079 787 1286 884; x_wconf 82' lang='lat' dir='ltr'><strong>conjugium</strong></span> <span class='ocrx_word' id='word_1_8' title='bbox 1303 786 1578 885; x_wconf 72' lang='lat' dir='ltr'><strong>praecesserunt?</strong></span> <span class='ocrx_word' id='word_1_9' title='bbox 1601 786 1696 873; x_wconf 88' lang='lat' dir='ltr'><strong>Quid</strong></span> <span class='ocrx_word' id='word_1_10' title='bbox 1720 809 1815 856; x_wconf 86' lang='lat' dir='ltr'><strong>som·</strong></span> 
     </span>
     <span class='ocr_line' id='line_1_3' title="bbox 239 897 1814 1005; baseline 0.003 -34"><span class='ocrx_word' id='word_1_11' title='bbox 239 923 333 971; x_wconf 91' lang='lat' dir='ltr'><strong>mam</strong></span> <span class='ocrx_word' id='word_1_12' title='bbox 352 897 507 997; x_wconf 90' lang='lat' dir='ltr'><strong>denique</strong></span> <span class='ocrx_word' id='word_1_13' title='bbox 524 899 763 999; x_wconf 84' lang='lat' dir='ltr'>proditionem</span> <span class='ocrx_word' id='word_1_14' title='bbox 782 925 921 992; x_wconf 89' lang='lat' dir='ltr'><strong>meam,</strong></span> <span class='ocrx_word' id='word_1_15' title='bbox 948 929 1019 999; x_wconf 92' lang='lat' dir='ltr'><strong>qua</strong></span> <span class='ocrx_word' id='word_1_16' title='bbox 1045 903 1090 976; x_wconf 90' lang='lat' dir='ltr'><strong>de</strong></span> <span class='ocrx_word' id='word_1_17' title='bbox 1111 920 1148 976; x_wconf 88' lang='lat' dir='ltr'><strong>te</strong></span> <span class='ocrx_word' id='word_1_18' title='bbox 1175 908 1249 1005; x_wconf 87' lang='lat' dir='ltr'><strong>ipsa</strong></span> <span class='ocrx_word' id='word_1_19' title='bbox 1274 921 1393 996; x_wconf 89' lang='lat' dir='ltr'><strong>tuum,</strong></span> <span class='ocrx_word' id='word_1_20' title='bbox 1421 928 1505 977; x_wconf 89' lang='lat' dir='ltr'><strong>oum</strong></span> <span class='ocrx_word' id='word_1_21' title='bbox 1527 926 1600 1003; x_wconf 90' lang='lat' dir='ltr'><strong>quo</strong></span> <span class='ocrx_word' id='word_1_22' title='bbox 1621 906 1761 978; x_wconf 78' lang='lat' dir='ltr'><strong>assidue</strong></span> <span class='ocrx_word' id='word_1_23' title='bbox 1778 907 1814 976; x_wconf 92' lang='lat' dir='ltr'><strong>in</strong></span> 
     </span>
     <span class='ocr_line' id='line_1_4' title="bbox 241 1017 1816 1122; baseline 0.004 -33"><span class='ocrx_word' id='word_1_24' title='bbox 241 1017 444 1114; x_wconf 85' lang='lat' dir='ltr'><strong>ejusdomo</strong></span> <span class='ocrx_word' id='word_1_25' title='bbox 462 1019 714 1111; x_wconf 82' lang='lat' dir='ltr'><strong>convivebam,</strong></span> <span class='ocrx_word' id='word_1_26' title='bbox 735 1021 951 1094; x_wconf 80' lang='lat' dir='ltr'><strong>avunculum</strong></span> <span class='ocrx_word' id='word_1_27' title='bbox 973 1037 1045 1094; x_wconf 90' lang='lat' dir='ltr'><strong>tam</strong></span> <span class='ocrx_word' id='word_1_28' title='bbox 1070 1027 1218 1122; x_wconf 73' lang='lat' dir='ltr'><strong>turpiter</strong></span> <span class='ocrx_word' id='word_1_29' title='bbox 1239 1025 1386 1098; x_wconf 78' lang='lat' dir='ltr'><strong>seduxi?</strong></span> <span class='ocrx_word' id='word_1_30' title='bbox 1407 1027 1494 1112; x_wconf 89' lang='lat' dir='ltr'><strong>Quis</strong></span> <span class='ocrx_word' id='word_1_31' title='bbox 1511 1046 1568 1096; x_wconf 90' lang='lat' dir='ltr'><strong>me</strong></span> <span class='ocrx_word' id='word_1_32' title='bbox 1592 1024 1637 1095; x_wconf 85' lang='lat' dir='ltr'><strong>ab</strong></span> <span class='ocrx_word' id='word_1_33' title='bbox 1660 1049 1704 1096; x_wconf 91' lang='lat' dir='ltr'><strong>eo</strong></span> <span class='ocrx_word' id='word_1_34' title='bbox 1723 1025 1816 1121; x_wconf 88' lang='lat' dir='ltr'><strong>juste</strong></span> 
     </span>
     <span class='ocr_line' id='line_1_5' title="bbox 243 1137 1818 1243; baseline 0.004 -36"><span class='ocrx_word' id='word_1_35' title='bbox 243 1137 347 1234; x_wconf 93' lang='lat' dir='ltr'><strong>prodi</strong></span> <span class='ocrx_word' id='word_1_36' title='bbox 359 1161 434 1208; x_wconf 94' lang='lat' dir='ltr'><strong>non</strong></span> <span class='ocrx_word' id='word_1_37' title='bbox 449 1153 607 1229; x_wconf 90' lang='lat' dir='ltr'><strong>censeat,</strong></span> <span class='ocrx_word' id='word_1_38' title='bbox 628 1163 736 1237; x_wconf 90' lang='lat' dir='ltr'><strong>quem</strong></span> <span class='ocrx_word' id='word_1_39' title='bbox 754 1156 826 1214; x_wconf 85' lang='lat' dir='ltr'><strong>tarn</strong></span> <span class='ocrx_word' id='word_1_40' title='bbox 845 1141 1085 1239; x_wconf 89' lang='lat' dir='ltr'><strong>impudenter¹</strong></span> <span class='ocrx_word' id='word_1_41' title='bbox 1099 1159 1182 1214; x_wconf 87' lang='lat' dir='ltr'><strong>ante</strong></span> <span class='ocrx_word' id='word_1_42' title='bbox 1199 1145 1273 1243; x_wconf 88' lang='lat' dir='ltr'><strong>ipse</strong></span> <span class='ocrx_word' id='word_1_43' title='bbox 1290 1143 1542 1243; x_wconf 72' lang='lat' dir='ltr'>prodideram?</span> <span class='ocrx_word' id='word_1_44' title='bbox 1560 1148 1665 1215; x_wconf 84' lang='lat' dir='ltr'><strong>Putas</strong></span> <span class='ocrx_word' id='word_1_45' title='bbox 1676 1143 1723 1215; x_wconf 87' lang='lat' dir='ltr'><strong>ad</strong></span> <span class='ocrx_word' id='word_1_46' title='bbox 1740 1159 1818 1215; x_wconf 88' lang='lat' dir='ltr'><strong>tan-</strong></span> 
     </span>
     <span class='ocr_line' id='line_1_6' title="bbox 148 1259 1819 1362; baseline 0.003 -35"><span class='ocrx_word' id='word_1_47' title='bbox 148 1325 153 1337; x_wconf 79' lang='grc'>,</span> <span class='ocrx_word' id='word_1_48' title='bbox 244 1271 362 1328; x_wconf 89' lang='lat' dir='ltr'><strong>torum</strong></span> <span class='ocrx_word' id='word_1_49' title='bbox 385 1259 576 1330; x_wconf 65' lang='lat' dir='ltr'><strong>murinum</strong></span> <span class='ocrx_word' id='word_1_50' title='bbox 599 1260 771 1334; x_wconf 88' lang='lat' dir='ltr'><strong>ultionem</strong></span> <span class='ocrx_word' id='word_1_51' title='bbox 791 1276 1086 1336; x_wconf 85' lang='lat' dir='ltr'><strong>momentaneum</strong></span> <span class='ocrx_word' id='word_1_52' title='bbox 1103 1262 1198 1334; x_wconf 92' lang='lat' dir='ltr'><strong>illius</strong></span> <span class='ocrx_word' id='word_1_53' title='bbox 1215 1263 1325 1362; x_wconf 73' lang='lat' dir='ltr'><strong>plage</strong></span> <span class='ocrx_word' id='word_1_54' title='bbox 1347 1263 1510 1335; x_wconf 90' lang='lat' dir='ltr'><strong>dolorem</strong></span> <span class='ocrx_word' id='word_1_55' title='bbox 1532 1262 1718 1334; x_wconf 79' lang='lat' dir='ltr'><strong>sufficere?</strong></span> <span class='ocrx_word' id='word_1_56' title='bbox 1743 1268 1819 1334; x_wconf 91' lang='lat' dir='ltr'><strong>lmo</strong></span> 
     </span>
     <span class='ocr_line' id='line_1_7' title="bbox 244 1377 1819 1482; baseline 0.004 -34"><span class='ocrx_word' id='word_1_57' title='bbox 244 1377 347 1448; x_wconf 88' lang='lat' dir='ltr'><strong>tantis</strong></span> <span class='ocrx_word' id='word_1_58' title='bbox 368 1377 470 1450; x_wconf 83' lang='lat' dir='ltr'><strong>malis</strong></span> <span class='ocrx_word' id='word_1_59' title='bbox 492 1393 629 1450; x_wconf 87' lang='lat' dir='ltr'><strong>tantum</strong></span> <span class='ocrx_word' id='word_1_60' title='bbox 647 1379 808 1452; x_wconf 90' lang='lat' dir='ltr'><strong>debitum</strong></span> <span class='ocrx_word' id='word_1_61' title='bbox 830 1405 907 1454; x_wconf 92' lang='lat' dir='ltr'><strong>esse</strong></span> <span class='ocrx_word' id='word_1_62' title='bbox 931 1382 1185 1455; x_wconf 83' lang='lat' dir='ltr'><strong>commodum?</strong></span> <span class='ocrx_word' id='word_1_63' title='bbox 1203 1387 1325 1471; x_wconf 84' lang='lat' dir='ltr'><strong>Quam</strong></span> <span class='ocrx_word' id='word_1_64' title='bbox 1344 1384 1485 1482; x_wconf 88' lang='lat' dir='ltr'><strong>plagam</strong></span> <span class='ocrx_word' id='word_1_65' title='bbox 1505 1383 1637 1454; x_wconf 83' lang='lat' dir='ltr'><strong>divinae</strong></span> <span class='ocrx_word' id='word_1_66' title='bbox 1659 1383 1819 1454; x_wconf 86' lang='lat' dir='ltr'><strong>sufficere</strong></span> 
     </span>
     <span class='ocr_line' id='line_1_8' title="bbox 241 1496 1819 1593; baseline 0.004 -27"><span class='ocrx_word' id='word_1_67' title='bbox 241 1496 382 1589; x_wconf 83' lang='lat' dir='ltr'><strong>justitiae</strong></span> <span class='ocrx_word' id='word_1_68' title='bbox 396 1497 511 1570; x_wconf 89' lang='lat' dir='ltr'><strong>credis</strong></span> <span class='ocrx_word' id='word_1_69' title='bbox 527 1498 574 1569; x_wconf 89' lang='lat' dir='ltr'><strong>ad</strong></span> <span class='ocrx_word' id='word_1_70' title='bbox 592 1514 728 1572; x_wconf 89' lang='lat' dir='ltr'><strong>tantam</strong></span> <span class='ocrx_word' id='word_1_71' title='bbox 745 1503 1101 1593; x_wconf 78' lang='lat' dir='ltr'><strong>contaminationem,</strong></span> <span class='ocrx_word' id='word_1_72' title='bbox 1124 1519 1163 1574; x_wconf 93' lang='lat' dir='ltr'><strong>ut</strong></span> <span class='ocrx_word' id='word_1_73' title='bbox 1182 1503 1352 1593; x_wconf 78' lang='lat' dir='ltr'>diximus,</span> <span class='ocrx_word' id='word_1_74' title='bbox 1374 1501 1552 1575; x_wconf 75' lang='lat' dir='ltr'>sacerrimi</span> <span class='ocrx_word' id='word_1_75' title='bbox 1570 1503 1640 1574; x_wconf 86' lang='lat' dir='ltr'><strong>loci</strong></span> <span class='ocrx_word' id='word_1_76' title='bbox 1656 1521 1727 1574; x_wconf 82' lang='lat' dir='ltr'><strong>suae</strong></span> <span class='ocrx_word' id='word_1_77' title='bbox 1744 1525 1819 1573; x_wconf 86' lang='lat' dir='ltr'><strong>ma·</strong></span> 
     </span>
     <span class='ocr_line' id='line_1_9' title="bbox 246 1617 1820 1720; baseline 0.004 -34"><span class='ocrx_word' id='word_1_78' title='bbox 246 1617 331 1688; x_wconf 84' lang='lat' dir='ltr'><strong>tris?</strong></span> <span class='ocrx_word' id='word_1_79' title='bbox 356 1622 457 1690; x_wconf 89' lang='lat' dir='ltr'><strong>Certe</strong></span> <span class='ocrx_word' id='word_1_80' title='bbox 477 1620 545 1690; x_wconf 92' lang='lat' dir='ltr'><strong>nisi</strong></span> <span class='ocrx_word' id='word_1_81' title='bbox 565 1621 794 1693; x_wconf 87' lang='lat' dir='ltr'><strong>vehementer</strong></span> <span class='ocrx_word' id='word_1_82' title='bbox 812 1647 912 1712; x_wconf 90' lang='lat' dir='ltr'><strong>erro,</strong></span> <span class='ocrx_word' id='word_1_83' title='bbox 938 1648 1013 1702; x_wconf 85' lang='lat' dir='ltr'><strong>nou</strong></span> <span class='ocrx_word' id='word_1_84' title='bbox 1037 1638 1110 1694; x_wconf 87' lang='lat' dir='ltr'><strong>tam</strong></span> <span class='ocrx_word' id='word_1_85' title='bbox 1130 1622 1439 1695; x_wconf 63' lang='lat' dir='ltr'><strong>illa‘saluherrima</strong></span> <span class='ocrx_word' id='word_1_86' title='bbox 1456 1621 1560 1720; x_wconf 84' lang='lat' dir='ltr'><strong>plaga</strong></span> <span class='ocrx_word' id='word_1_87' title='bbox 1584 1623 1621 1692; x_wconf 90' lang='lat' dir='ltr'><strong>ia</strong></span> <span class='ocrx_word' id='word_1_88' title='bbox 1646 1621 1820 1693; x_wconf 89' lang='lat' dir='ltr'><strong>ultionem</strong></span> 
     </span>
     <span class='ocr_line' id='line_1_10' title="bbox 246 1735 1819 1840; baseline 0.006 -35"><span class='ocrx_word' id='word_1_89' title='bbox 246 1735 376 1808; x_wconf 91' lang='lat' dir='ltr'><strong>horum</strong></span> <span class='ocrx_word' id='word_1_90' title='bbox 401 1762 572 1812; x_wconf 79' lang='lat' dir='ltr'><strong>conversa</strong></span> <span class='ocrx_word' id='word_1_91' title='bbox 596 1756 666 1830; x_wconf 92' lang='lat' dir='ltr'><strong>est,</strong></span> <span class='ocrx_word' id='word_1_92' title='bbox 691 1765 799 1837; x_wconf 88' lang='lat' dir='ltr'><strong>quam</strong></span> <span class='ocrx_word' id='word_1_93' title='bbox 825 1767 904 1839; x_wconf 87' lang='lat' dir='ltr'><strong>quae</strong></span> <span class='ocrx_word' id='word_1_94' title='bbox 932 1742 1092 1840; x_wconf 91' lang='lat' dir='ltr'><strong>quotidie</strong></span> <span class='ocrx_word' id='word_1_95' title='bbox 1120 1743 1363 1816; x_wconf 82' lang='lat' dir='ltr'><strong>indesinenter</strong></span> <span class='ocrx_word' id='word_1_96' title='bbox 1392 1744 1562 1814; x_wconf 86' lang='lat' dir='ltr'><strong>sustineo.</strong></span> <span class='ocrx_word' id='word_1_97' title='bbox 1594 1744 1691 1812; x_wconf 87' lang='lat' dir='ltr'><strong>Nosti</strong></span> <span class='ocrx_word' id='word_1_98' title='bbox 1715 1745 1819 1814; x_wconf 90' lang='lat' dir='ltr'><strong>etiam</strong></span> 
     </span>
     <span class='ocr_line' id='line_1_11' title="bbox 246 1855 1822 1960; baseline 0.002 -33"><span class='ocrx_word' id='word_1_99' title='bbox 246 1855 390 1951; x_wconf 89' lang='lat' dir='ltr'><strong>quando</strong></span> <span class='ocrx_word' id='word_1_100' title='bbox 418 1870 453 1929; x_wconf 88' lang='lat' dir='ltr'><strong>te</strong></span> <span class='ocrx_word' id='word_1_101' title='bbox 474 1858 655 1954; x_wconf 86' lang='lat' dir='ltr'><strong>gravidam</strong></span> <span class='ocrx_word' id='word_1_102' title='bbox 683 1860 719 1930; x_wconf 93' lang='lat' dir='ltr'><strong>in</strong></span> <span class='ocrx_word' id='word_1_103' title='bbox 747 1883 864 1932; x_wconf 90' lang='lat' dir='ltr'><strong>meam</strong></span> <span class='ocrx_word' id='word_1_104' title='bbox 885 1861 1062 1932; x_wconf 85' lang='lat' dir='ltr'><strong>transmisi</strong></span> <span class='ocrx_word' id='word_1_105' title='bbox 1082 1863 1250 1960; x_wconf 79' lang='lat' dir='ltr'><strong>patriam,</strong></span> <span class='ocrx_word' id='word_1_106' title='bbox 1278 1885 1384 1933; x_wconf 86' lang='lat' dir='ltr'><strong>sacro</strong></span> <span class='ocrx_word' id='word_1_107' title='bbox 1405 1861 1528 1932; x_wconf 84' lang='lat' dir='ltr'><strong>habitu</strong></span> <span class='ocrx_word' id='word_1_108' title='bbox 1552 1860 1714 1931; x_wconf 86' lang='lat' dir='ltr'><strong>indutam</strong></span> <span class='ocrx_word' id='word_1_109' title='bbox 1744 1883 1822 1930; x_wconf 91' lang='lat' dir='ltr'><strong>mo-</strong></span> 
     </span>
     <span class='ocr_line' id='line_1_12' title="bbox 247 1975 1824 2078; baseline 0.003 -32"><span class='ocrx_word' id='word_1_110' title='bbox 247 1975 376 2048; x_wconf 89' lang='lat' dir='ltr'><strong>nialem</strong></span> <span class='ocrx_word' id='word_1_111' title='bbox 394 1991 428 2048; x_wconf 87' lang='lat' dir='ltr'><strong>te</strong></span> <span class='ocrx_word' id='word_1_112' title='bbox 448 1975 609 2067; x_wconf 77' lang='lat' dir='ltr'><strong>finxisse,</strong></span> <span class='ocrx_word' id='word_1_113' title='bbox 627 1993 663 2050; x_wconf 94' lang='lat' dir='ltr'><strong>et</strong></span> <span class='ocrx_word' id='word_1_114' title='bbox 685 1978 744 2052; x_wconf 89' lang='lat' dir='ltr'><strong>tali</strong></span> <span class='ocrx_word' id='word_1_115' title='bbox 762 1979 987 2054; x_wconf 86' lang='lat' dir='ltr'><strong>simulatione</strong></span> <span class='ocrx_word' id='word_1_116' title='bbox 1006 1995 1095 2071; x_wconf 85' lang='lat' dir='ltr'><strong>tuae,</strong></span> <span class='ocrx_word' id='word_1_117' title='bbox 1120 2005 1231 2078; x_wconf 85' lang='lat' dir='ltr'><strong>quarn</strong></span> <span class='ocrx_word' id='word_1_118' title='bbox 1246 2003 1344 2052; x_wconf 78' lang='lat' dir='ltr'><strong>nrrnc</strong></span> <span class='ocrx_word' id='word_1_119' title='bbox 1364 1980 1492 2070; x_wconf 87' lang='lat' dir='ltr'><strong>habes,</strong></span> <span class='ocrx_word' id='word_1_120' title='bbox 1517 1977 1677 2078; x_wconf 82' lang='lat' dir='ltr'><strong>religioni</strong></span> <span class='ocrx_word' id='word_1_121' title='bbox 1695 1981 1824 2050; x_wconf 91' lang='lat' dir='ltr'><strong>irreve-</strong></span> 
     </span>
     <span class='ocr_line' id='line_1_13' title="bbox 249 2096 1824 2198; baseline 0.003 -32"><span class='ocrx_word' id='word_1_122' title='bbox 249 2111 367 2170; x_wconf 88' lang='lat' dir='ltr'><strong>renter</strong></span> <span class='ocrx_word' id='word_1_123' title='bbox 387 2096 547 2170; x_wconf 88' lang='lat' dir='ltr'><strong>illusisse.</strong></span> <span class='ocrx_word' id='word_1_124' title='bbox 576 2098 679 2171; x_wconf 88' lang='lat' dir='ltr'><strong>Unde</strong></span> <span class='ocrx_word' id='word_1_125' title='bbox 701 2099 808 2172; x_wconf 89' lang='lat' dir='ltr'><strong>etiam</strong></span> <span class='ocrx_word' id='word_1_126' title='bbox 828 2125 939 2198; x_wconf 88' lang='lat' dir='ltr'><strong>pensa</strong></span> <span class='ocrx_word' id='word_1_127' title='bbox 961 2125 1073 2198; x_wconf 87' lang='lat' dir='ltr'><strong>quarn</strong></span> <span class='ocrx_word' id='word_1_128' title='bbox 1099 2102 1353 2173; x_wconf 89' lang='lat' dir='ltr'><strong>convenienter</strong></span> <span class='ocrx_word' id='word_1_129' title='bbox 1371 2099 1418 2173; x_wconf 92' lang='lat' dir='ltr'><strong>ad</strong></span> <span class='ocrx_word' id='word_1_130' title='bbox 1441 2099 1536 2171; x_wconf 90' lang='lat' dir='ltr'><strong>hanc</strong></span> <span class='ocrx_word' id='word_1_131' title='bbox 1558 2115 1593 2171; x_wconf 91' lang='lat' dir='ltr'><strong>te</strong></span> <span class='ocrx_word' id='word_1_132' title='bbox 1618 2099 1824 2196; x_wconf 84' lang='lat' dir='ltr'><strong>religionem</strong></span> 
     </span>
     <span class='ocr_line' id='line_1_14' title="bbox 249 2211 1826 2314; baseline 0.005 -30"><span class='ocrx_word' id='word_1_133' title='bbox 249 2211 369 2286; x_wconf 84' lang='lat' dir='ltr'><strong>divina</strong></span> <span class='ocrx_word' id='word_1_134' title='bbox 376 2216 526 2311; x_wconf 86' lang='lat' dir='ltr'><strong>justitia,</strong></span> <span class='ocrx_word' id='word_1_135' title='bbox 550 2218 623 2288; x_wconf 91' lang='lat' dir='ltr'><strong>imo</strong></span> <span class='ocrx_word' id='word_1_136' title='bbox 646 2219 756 2314; x_wconf 89' lang='lat' dir='ltr'><strong>gratia</strong></span> <span class='ocrx_word' id='word_1_137' title='bbox 776 2219 920 2292; x_wconf 69' lang='lat' dir='ltr'><strong>marcrit</strong></span> <span class='ocrx_word' id='word_1_138' title='bbox 941 2219 1144 2309; x_wconf 90' lang='lat' dir='ltr'><strong>nolentem,</strong></span> <span class='ocrx_word' id='word_1_139' title='bbox 1164 2221 1222 2292; x_wconf 86' lang='lat' dir='ltr'><strong>cai</strong></span> <span class='ocrx_word' id='word_1_140' title='bbox 1239 2221 1350 2292; x_wconf 81' lang='lat' dir='ltr'><strong>verita</strong></span> <span class='ocrx_word' id='word_1_141' title='bbox 1366 2243 1440 2291; x_wconf 91' lang='lat' dir='ltr'><strong>non</strong></span> <span class='ocrx_word' id='word_1_142' title='bbox 1455 2245 1493 2291; x_wconf 91' lang='lat' dir='ltr'><strong>es</strong></span> <span class='ocrx_word' id='word_1_143' title='bbox 1512 2219 1681 2309; x_wconf 86' lang='lat' dir='ltr'><strong>illudere,</strong></span> <span class='ocrx_word' id='word_1_144' title='bbox 1701 2218 1826 2292; x_wconf 84' lang='lat' dir='ltr'><strong>volens</strong></span> 
     </span>
     <span class='ocr_line' id='line_1_15' title="bbox 252 2334 1824 2436; baseline 0.004 -34"><span class='ocrx_word' id='word_1_145' title='bbox 252 2335 337 2406; x_wconf 90' lang='lat' dir='ltr'><strong>utin</strong></span> <span class='ocrx_word' id='word_1_146' title='bbox 353 2335 433 2432; x_wconf 88' lang='lat' dir='ltr'><strong>ipso</strong></span> <span class='ocrx_word' id='word_1_147' title='bbox 446 2334 523 2408; x_wconf 91' lang='lat' dir='ltr'><strong>luas</strong></span> <span class='ocrx_word' id='word_1_148' title='bbox 535 2335 659 2406; x_wconf 90' lang='lat' dir='ltr'><strong>habitu</strong></span> <span class='ocrx_word' id='word_1_149' title='bbox 673 2335 773 2434; x_wconf 90' lang='lat' dir='ltr'><strong>quod</strong></span> <span class='ocrx_word' id='word_1_150' title='bbox 786 2337 823 2408; x_wconf 88' lang='lat' dir='ltr'><strong>in</strong></span> <span class='ocrx_word' id='word_1_151' title='bbox 836 2338 954 2434; x_wconf 88' lang='lat' dir='ltr'><strong>ipsum</strong></span> <span class='ocrx_word' id='word_1_152' title='bbox 972 2336 1169 2434; x_wconf 89' lang='lat' dir='ltr'><strong>deliquisti,</strong></span> <span class='ocrx_word' id='word_1_153' title='bbox 1185 2353 1221 2410; x_wconf 91' lang='lat' dir='ltr'><strong>et</strong></span> <span class='ocrx_word' id='word_1_154' title='bbox 1235 2337 1468 2410; x_wconf 89' lang='lat' dir='ltr'><strong>simulationis</strong></span> <span class='ocrx_word' id='word_1_155' title='bbox 1480 2337 1667 2410; x_wconf 90' lang='lat' dir='ltr'><strong>mendacio</strong></span> <span class='ocrx_word' id='word_1_156' title='bbox 1682 2339 1757 2436; x_wconf 92' lang='lat' dir='ltr'><strong>ipsa</strong></span> <span class='ocrx_word' id='word_1_157' title='bbox 1776 2341 1824 2410; x_wconf 92' lang='lat' dir='ltr'><strong>rei</strong></span> 
     </span>
     <span class='ocr_line' id='line_1_16' title="bbox 251 2454 1827 2554; baseline 0.004 -32"><span class='ocrx_word' id='word_1_158' title='bbox 251 2455 376 2526; x_wconf 81' lang='lat' dir='ltr'><strong>vertras</strong></span> <span class='ocrx_word' id='word_1_159' title='bbox 387 2454 586 2528; x_wconf 86' lang='lat' dir='ltr'><strong>remedium</strong></span> <span class='ocrx_word' id='word_1_160' title='bbox 597 2471 755 2554; x_wconf 71' lang='lat' dir='ltr'><strong>praestet,</strong></span> <span class='ocrx_word' id='word_1_161' title='bbox 772 2471 808 2530; x_wconf 90' lang='lat' dir='ltr'><strong>et</strong></span> <span class='ocrx_word' id='word_1_162' title='bbox 822 2457 1007 2530; x_wconf 80' lang='lat' dir='ltr'><strong>falsitatem</strong></span> <span class='ocrx_word' id='word_1_163' title='bbox 1022 2457 1200 2530; x_wconf 88' lang='lat' dir='ltr'><strong>emendet.</strong></span> <span class='ocrx_word' id='word_1_164' title='bbox 1217 2458 1325 2546; x_wconf 91' lang='lat' dir='ltr'><strong>Quod</strong></span> <span class='ocrx_word' id='word_1_165' title='bbox 1337 2460 1364 2529; x_wconf 91' lang='lat' dir='ltr'><strong>si</strong></span> <span class='ocrx_word' id='word_1_166' title='bbox 1377 2457 1504 2530; x_wconf 80' lang='lat' dir='ltr'><strong>divinae</strong></span> <span class='ocrx_word' id='word_1_167' title='bbox 1518 2459 1555 2528; x_wconf 93' lang='lat' dir='ltr'><strong>in</strong></span> <span class='ocrx_word' id='word_1_168' title='bbox 1574 2459 1679 2529; x_wconf 91' lang='lat' dir='ltr'><strong>nobis</strong></span> <span class='ocrx_word' id='word_1_169' title='bbox 1686 2459 1827 2553; x_wconf 75' lang='lat' dir='ltr'><strong>justitie</strong></span> 
     </span>
     <span class='ocr_line' id='line_1_17' title="bbox 251 2574 1828 2674; baseline 0.003 -30"><span class='ocrx_word' id='word_1_170' title='bbox 251 2587 409 2646; x_wconf 89' lang='lat' dir='ltr'><strong>nostram</strong></span> <span class='ocrx_word' id='word_1_171' title='bbox 430 2574 516 2646; x_wconf 90' lang='lat' dir='ltr'><strong>velis</strong></span> <span class='ocrx_word' id='word_1_172' title='bbox 537 2574 722 2648; x_wconf 84' lang='lat' dir='ltr'><strong>utilitatem</strong></span> <span class='ocrx_word' id='word_1_173' title='bbox 741 2575 954 2673; x_wconf 85' lang='lat' dir='ltr'><strong>adjungere,</strong></span> <span class='ocrx_word' id='word_1_174' title='bbox 977 2599 1052 2648; x_wconf 91' lang='lat' dir='ltr'><strong>non</strong></span> <span class='ocrx_word' id='word_1_175' title='bbox 1071 2593 1143 2649; x_wconf 86' lang='lat' dir='ltr'><strong>tam</strong></span> <span class='ocrx_word' id='word_1_176' title='bbox 1158 2577 1331 2673; x_wconf 89' lang='lat' dir='ltr'><strong>justitiam</strong></span> <span class='ocrx_word' id='word_1_177' title='bbox 1351 2601 1458 2674; x_wconf 88' lang='lat' dir='ltr'><strong>quarn</strong></span> <span class='ocrx_word' id='word_1_178' title='bbox 1479 2578 1626 2674; x_wconf 88' lang='lat' dir='ltr'><strong>gratiam</strong></span> <span class='ocrx_word' id='word_1_179' title='bbox 1641 2579 1711 2648; x_wconf 89' lang='lat' dir='ltr'><strong>Dei</strong></span> <span class='ocrx_word' id='word_1_180' title='bbox 1729 2577 1828 2674; x_wconf 89' lang='lat' dir='ltr'><strong>quod</strong></span> 
     </span>
     <span class='ocr_line' id='line_1_18' title="bbox 256 2695 1826 2796; baseline 0.001 -30"><span class='ocrx_word' id='word_1_181' title='bbox 256 2709 340 2766; x_wconf 87' lang='lat' dir='ltr'><strong>tunc</strong></span> <span class='ocrx_word' id='word_1_182' title='bbox 353 2695 424 2791; x_wconf 88' lang='lat' dir='ltr'><strong>egit</strong></span> <span class='ocrx_word' id='word_1_183' title='bbox 435 2695 471 2766; x_wconf 95' lang='lat' dir='ltr'><strong>in</strong></span> <span class='ocrx_word' id='word_1_184' title='bbox 487 2695 591 2768; x_wconf 91' lang='lat' dir='ltr'><strong>nobis</strong></span> <span class='ocrx_word' id='word_1_185' title='bbox 608 2696 741 2794; x_wconf 88' lang='lat' dir='ltr'><strong>poteris</strong></span> <span class='ocrx_word' id='word_1_186' title='bbox 758 2695 947 2796; x_wconf 86' lang='lat' dir='ltr'><strong>appellere.</strong></span> <span class='ocrx_word' id='word_1_187' title='bbox 964 2697 1114 2769; x_wconf 71' lang='lat' dir='ltr'><strong>attende</strong></span> <span class='ocrx_word' id='word_1_188' title='bbox 1132 2698 1268 2795; x_wconf 90' lang='lat' dir='ltr'><strong>itaque,</strong></span> <span class='ocrx_word' id='word_1_189' title='bbox 1283 2697 1445 2785; x_wconf 90' lang='lat' dir='ltr'><strong>attende,</strong></span> <span class='ocrx_word' id='word_1_190' title='bbox 1461 2697 1680 2787; x_wconf 86' lang='lat' dir='ltr'><strong>charissima,</strong></span> <span class='ocrx_word' id='word_1_191' title='bbox 1696 2696 1826 2794; x_wconf 89' lang='lat' dir='ltr'><strong>quibus</strong></span> 
     </span>
     <span class='ocr_line' id='line_1_19' title="bbox 253 2814 1830 2922; baseline 0.003 -38"><span class='ocrx_word' id='word_1_192' title='bbox 253 2814 500 2886; x_wconf 75' lang='lat' dir='ltr'><strong>misericordiae</strong></span> <span class='ocrx_word' id='word_1_193' title='bbox 519 2839 589 2888; x_wconf 77' lang='lat' dir='ltr'><strong>suas</strong></span> <span class='ocrx_word' id='word_1_194' title='bbox 609 2814 743 2888; x_wconf 89' lang='lat' dir='ltr'><strong>retibus</strong></span> <span class='ocrx_word' id='word_1_195' title='bbox 763 2840 785 2888; x_wconf 89' lang='lat' dir='ltr'><strong>a</strong></span> <span class='ocrx_word' id='word_1_196' title='bbox 806 2815 986 2914; x_wconf 79' lang='lat' dir='ltr'><strong>proismdo</strong></span> <span class='ocrx_word' id='word_1_197' title='bbox 1006 2816 1112 2913; x_wconf 85' lang='lat' dir='ltr'><strong>hujus</strong></span> <span class='ocrx_word' id='word_1_198' title='bbox 1135 2831 1207 2922; x_wconf 78' lang='lat' dir='ltr'><strong>tam</strong></span> <span class='ocrx_word' id='word_1_199' title='bbox 1229 2815 1419 2915; x_wconf 84' lang='lat' dir='ltr'><strong>periculosi</strong></span> <span class='ocrx_word' id='word_1_200' title='bbox 1440 2818 1548 2887; x_wconf 91' lang='lat' dir='ltr'><strong>maris</strong></span> <span class='ocrx_word' id='word_1_201' title='bbox 1570 2839 1636 2888; x_wconf 87' lang='lat' dir='ltr'><strong>nos</strong></span> <span class='ocrx_word' id='word_1_202' title='bbox 1655 2817 1830 2888; x_wconf 88' lang='lat' dir='ltr'><strong>Dominus</strong></span> 
     </span>
     <span class='ocr_line' id='line_1_20' title="bbox 253 2936 1832 3034; baseline -0.001 -26"><span class='ocrx_word' id='word_1_203' title='bbox 253 2937 454 3033; x_wconf 84' lang='lat' dir='ltr'><strong>piscaverit,</strong></span> <span class='ocrx_word' id='word_1_204' title='bbox 471 2951 511 3008; x_wconf 88' lang='lat' dir='ltr'><strong>et</strong></span> <span class='ocrx_word' id='word_1_205' title='bbox 525 2961 548 3008; x_wconf 87' lang='lat' dir='ltr'><strong>a</strong></span> <span class='ocrx_word' id='word_1_206' title='bbox 566 2951 708 3034; x_wconf 77' lang='lat' dir='ltr'><strong>quantae</strong></span> <span class='ocrx_word' id='word_1_207' title='bbox 725 2936 912 3008; x_wconf 82' lang='lat' dir='ltr'><strong>Charibdis</strong></span> <span class='ocrx_word' id='word_1_208' title='bbox 928 2938 1097 3034; x_wconf 86' lang='lat' dir='ltr'><strong>voragine</strong></span> <span class='ocrx_word' id='word_1_209' title='bbox 1111 2936 1302 3033; x_wconf 68' lang='lat' dir='ltr'><strong>neumagos</strong></span> <span class='ocrx_word' id='word_1_210' title='bbox 1317 2936 1402 3007; x_wconf 89' lang='lat' dir='ltr'><strong>licet</strong></span> <span class='ocrx_word' id='word_1_211' title='bbox 1419 2937 1548 3007; x_wconf 86' lang='lat' dir='ltr'><strong>invitos</strong></span> <span class='ocrx_word' id='word_1_212' title='bbox 1564 2937 1770 3021; x_wconf 81' lang='lat' dir='ltr'><strong>extraxerit,</strong></span> <span class='ocrx_word' id='word_1_213' title='bbox 1793 2949 1832 3007; x_wconf 90' lang='lat' dir='ltr'><strong>ut</strong></span> 
     </span>
     <span class='ocr_line' id='line_1_21' title="bbox 255 3055 1833 3156; baseline -0.001 -30"><span class='ocrx_word' id='word_1_214' title='bbox 255 3055 539 3153; x_wconf 89' lang='lat' dir='ltr'><strong>meritouterque</strong></span> <span class='ocrx_word' id='word_1_215' title='bbox 553 3071 714 3128; x_wconf 89' lang='lat' dir='ltr'><strong>nostrum</strong></span> <span class='ocrx_word' id='word_1_216' title='bbox 728 3058 765 3128; x_wconf 91' lang='lat' dir='ltr'><strong>in</strong></span> <span class='ocrx_word' id='word_1_217' title='bbox 779 3055 875 3128; x_wconf 91' lang='lat' dir='ltr'><strong>illam</strong></span> <span class='ocrx_word' id='word_1_218' title='bbox 888 3081 1120 3156; x_wconf 78' lang='lat' dir='ltr'><strong>perrtmrpere</strong></span> <span class='ocrx_word' id='word_1_219' title='bbox 1131 3062 1144 3096; x_wconf 83' lang='lat'>²</span> <span class='ocrx_word' id='word_1_220' title='bbox 1154 3081 1259 3154; x_wconf 88' lang='lat' dir='ltr'><strong>posse</strong></span> <span class='ocrx_word' id='word_1_221' title='bbox 1275 3055 1436 3127; x_wconf 89' lang='lat' dir='ltr'><strong>videatur</strong></span> <span class='ocrx_word' id='word_1_222' title='bbox 1448 3057 1609 3127; x_wconf 74' lang='lat' dir='ltr'><strong>vocem⁸1</strong></span> <span class='ocrx_word' id='word_1_223' title='bbox 1627 3083 1644 3122; x_wconf 79' lang='lat' dir='ltr'><strong>a</strong></span> <span class='ocrx_word' id='word_1_224' title='bbox 1658 3055 1833 3126; x_wconf 89' lang='lat' dir='ltr'><strong>Dominus</strong></span> 
     </span>
     <span class='ocr_line' id='line_1_22' title="bbox 255 3173 1834 3274; baseline -0.001 -27"><span class='ocrx_word' id='word_1_225' title='bbox 255 3175 423 3248; x_wconf 88' lang='lat' dir='ltr'><strong>sollicitus</strong></span> <span class='ocrx_word' id='word_1_226' title='bbox 452 3191 505 3248; x_wconf 92' lang='lat' dir='ltr'><strong>est</strong></span> <span class='ocrx_word' id='word_1_227' title='bbox 524 3178 606 3248; x_wconf 88' lang='lat' dir='ltr'><strong>mei.</strong></span> <span class='ocrx_word' id='word_1_228' title='bbox 624 3177 781 3273; x_wconf 79' lang='lat' dir='ltr'><strong>»Cogita</strong></span> <span class='ocrx_word' id='word_1_229' title='bbox 800 3193 834 3249; x_wconf 91' lang='lat' dir='ltr'><strong>et</strong></span> <span class='ocrx_word' id='word_1_230' title='bbox 848 3177 1017 3272; x_wconf 88' lang='lat' dir='ltr'><strong>recogita,</strong></span> <span class='ocrx_word' id='word_1_231' title='bbox 1040 3176 1077 3246; x_wconf 90' lang='lat' dir='ltr'><strong>in</strong></span> <span class='ocrx_word' id='word_1_232' title='bbox 1095 3177 1238 3271; x_wconf 88' lang='lat' dir='ltr'><strong>quantis</strong></span> <span class='ocrx_word' id='word_1_233' title='bbox 1259 3177 1325 3274; x_wconf 92' lang='lat' dir='ltr'><strong>ipsi</strong></span> <span class='ocrx_word' id='word_1_234' title='bbox 1341 3200 1407 3246; x_wconf 92' lang='lat' dir='ltr'><strong>nos</strong></span> <span class='ocrx_word' id='word_1_235' title='bbox 1421 3173 1585 3272; x_wconf 81' lang='lat' dir='ltr'><strong>periculis</strong></span> <span class='ocrx_word' id='word_1_236' title='bbox 1603 3176 1834 3246; x_wconf 89' lang='lat' dir='ltr'><strong>constituera-</strong></span> 
     </span>
     <span class='ocr_line' id='line_1_23' title="bbox 256 3295 1833 3394; baseline -0.003 -25"><span class='ocrx_word' id='word_1_237' title='bbox 256 3323 333 3369; x_wconf 91' lang='lat' dir='ltr'><strong>mus</strong></span> <span class='ocrx_word' id='word_1_238' title='bbox 345 3301 374 3388; x_wconf 74' lang='lat'><strong>⁴,</strong></span> <span class='ocrx_word' id='word_1_239' title='bbox 387 3311 424 3369; x_wconf 90' lang='lat' dir='ltr'><strong>et</strong></span> <span class='ocrx_word' id='word_1_240' title='bbox 439 3320 461 3368; x_wconf 94' lang='lat' dir='ltr'><strong>a</strong></span> <span class='ocrx_word' id='word_1_241' title='bbox 476 3297 618 3394; x_wconf 90' lang='lat' dir='ltr'><strong>quantis</strong></span> <span class='ocrx_word' id='word_1_242' title='bbox 629 3320 696 3368; x_wconf 91' lang='lat' dir='ltr'><strong>nos</strong></span> <span class='ocrx_word' id='word_1_243' title='bbox 710 3297 840 3368; x_wconf 89' lang='lat' dir='ltr'><strong>eruerit</strong></span> <span class='ocrx_word' id='word_1_244' title='bbox 853 3296 1049 3384; x_wconf 89' lang='lat' dir='ltr'><strong>Dominus;</strong></span> <span class='ocrx_word' id='word_1_245' title='bbox 1066 3309 1101 3365; x_wconf 91' lang='lat' dir='ltr'><strong>et</strong></span> <span class='ocrx_word' id='word_1_246' title='bbox 1112 3317 1217 3365; x_wconf 87' lang='lat' dir='ltr'><strong>narra</strong></span> <span class='ocrx_word' id='word_1_247' title='bbox 1229 3319 1369 3392; x_wconf 82' lang='lat' dir='ltr'><strong>seraper</strong></span> <span class='ocrx_word' id='word_1_248' title='bbox 1386 3318 1468 3366; x_wconf 90' lang='lat' dir='ltr'><strong>cum</strong></span> <span class='ocrx_word' id='word_1_249' title='bbox 1490 3315 1629 3364; x_wconf 89' lang='lat' dir='ltr'><strong>summa</strong></span> <span class='ocrx_word' id='word_1_250' title='bbox 1643 3295 1833 3390; x_wconf 85' lang='lat' dir='ltr'><strong>gratiarum</strong></span> 
     </span>
     <span class='ocr_line' id='line_1_24' title="bbox 256 3413 1835 3513; baseline -0.003 -23"><span class='ocrx_word' id='word_1_251' title='bbox 256 3418 415 3506; x_wconf 89' lang='lat' dir='ltr'><strong>actione,</strong></span> <span class='ocrx_word' id='word_1_252' title='bbox 444 3445 461 3485; x_wconf 83' lang='lat' dir='ltr'><strong>u</strong></span> <span class='ocrx_word' id='word_1_253' title='bbox 487 3430 620 3513; x_wconf 86' lang='lat' dir='ltr'><strong>quanta</strong></span> <span class='ocrx_word' id='word_1_254' title='bbox 642 3415 723 3487; x_wconf 84' lang='lat' dir='ltr'><strong>iecit</strong></span> <span class='ocrx_word' id='word_1_255' title='bbox 748 3417 925 3486; x_wconf 87' lang='lat' dir='ltr'><strong>Dominus</strong></span> <span class='ocrx_word' id='word_1_256' title='bbox 952 3415 1079 3486; x_wconf 74' lang='lat' dir='ltr'><strong>animas</strong></span> <span class='ocrx_word' id='word_1_257' title='bbox 1112 3429 1240 3485; x_wconf 74' lang='lat' dir='ltr'><strong>nostrae</strong></span> <span class='ocrx_word' id='word_1_258' title='bbox 1257 3417 1284 3501; x_wconf 81' lang='lat'><strong>⁸,</strong></span> <span class='ocrx_word' id='word_1_259' title='bbox 1305 3442 1322 3480; x_wconf 87' lang='lat'>»</span> <span class='ocrx_word' id='word_1_260' title='bbox 1356 3428 1392 3484; x_wconf 92' lang='lat' dir='ltr'><strong>et</strong></span> <span class='ocrx_word' id='word_1_261' title='bbox 1416 3413 1593 3510; x_wconf 89' lang='lat' dir='ltr'><strong>quoslibet</strong></span> <span class='ocrx_word' id='word_1_262' title='bbox 1616 3415 1758 3512; x_wconf 90' lang='lat' dir='ltr'><strong>iniquos</strong></span> <span class='ocrx_word' id='word_1_263' title='bbox 1789 3414 1835 3485; x_wconf 90' lang='lat' dir='ltr'><strong>de</strong></span> 
     </span>
     <span class='ocr_line' id='line_1_25' title="bbox 256 3532 1835 3634; baseline -0.002 -26"><span class='ocrx_word' id='word_1_264' title='bbox 256 3535 414 3610; x_wconf 86' lang='lat' dir='ltr'><strong>bonitate</strong></span> <span class='ocrx_word' id='word_1_265' title='bbox 437 3536 581 3608; x_wconf 87' lang='lat' dir='ltr'><strong>Domini</strong></span> <span class='ocrx_word' id='word_1_266' title='bbox 604 3535 833 3634; x_wconf 85' lang='lat' dir='ltr'><strong>desperantes</strong></span> <span class='ocrx_word' id='word_1_267' title='bbox 855 3549 978 3606; x_wconf 86' lang='lat' dir='ltr'><strong>nostro</strong></span> <span class='ocrx_word' id='word_1_268' title='bbox 1009 3534 1195 3606; x_wconf 89' lang='lat' dir='ltr'><strong>consolare</strong></span> <span class='ocrx_word' id='word_1_269' title='bbox 1221 3532 1385 3633; x_wconf 79' lang='lat' dir='ltr'><strong>exemplo</strong></span> <span class='ocrx_word' id='word_1_270' title='bbox 1396 3574 1409 3622; x_wconf 50' lang='lat'><strong>,1</strong></span> <span class='ocrx_word' id='word_1_271' title='bbox 1439 3549 1479 3604; x_wconf 91' lang='lat' dir='ltr'><strong>ut</strong></span> <span class='ocrx_word' id='word_1_272' title='bbox 1498 3533 1687 3605; x_wconf 80' lang='lat' dir='ltr'><strong>advertant</strong></span> <span class='ocrx_word' id='word_1_273' title='bbox 1709 3557 1835 3605; x_wconf 89' lang='lat' dir='ltr'><strong>omnes</strong></span> 
     </span>
     <span class='ocr_line' id='line_1_26' title="bbox 256 3651 1835 3754; baseline -0.003 -25"><span class='ocrx_word' id='word_1_274' title='bbox 256 3655 341 3754; x_wconf 89' lang='lat' dir='ltr'><strong>quid</strong></span> <span class='ocrx_word' id='word_1_275' title='bbox 353 3654 634 3754; x_wconf 87' lang='lat' dir='ltr'><strong>supplicantibus</strong></span> <span class='ocrx_word' id='word_1_276' title='bbox 648 3669 754 3751; x_wconf 84' lang='lat' dir='ltr'><strong>atque</strong></span> <span class='ocrx_word' id='word_1_277' title='bbox 766 3652 969 3752; x_wconf 87' lang='lat' dir='ltr'><strong>petentibus</strong></span> <span class='ocrx_word' id='word_1_278' title='bbox 981 3651 1056 3742; x_wconf 84' lang='lat' dir='ltr'><strong>fiat,</strong></span> <span class='ocrx_word' id='word_1_279' title='bbox 1071 3679 1183 3750; x_wconf 85' lang='lat' dir='ltr'><strong>quum</strong></span> <span class='ocrx_word' id='word_1_280' title='bbox 1197 3655 1289 3725; x_wconf 80' lang='lat' dir='ltr'><strong>tam⁸</strong></span> <span class='ocrx_word' id='word_1_281' title='bbox 1304 3653 1550 3752; x_wconf 80' lang='lat' dir='ltr'><strong>peccatoribus</strong></span> <span class='ocrx_word' id='word_1_282' title='bbox 1562 3667 1598 3724; x_wconf 90' lang='lat' dir='ltr'><strong>et</strong></span> <span class='ocrx_word' id='word_1_283' title='bbox 1612 3653 1728 3724; x_wconf 80' lang='lat' dir='ltr'><strong>invitis</strong></span> <span class='ocrx_word' id='word_1_284' title='bbox 1740 3666 1835 3724; x_wconf 90' lang='lat' dir='ltr'><strong>tanta</strong></span> 
     </span>
     <span class='ocr_line' id='line_1_27' title="bbox 256 3772 1837 3875; baseline -0.004 -26"><span class='ocrx_word' id='word_1_285' title='bbox 256 3791 465 3875; x_wconf 86' lang='lat' dir='ltr'><strong>praestentur</strong></span> <span class='ocrx_word' id='word_1_286' title='bbox 480 3773 666 3847; x_wconf 82' lang='lat' dir='ltr'><strong>beneficia.</strong></span> <span class='ocrx_word' id='word_1_287' title='bbox 689 3772 874 3870; x_wconf 84' lang='lat' dir='ltr'><strong>Perpende</strong></span> <span class='ocrx_word' id='word_1_288' title='bbox 892 3772 1098 3845; x_wconf 86' lang='lat' dir='ltr'><strong>altissimum</strong></span> <span class='ocrx_word' id='word_1_289' title='bbox 1112 3774 1150 3843; x_wconf 94' lang='lat' dir='ltr'><strong>in</strong></span> <span class='ocrx_word' id='word_1_290' title='bbox 1165 3772 1269 3844; x_wconf 90' lang='lat' dir='ltr'><strong>nobis</strong></span> <span class='ocrx_word' id='word_1_291' title='bbox 1282 3772 1410 3844; x_wconf 78' lang='lat' dir='ltr'><strong>divinae</strong></span> <span class='ocrx_word' id='word_1_292' title='bbox 1423 3773 1610 3844; x_wconf 90' lang='lat' dir='ltr'><strong>consilium</strong></span> <span class='ocrx_word' id='word_1_293' title='bbox 1630 3773 1788 3872; x_wconf 83' lang='lat' dir='ltr'><strong>pietatis,</strong></span> <span class='ocrx_word' id='word_1_294' title='bbox 1802 3788 1837 3843; x_wconf 89' lang='lat' dir='ltr'><strong>et</strong></span> 
     </span>
     <span class='ocr_line' id='line_1_28' title="bbox 256 3891 1836 3995; baseline -0.006 -25"><span class='ocrx_word' id='word_1_295' title='bbox 256 3921 365 3995; x_wconf 91' lang='lat' dir='ltr'><strong>quam</strong></span> <span class='ocrx_word' id='word_1_296' title='bbox 378 3893 836 3989; x_wconf 88' lang='lat' dir='ltr'><strong>misericorditsrjudicium</strong></span> <span class='ocrx_word' id='word_1_297' title='bbox 854 3893 1197 3964; x_wconf 88' lang='lat' dir='ltr'><strong>suumDominusin</strong></span> <span class='ocrx_word' id='word_1_298' title='bbox 1210 3892 1475 3989; x_wconf 85' lang='lat' dir='ltr'><strong>correptionem</strong></span> <span class='ocrx_word' id='word_1_299' title='bbox 1488 3891 1649 3980; x_wconf 75' lang='lat' dir='ltr'><strong>verterit,</strong></span> <span class='ocrx_word' id='word_1_300' title='bbox 1672 3906 1707 3962; x_wconf 90' lang='lat' dir='ltr'><strong>et</strong></span> <span class='ocrx_word' id='word_1_301' title='bbox 1730 3913 1836 3987; x_wconf 89' lang='lat' dir='ltr'><strong>quam</strong></span> 
     </span>
     <span class='ocr_line' id='line_1_29' title="bbox 257 4009 1839 4113; baseline -0.006 -25"><span class='ocrx_word' id='word_1_302' title='bbox 257 4017 453 4113; x_wconf 89' lang='lat' dir='ltr'><strong>prudenter</strong></span> <span class='ocrx_word' id='word_1_303' title='bbox 465 4018 475 4054; x_wconf 74' lang='lat'>¹</span> <span class='ocrx_word' id='word_1_304' title='bbox 489 4014 590 4086; x_wconf 88' lang='lat' dir='ltr'><strong>malis</strong></span> <span class='ocrx_word' id='word_1_305' title='bbox 609 4036 754 4110; x_wconf 88' lang='lat' dir='ltr'><strong>quoque</strong></span> <span class='ocrx_word' id='word_1_306' title='bbox 772 4012 857 4111; x_wconf 91' lang='lat' dir='ltr'><strong>ipsis</strong></span> <span class='ocrx_word' id='word_1_307' title='bbox 874 4035 958 4082; x_wconf 85' lang='lat' dir='ltr'><strong>usus</strong></span> <span class='ocrx_word' id='word_1_308' title='bbox 970 4011 1037 4100; x_wconf 85' lang='lat' dir='ltr'><strong>sit,</strong></span> <span class='ocrx_word' id='word_1_309' title='bbox 1058 4024 1096 4082; x_wconf 90' lang='lat' dir='ltr'><strong>et</strong></span> <span class='ocrx_word' id='word_1_310' title='bbox 1112 4010 1330 4108; x_wconf 86' lang='lat' dir='ltr'><strong>impietatem</strong></span> <span class='ocrx_word' id='word_1_311' title='bbox 1345 4011 1407 4108; x_wconf 87' lang='lat' dir='ltr'><strong>pie</strong></span> <span class='ocrx_word' id='word_1_312' title='bbox 1428 4009 1650 4108; x_wconf 87' lang='lat' dir='ltr'><strong>deposuerit,</strong></span> <span class='ocrx_word' id='word_1_313' title='bbox 1669 4024 1712 4080; x_wconf 88' lang='lat' dir='ltr'><strong>ut</strong></span> <span class='ocrx_word' id='word_1_314' title='bbox 1734 4009 1839 4079; x_wconf 90' lang='lat' dir='ltr'><strong>unius</strong></span> 
     </span>
     <span class='ocr_line' id='line_1_30' title="bbox 257 4129 1838 4235; baseline -0.006 -26"><span class='ocrx_word' id='word_1_315' title='bbox 257 4138 367 4235; x_wconf 89' lang='lat' dir='ltr'><strong>partis</strong></span> <span class='ocrx_word' id='word_1_316' title='bbox 379 4135 539 4233; x_wconf 87' lang='lat' dir='ltr'><strong>corporis</strong></span> <span class='ocrx_word' id='word_1_317' title='bbox 557 4135 627 4205; x_wconf 89' lang='lat' dir='ltr'><strong>mei</strong></span> <span class='ocrx_word' id='word_1_318' title='bbox 642 4132 834 4230; x_wconf 85' lang='lat' dir='ltr'><strong>justissima</strong></span> <span class='ocrx_word' id='word_1_319' title='bbox 846 4129 1102 4230; x_wconf 84' lang='lat' dir='ltr'><strong>plagaduabus</strong></span> <span class='ocrx_word' id='word_1_320' title='bbox 1115 4129 1318 4202; x_wconf 87' lang='lat' dir='ltr'><strong>mederetur</strong></span> <span class='ocrx_word' id='word_1_321' title='bbox 1338 4129 1536 4201; x_wconf 87' lang='lat' dir='ltr'><strong>animabus.</strong></span> <span class='ocrx_word' id='word_1_322' title='bbox 1554 4129 1684 4201; x_wconf 79' lang='lat' dir='ltr'><strong>Confer</strong></span> <span class='ocrx_word' id='word_1_323' title='bbox 1698 4130 1838 4227; x_wconf 91' lang='lat' dir='ltr'><strong>pericu-</strong></span> 
     </span>
     <span class='ocr_line' id='line_1_31' title="bbox 260 4247 1840 4348; baseline -0.006 -20"><span class='ocrx_word' id='word_1_324' title='bbox 260 4258 335 4330; x_wconf 90' lang='lat' dir='ltr'><strong>lum</strong></span> <span class='ocrx_word' id='word_1_325' title='bbox 348 4270 384 4328; x_wconf 88' lang='lat' dir='ltr'><strong>et</strong></span> <span class='ocrx_word' id='word_1_326' title='bbox 397 4254 614 4344; x_wconf 83' lang='lat' dir='ltr'><strong>liberationis</strong></span> <span class='ocrx_word' id='word_1_327' title='bbox 632 4251 795 4324; x_wconf 90' lang='lat' dir='ltr'><strong>modum.</strong></span> <span class='ocrx_word' id='word_1_328' title='bbox 817 4251 948 4324; x_wconf 81' lang='lat' dir='ltr'><strong>Confer</strong></span> <span class='ocrx_word' id='word_1_329' title='bbox 964 4251 1174 4348; x_wconf 86' lang='lat' dir='ltr'><strong>languorem</strong></span> <span class='ocrx_word' id='word_1_330' title='bbox 1194 4263 1230 4322; x_wconf 90' lang='lat' dir='ltr'><strong>et</strong></span> <span class='ocrx_word' id='word_1_331' title='bbox 1248 4247 1474 4320; x_wconf 86' lang='lat' dir='ltr'><strong>medicinam.</strong></span> <span class='ocrx_word' id='word_1_332' title='bbox 1492 4250 1698 4320; x_wconf 86' lang='lat' dir='ltr'><strong>Meritoram</strong></span> <span class='ocrx_word' id='word_1_333' title='bbox 1717 4271 1840 4318; x_wconf 90' lang='lat' dir='ltr'><strong>causas</strong></span> 
     </span>
     <span class='ocr_line' id='line_1_32' title="bbox 260 4365 1840 4474; baseline -0.006 -28"><span class='ocrx_word' id='word_1_334' title='bbox 260 4377 413 4474; x_wconf 86' lang='lat' dir='ltr'><strong>inspice,</strong></span> <span class='ocrx_word' id='word_1_335' title='bbox 430 4390 465 4446; x_wconf 92' lang='lat' dir='ltr'><strong>et</strong></span> <span class='ocrx_word' id='word_1_336' title='bbox 478 4373 714 4446; x_wconf 83' lang='lat' dir='ltr'><strong>miserationis</strong></span> <span class='ocrx_word' id='word_1_337' title='bbox 727 4371 874 4444; x_wconf 84' lang='lat' dir='ltr'><strong>affectus</strong></span> <span class='ocrx_word' id='word_1_338' title='bbox 888 4369 1076 4444; x_wconf 84' lang='lat' dir='ltr'><strong>admirare.</strong></span> <span class='ocrx_word' id='word_1_339' title='bbox 1098 4371 1198 4442; x_wconf 86' lang='lat' dir='ltr'><strong>Nosti</strong></span> <span class='ocrx_word' id='word_1_340' title='bbox 1208 4369 1356 4466; x_wconf 80' lang='lat' dir='ltr'><strong>quantis</strong></span> <span class='ocrx_word' id='word_1_341' title='bbox 1373 4367 1652 4467; x_wconf 84' lang='lat' dir='ltr'><strong>tarpimdinibus</strong></span> <span class='ocrx_word' id='word_1_342' title='bbox 1666 4365 1840 4437; x_wconf 89' lang='lat' dir='ltr'><strong>immode·</strong></span> 
     </span>
     <span class='ocr_line' id='line_1_33' title="bbox 262 4485 1840 4590; baseline -0.009 -22"><span class='ocrx_word' id='word_1_343' title='bbox 262 4511 338 4568; x_wconf 83' lang='lat' dir='ltr'><strong>rata</strong></span> <span class='ocrx_word' id='word_1_344' title='bbox 346 4517 428 4566; x_wconf 89' lang='lat' dir='ltr'><strong>mea</strong></span> <span class='ocrx_word' id='word_1_345' title='bbox 440 4492 553 4564; x_wconf 91' lang='lat' dir='ltr'><strong>libido</strong></span> <span class='ocrx_word' id='word_1_346' title='bbox 563 4494 574 4529; x_wconf 84' lang='lat'>⁸</span> <span class='ocrx_word' id='word_1_347' title='bbox 584 4517 736 4590; x_wconf 87' lang='lat' dir='ltr'><strong>corpora</strong></span> <span class='ocrx_word' id='word_1_348' title='bbox 749 4507 871 4564; x_wconf 86' lang='lat' dir='ltr'><strong>nostra</strong></span> <span class='ocrx_word' id='word_1_349' title='bbox 883 4491 1067 4570; x_wconf 79' lang='lat' dir='ltr'><strong>addixerat</strong></span> <span class='ocrx_word' id='word_1_350' title='bbox 1076 4495 1098 4581; x_wconf 79' lang='lat'><strong>⁹,</strong></span> <span class='ocrx_word' id='word_1_351' title='bbox 1114 4506 1153 4564; x_wconf 87' lang='lat' dir='ltr'><strong>ut</strong></span> <span class='ocrx_word' id='word_1_352' title='bbox 1166 4489 1264 4564; x_wconf 90' lang='lat' dir='ltr'><strong>nulla</strong></span> <span class='ocrx_word' id='word_1_353' title='bbox 1275 4488 1470 4560; x_wconf 87' lang='lat' dir='ltr'><strong>honestatis</strong></span> <span class='ocrx_word' id='word_1_354' title='bbox 1486 4488 1541 4558; x_wconf 84' lang='lat' dir='ltr'><strong>vel</strong></span> <span class='ocrx_word' id='word_1_355' title='bbox 1561 4488 1626 4557; x_wconf 89' lang='lat' dir='ltr'><strong>Dei</strong></span> <span class='ocrx_word' id='word_1_356' title='bbox 1644 4485 1840 4557; x_wconf 87' lang='lat' dir='ltr'><strong>reverentia</strong></span> 
     </span>
    </p>
   </div>
   <div class='ocr_carea' id='block_1_3' title="bbox 262 4603 1952 4712">
    <p class='ocr_par' dir='ltr' id='par_1_3' title="bbox 262 4603 1952 4712">
     <span class='ocr_line' id='line_1_34' title="bbox 262 4603 1952 4712; baseline -0.009 -25"><span class='ocrx_word' id='word_1_357' title='bbox 262 4617 297 4687; x_wconf 91' lang='lat' dir='ltr'><strong>in</strong></span> <span class='ocrx_word' id='word_1_358' title='bbox 320 4614 405 4712; x_wconf 88' lang='lat' dir='ltr'><strong>ipsis</strong></span> <span class='ocrx_word' id='word_1_359' title='bbox 425 4613 532 4686; x_wconf 87' lang='lat' dir='ltr'><strong>etiarn</strong></span> <span class='ocrx_word' id='word_1_360' title='bbox 553 4609 678 4682; x_wconf 89' lang='lat' dir='ltr'><strong>diebus</strong></span> <span class='ocrx_word' id='word_1_361' title='bbox 701 4610 889 4683; x_wconf 76' lang='lat' dir='ltr'><strong>dominicae</strong></span> <span class='ocrx_word' id='word_1_362' title='bbox 907 4610 1098 4708; x_wconf 87' lang='lat' dir='ltr'><strong>passionis,</strong></span> <span class='ocrx_word' id='word_1_363' title='bbox 1119 4609 1176 4680; x_wconf 81' lang='lat' dir='ltr'><strong>vel</strong></span> <span class='ocrx_word' id='word_1_364' title='bbox 1198 4623 1555 4706; x_wconf 88' lang='lat' dir='ltr'><strong>quantarumcunque</strong></span> <span class='ocrx_word' id='word_1_365' title='bbox 1577 4603 1839 4674; x_wconf 89' lang='lat' dir='ltr'><strong>solemnitatum</strong></span> <span class='ocrx_word' id='word_1_366' title='bbox 1947 4645 1952 4653; x_wconf 93' lang='lat'>-</span> 
     </span>
    </p>
   </div>
   <div class='ocr_carea' id='block_1_4' title="bbox 264 4727 1843 4947">
    <p class='ocr_par' dir='ltr' id='par_1_4' title="bbox 264 4727 1843 4947">
     <span class='ocr_line' id='line_1_35' title="bbox 264 4727 1842 4830; baseline -0.005 -23"><span class='ocrx_word' id='word_1_367' title='bbox 264 4733 308 4807; x_wconf 89' lang='lat' dir='ltr'><strong>ab</strong></span> <span class='ocrx_word' id='word_1_368' title='bbox 330 4734 435 4830; x_wconf 87' lang='lat' dir='ltr'><strong>hujus</strong></span> <span class='ocrx_word' id='word_1_369' title='bbox 464 4731 529 4802; x_wconf 87' lang='lat' dir='ltr'><strong>luti</strong></span> <span class='ocrx_word' id='word_1_370' title='bbox 551 4729 741 4802; x_wconf 81' lang='lat' dir='ltr'><strong>volutabro</strong></span> <span class='ocrx_word' id='word_1_371' title='bbox 762 4753 820 4802; x_wconf 89' lang='lat' dir='ltr'><strong>me</strong></span> <span class='ocrx_word' id='word_1_372' title='bbox 845 4745 1040 4802; x_wconf 83' lang='lat' dir='ltr'><strong>revocaret.</strong></span> <span class='ocrx_word' id='word_1_373' title='bbox 1063 4730 1134 4800; x_wconf 86' lang='lat' dir='ltr'><strong>Sed</strong></span> <span class='ocrx_word' id='word_1_374' title='bbox 1158 4743 1194 4802; x_wconf 89' lang='lat' dir='ltr'><strong>et</strong></span> <span class='ocrx_word' id='word_1_375' title='bbox 1211 4744 1246 4800; x_wconf 88' lang='lat' dir='ltr'><strong>te</strong></span> <span class='ocrx_word' id='word_1_376' title='bbox 1263 4727 1463 4815; x_wconf 88' lang='lat' dir='ltr'><strong>nolentem,</strong></span> <span class='ocrx_word' id='word_1_377' title='bbox 1494 4729 1556 4798; x_wconf 80' lang='lat' dir='ltr'><strong>et¹⁰</strong></span> <span class='ocrx_word' id='word_1_378' title='bbox 1576 4739 1683 4823; x_wconf 90' lang='lat' dir='ltr'><strong>prout</strong></span> <span class='ocrx_word' id='word_1_379' title='bbox 1700 4738 1842 4822; x_wconf 86' lang='lat' dir='ltr'><strong>potems</strong></span> 
     </span>
     <span class='ocr_line' id='line_1_36' title="bbox 264 4843 1843 4947; baseline -0.005 -24"><span class='ocrx_word' id='word_1_380' title='bbox 264 4855 495 4926; x_wconf 86' lang='lat' dir='ltr'><strong>reluctantem</strong></span> <span class='ocrx_word' id='word_1_381' title='bbox 510 4867 545 4924; x_wconf 93' lang='lat' dir='ltr'><strong>et</strong></span> <span class='ocrx_word' id='word_1_382' title='bbox 558 4849 842 4940; x_wconf 87' lang='lat' dir='ltr'><strong>dissuadentem,</strong></span> <span class='ocrx_word' id='word_1_383' title='bbox 858 4875 937 4947; x_wconf 86' lang='lat' dir='ltr'><strong>quae</strong></span> <span class='ocrx_word' id='word_1_384' title='bbox 950 4865 1077 4922; x_wconf 89' lang='lat' dir='ltr'><strong>natura</strong></span> <span class='ocrx_word' id='word_1_385' title='bbox 1088 4848 1265 4920; x_wconf 85' lang='lat' dir='ltr'><strong>infirmior</strong></span> <span class='ocrx_word' id='word_1_386' title='bbox 1278 4873 1367 4938; x_wconf 88' lang='lat' dir='ltr'><strong>eras,</strong></span> <span class='ocrx_word' id='word_1_387' title='bbox 1384 4849 1510 4945; x_wconf 84' lang='lat' dir='ltr'><strong>saepius</strong></span> <span class='ocrx_word' id='word_1_388' title='bbox 1524 4845 1630 4916; x_wconf 91' lang='lat' dir='ltr'><strong>minis</strong></span> <span class='ocrx_word' id='word_1_389' title='bbox 1644 4869 1685 4916; x_wconf 90' lang='lat' dir='ltr'><strong>ac</strong></span> <span class='ocrx_word' id='word_1_390' title='bbox 1699 4843 1843 4940; x_wconf 88' lang='lat' dir='ltr'><strong>flagellis</strong></span> 
     </span>
    </p>
   </div>
   <div class='ocr_carea' id='block_1_5' title="bbox 270 5062 1843 5300">
    <p class='ocr_par' dir='ltr' id='par_1_5' title="bbox 270 5062 1843 5300">
     <span class='ocr_line' id='line_1_37' title="bbox 299 5062 1843 5132; baseline -0.007 -12"><span class='ocrx_word' id='word_1_391' title='bbox 299 5070 306 5094; x_wconf 79' lang='lat'>¹</span> <span class='ocrx_word' id='word_1_392' title='bbox 319 5071 404 5120; x_wconf 80' lang='lat' dir='ltr'><strong>daiam</strong></span> <span class='ocrx_word' id='word_1_393' title='bbox 416 5081 464 5120; x_wconf 81' lang='lat' dir='ltr'><strong>tom</strong></span> <span class='ocrx_word' id='word_1_394' title='bbox 475 5073 572 5132; x_wconf 68' lang='lat' dir='ltr'><strong>marato</strong></span> <span class='ocrx_word' id='word_1_395' title='bbox 584 5067 654 5119; x_wconf 79' lang='lat' dir='ltr'><strong>llldS.</strong></span> <span class='ocrx_word' id='word_1_396' title='bbox 664 5066 717 5108; x_wconf 83' lang='lat'><strong>-&#39;</strong></span> <span class='ocrx_word' id='word_1_397' title='bbox 730 5069 890 5131; x_wconf 78' lang='lat' dir='ltr'><strong>Prorutapere</strong></span> <span class='ocrx_word' id='word_1_398' title='bbox 902 5066 951 5118; x_wconf 87' lang='lat' dir='ltr'><strong>llS.</strong></span> <span class='ocrx_word' id='word_1_399' title='bbox 964 5065 1034 5116; x_wconf 51' lang='lat' dir='ltr'><strong>drab,</strong></span> <span class='ocrx_word' id='word_1_400' title='bbox 1071 5065 1079 5091; x_wconf 76' lang='lat'>²</span> <span class='ocrx_word' id='word_1_401' title='bbox 1090 5067 1225 5118; x_wconf 78' lang='lat' dir='ltr'><strong>Prudentia</strong></span> <span class='ocrx_word' id='word_1_402' title='bbox 1240 5075 1331 5127; x_wconf 79' lang='lat' dir='ltr'><strong>qrroatu</strong></span> <span class='ocrx_word' id='word_1_403' title='bbox 1342 5063 1413 5114; x_wconf 81' lang='lat' dir='ltr'><strong>llllS.</strong></span> <span class='ocrx_word' id='word_1_404' title='bbox 1423 5085 1454 5100; x_wconf 80' lang='grc'><strong>·-</strong></span> <span class='ocrx_word' id='word_1_405' title='bbox 1467 5062 1632 5113; x_wconf 79' lang='lat' dir='ltr'><strong>&#39;Immodicas</strong></span> <span class='ocrx_word' id='word_1_406' title='bbox 1641 5063 1843 5110; x_wconf 66' lang='lat' dir='ltr'><strong>assentaretur</strong></span> 
     </span>
     <span class='ocr_line' id='line_1_38' title="bbox 270 5143 1841 5210; baseline -0.008 -5"><span class='ocrx_word' id='word_1_407' title='bbox 270 5179 295 5189; x_wconf 92' lang='lat'><em>-</em></span> <span class='ocrx_word' id='word_1_408' title='bbox 308 5153 318 5180; x_wconf 88' lang='lat'><strong>¹</strong></span> <span class='ocrx_word' id='word_1_409' title='bbox 331 5153 420 5204; x_wconf 81' lang='lat' dir='ltr'><strong>Paalm.</strong></span> <span class='ocrx_word' id='word_1_410' title='bbox 432 5169 522 5210; x_wconf 76' lang='lat' dir='ltr'><strong>xxxix.</strong></span> <span class='ocrx_word' id='word_1_411' title='bbox 533 5168 556 5202; x_wconf 85' lang='lat' dir='ltr'><strong>r.</strong></span> <span class='ocrx_word' id='word_1_412' title='bbox 573 5153 612 5202; x_wconf 82' lang='lat' dir='ltr'><strong>ts.</strong></span> <span class='ocrx_word' id='word_1_413' title='bbox 624 5179 654 5190; x_wconf 93' lang='lat'><em>-</em></span> <span class='ocrx_word' id='word_1_414' title='bbox 666 5151 677 5178; x_wconf 81' lang='lat'><strong>⁴</strong></span> <span class='ocrx_word' id='word_1_415' title='bbox 690 5153 730 5204; x_wconf 84' lang='lat' dir='ltr'><strong>Sic</strong></span> <span class='ocrx_word' id='word_1_416' title='bbox 741 5152 769 5202; x_wconf 90' lang='lat' dir='ltr'><strong>D.</strong></span> <span class='ocrx_word' id='word_1_417' title='bbox 781 5178 798 5190; x_wconf 89' lang='lat'>-</span> <span class='ocrx_word' id='word_1_418' title='bbox 808 5152 933 5202; x_wconf 70' lang='lat' dir='ltr'><strong>mamus</strong></span> <span class='ocrx_word' id='word_1_419' title='bbox 943 5166 1038 5202; x_wconf 74' lang='lat' dir='ltr'><strong>eroum</strong></span> <span class='ocrx_word' id='word_1_420' title='bbox 1070 5161 1142 5204; x_wconf 76' lang='lat' dir='ltr'><strong>murs</strong></span> <span class='ocrx_word' id='word_1_421' title='bbox 1153 5149 1224 5202; x_wconf 79' lang='lat' dir='ltr'><strong>llllS.</strong></span> <span class='ocrx_word' id='word_1_422' title='bbox 1234 5147 1282 5187; x_wconf 81' lang='lat'><strong>-’</strong></span> <span class='ocrx_word' id='word_1_423' title='bbox 1294 5149 1446 5200; x_wconf 79' lang='lat' dir='ltr'><strong>Addiarraat</strong></span> <span class='ocrx_word' id='word_1_424' title='bbox 1455 5144 1587 5200; x_wconf 60' lang='lat' dir='ltr'><strong>attan-¹⁰</strong></span> <span class='ocrx_word' id='word_1_425' title='bbox 1598 5147 1663 5196; x_wconf 79' lang='lat' dir='ltr'><strong>l&#39;uts&#39;s</strong></span> <span class='ocrx_word' id='word_1_426' title='bbox 1671 5147 1759 5196; x_wconf 78' lang='lat' dir='ltr'><strong>uiribus</strong></span> <span class='ocrx_word' id='word_1_427' title='bbox 1770 5143 1841 5194; x_wconf 77' lang='lat' dir='ltr'><strong>nats.</strong></span> 
     </span>
     <span class='ocr_line' id='line_1_39' title="bbox 271 5235 1036 5300; baseline -0.001 -14"><span class='ocrx_word' id='word_1_428' title='bbox 271 5235 850 5300; x_wconf 50' lang='grc' dir='ltr'><strong>ΕιΙ.Αωὶ).-·Ρια1ω.ιιν,[ια-ΑΜ</strong></span> <span class='ocrx_word' id='word_1_429' title='bbox 861 5235 911 5288; x_wconf 74' lang='lat' dir='ltr'><strong>its,</strong></span> <span class='ocrx_word' id='word_1_430' title='bbox 923 5235 995 5286; x_wconf 78' lang='lat' dir='ltr'><strong>lma.</strong></span> <span class='ocrx_word' id='word_1_431' title='bbox 1005 5261 1036 5272; x_wconf 90' lang='lat'>-</span> 
     </span>
    </p>
   </div>
   <div class='ocr_carea' id='block_1_6' title="bbox 630 5404 831 5444">
    <p class='ocr_par' dir='ltr' id='par_1_6' title="bbox 630 5382 831 5444">
     <span class='ocr_line' id='line_1_40' title="bbox 630 5404 831 5444; baseline -0.02 -4"><span class='ocrx_word' id='word_1_432' title='bbox 630 5431 643 5444; x_wconf 82' lang='grc'><strong>.,</strong></span> <span class='ocrx_word' id='word_1_433' title='bbox 665 5404 762 5440; x_wconf 56' lang='lat' dir='ltr'><strong>’alde</strong></span> <span class='ocrx_word' id='word_1_434' title='bbox 796 5411 831 5438; x_wconf 63' lang='lat'><strong>„⁴</strong></span> 
     </span>
    </p>
   </div>
   <div class='ocr_carea' id='block_1_7' title="bbox 0 0 2308 6100">
    <p class='ocr_par' dir='ltr' id='par_1_7' title="bbox 0 0 2308 6100">
     <span class='ocr_line' id='line_1_41' title="bbox 0 0 2308 6100; baseline 0 0"><span class='ocrx_word' id='word_1_435' title='bbox 0 0 2308 6100; x_wconf 95' lang='lat' dir='ltr'><strong> </strong></span> 
     </span>
    </p>
   </div>
  </div>
 </body>
</html>
