4590 6106
919 631 1155 704 EPlSTOLAE.
1807 637 1829 702 ε’)

247 773 378 850 iactum
393 786 464 862 est,
483 787 522 842 ut
538 769 585 842 de
598 794 655 842 me
668 770 820 868 amplius
838 772 913 868 ipse
931 795 1166 869 praesumens,
1187 770 1234 842 ad
1250 785 1406 842 castrum
1417 769 1605 861 Corbolii¹,
1621 771 1721 868 quod
1735 777 1827 871 pari·
1872 802 1905 850 ru
1926 803 2032 852 mauu

246 895 347 966 siacae
364 890 444 964 urbi
456 889 607 962 vicinius
620 903 691 978 est,
706 890 919 985 quantocius
932 888 1072 962 scholas
1093 903 1232 960 nostras
1249 889 1474 962 transferrem
1491 917 1498 959 :
1517 905 1556 961 ut
1569 890 1654 962 inde
1667 891 1831 964 videlicet
1856 867 2050 982 ³¹³⁰d„,‡',‘,''b‘’'

247 1013 458 1086 crebriores’
477 1009 727 1108 disputationis
744 1008 895 1080 assultus
914 1024 1035 1080 nostra
1052 1007 1154 1078 daret
1173 1009 1450 1105 importunitas⁸.
1476 1013 1555 1080 Non
1577 1009 1689 1081 multo
1712 1026 1832 1082 autem

249 1131 429 1225 interjecto
449 1143 612 1225 tempore
625 1152 667 1198 ex
681 1127 917 1199 immoderata
930 1125 1037 1198 studii
1055 1126 1246 1198 afflictione
1263 1141 1447 1223 correptus
1465 1126 1668 1200 infirmitate
1688 1145 1831 1201 coactns

247 1273 325 1320 sum
339 1248 563 1347 repatriare⁸,
580 1261 616 1318 et
627 1271 691 1344 per
705 1269 819 1317 annos
833 1245 969 1342 aliquot
983 1270 1004 1316 a
1016 1243 1163 1316 Francia
1180 1242 1299 1342 quasi‘
1318 1259 1494 1336 remotus,
1513 1246 1694 1344 quaerebar
1706 1247 1832 1318 arden-

247 1369 314 1439 tius
340 1365 385 1438 ab
410 1366 470 1454 iis,
496 1390 588 1462 quos
612 1363 796 1436 dialectica
820 1363 1031 1436 sollicitabat
1055 1363 1230 1436 doctrina.
1261 1364 1395 1461 Elapsis
1418 1378 1537 1436 autem
1561 1367 1683 1461 paucis
1708 1368 1827 1454 annis,

247 1510 358 1582 quum
371 1509 413 1558 ex
427 1483 631 1556 infirmitate
640 1482 855 1578 jamdudum
869 1482 1093 1556 convalerem
1103 1537 1112 1572 ,
1124 1497 1321 1582 praeceptor
1334 1508 1435 1554 meus
1447 1481 1505 1554 ille
1519 1477 1726 1555 Guillelmus
1739 1487 1831 1580 pari·

247 1603 391 1676 siensis⁶
414 1601 709 1692 archidiaconus,
736 1600 860 1674 habitu
887 1603 1036 1700 pristino
1062 1616 1282 1674 commutato
1308 1601 1354 1673 ad
1384 1600 1596 1698 regularium
1621 1601 1830 1675 clericorum

248 1722 411 1794 ordinem
422 1746 460 1794 se
472 1723 677 1814 convertit⁷3
695 1746 750 1812 ea,
763 1737 801 1792 ut
813 1721 1031 1810 referebant,
1047 1722 1274 1808 intentione⁸,
1289 1737 1328 1792 ut
1338 1747 1414 1818 quo
1424 1721 1619 1818 religiosior
1630 1721 1832 1794 crederetur

248 1841 294 1912 ad
313 1841 500 1936 majorem⁹
520 1841 735 1938 prelationis
756 1842 907 1939 gradum
930 1857 1216 1940 promoveretur,
1242 1843 1332 1913 sicut
1354 1842 1390 1913 in
1413 1843 1576 1940 proximo
1597 1843 1760 1940 contigit,
1787 1869 1829 1914 eo

248 1962 487 2034 catalaunensi
500 1964 669 2060 episcopo
688 1963 885 2066 fact0.'Nec
901 1977 1019 2033 tamen
1038 1962 1074 2032 in
1093 1985 1166 2033 suae
1185 1962 1427 2033 conversionis
1444 1961 1585 2034 habitus
1605 1978 1666 2033 aut
1679 1962 1724 2034 ab
1745 1965 1830 2034 urbe

252 2083 419 2179 parisiaca
427 2087 456 2170 ¹⁰,
472 2098 531 2154 aut
551 2107 572 2154 a
590 2098 761 2155 consueto
775 2081 1009 2180 philosophiae
1026 2081 1144 2154 studio
1158 2106 1242 2153 eum
1253 2085 1271 2118 ¹¹
1290 2082 1467 2153 revocavit
1484 2109 1491 2150 :
1509 2082 1572 2153 sed
1590 2083 1626 2152 in
1647 2082 1725 2180 ipso
1740 2109 1828 2179 quo-

251 2225 319 2295 que
331 2202 564 2290 monasterio,
581 2201 629 2274 ad
643 2200 743 2298 quod
756 2225 793 2274 se
810 2225 917 2276 causa
932 2200 1110 2298 religionis
1121 2198 1336 2288 contulerat,
1352 2200 1470 2272 statim
1484 2224 1585 2272 more
1598 2200 1702 2274 solito
1715 2201 1829 2298 publi·

249 2345 307 2390 cas
324 2322 480 2397 exercuit
492 2321 642 2394 scholas.
664 2327 754 2394 Turn
770 2341 841 2417 ego
853 2320 900 2392 ad
918 2345 1001 2392 eum
1022 2345 1183 2394 reversus
1202 2334 1241 2392 ut
1255 2319 1300 2390 ab
1321 2320 1400 2417 ipso
1419 2317 1632 2392 rhetoricam
1650 2320 1827 2412 audirem,
1858 2345 2049 2457 [perungas

1868 2427 1922 2459 rone
1945 2423 2050 2477 magistri

251 2439 340 2510 inter
354 2454 478 2512 cetera
492 2439 776 2538 disputationum
789 2455 993 2512 nostrarum
1004 2441 1212 2528 conamina,
1230 2440 1414 2536 antiquam
1428 2439 1562 2535 ejusde
1577 2440 1833 2514 universalibus
1906 2478 1959 2534 su„
1978 2489 2002 2527 u

249 2560 456 2632 sententiam
469 2561 744 2658 patentissimis¹¹
755 2575 1048 2657 argumentorum
1061 2559 1362 2657 disputationibus
1379 2561 1498 2658 ipsum
1511 2576 1744 2648 commutare,
1759 2564 1832 2634 imo
1857 2543 2052 2656 wilffssffiusslfld

249 2676 428 2750 destruere
450 2679 619 2778 compuli.
648 2684 731 2752 Erat
753 2696 873 2754 autern
898 2681 935 2752 in
953 2705 997 2752 ea
1016 2681 1190 2752 sententia
1214 2679 1259 2752 de
1281 2680 1537 2752 communitate
1562 2681 1831 2772 universalium,
1915 2737 1917 2740 -

252 2809 288 2865 ut
311 2797 473 2870 eamdem
499 2798 728 2872 essentialiter
754 2824 830 2872 rem
855 2813 967 2872 totam
992 2798 1098 2870 simul
1129 2797 1275 2894 singulis
1298 2798 1369 2870 suis
1393 2799 1509 2870 inesse
1535 2814 1707 2872 astrueret
1736 2800 1835 2872 indi-

250 2914 383 3004 viduis,
413 2941 569 3014 quorum
586 2918 732 3015 quidem
754 2917 852 2991 nulla
869 2932 960 2990 esset
981 2919 1018 2989 in
1040 2919 1192 2990 essentia
1213 2917 1411 3005 diversitas,
1434 2917 1497 2988 sed
1515 2916 1591 2990 sola
1607 2919 1834 2992 multitudine

248 3033 485 3107 accidentium
512 3038 671 3108 varietas.
712 3038 769 3110 Sic
793 3053 910 3110 autem
948 3037 1048 3108 istam
1076 3051 1162 3108 tunc
1177 3039 1196 3074 ¹⁸
1221 3060 1321 3109 suam
1349 3037 1499 3106 correxit
1530 3039 1761 3126 sententiam,
1796 3059 1835 3113 ut

249 3150 420 3250 deinceps
434 3177 507 3226 rern
520 3155 682 3230 eamdem
696 3181 769 3230 nou
785 3155 1025 3246 essentialiter,
1041 3155 1105 3228 sed
1116 3154 1357 3230 indifferenter
1368 3158 1386 3192 ¹⁶
1399 3153 1543 3226 diceret.
1556 3159 1598 3225 Et
1608 3159 1778 3253 quoniam
1788 3159 1833 3231 de

249 3271 504 3344 universalibus
521 3275 557 3349 in
577 3275 647 3348 hoc
660 3277 738 3376 ipso
753 3278 930 3376 praecipua
944 3301 1086 3371 semper
1099 3290 1151 3350 est
1165 3275 1261 3374 apud
1281 3275 1485 3348 dialectices
1501 3277 1665 3372 queastio,
1681 3301 1723 3348 ac
1738 3293 1834 3350 tanta

248 3406 373 3464 uteam
382 3393 597 3491 Porphyrius
611 3421 757 3494 quoque
772 3397 808 3468 in
820 3399 976 3495 Isagrogrs
987 3397 1077 3483 suis,
1094 3420 1205 3492 quum
1218 3395 1264 3468 de
1279 3394 1534 3468 universalibus
1547 3395 1726 3485 scriberet,
1743 3398 1834 3470 diffi-

247 3514 681 3611 niretnonpresumeret,
694 3516 864 3588 dicemur
876 3515 1194 3589 ditissimumenim
1203 3529 1256 3586 est
1265 3512 1470 3610 hujusmodi
1484 3517 1683 3610 negotium3
1696 3545 1712 3582 n
1722 3541 1834 3612 quum
1861 3513 1864 3520 ’

246 3630 341 3702 hanc
364 3630 423 3704 ille
442 3635 651 3706 correxisset
659 3638 689 3724 ¹⁶,
707 3637 781 3708 imo
802 3649 946 3708 coactus
959 3633 1147 3706 dimisisset
1155 3637 1173 3672 ¹⁷
1190 3635 1417 3723 seutentiam,
1435 3635 1470 3704 in
1485 3647 1618 3706 tantam
1636 3633 1740 3706 lertio
1759 3637 1834 3730 ejus

237 3748 417 3828 devoluta
438 3765 490 3822 est
511 3753 778 3850 negligentiam,
800 3769 839 3826 ut
862 3752 936 3850 jam
963 3752 1009 3824 ad
1033 3753 1224 3826 dialecticae
1244 3752 1434 3826 lectionem
1443 3755 1463 3789 ¹⁸
1481 3753 1536 3823 vix
1556 3753 1800 3824 admitteretur
1822 3783 1829 3824 :

244 3871 348 3964 quasi
358 3871 396 3940 in
409 3870 477 3944 hac
487 3872 618 3945 scilicet
628 3872 674 3946 de
689 3873 945 3947 universalibus
959 3874 1134 3944 sententia
1143 3887 1217 3944 tota
1230 3872 1336 3968 hujus
1355 3873 1438 3944 artis
1455 3873 1663 3944 consisteret
1679 3897 1830 3945 summa.

246 3988 342 4058 Hinc
362 4003 498 4062 tantum
522 3991 661 4063 roboris
678 4003 714 4064 et
731 3993 947 4066 auctoritatis
966 4005 1085 4062 nostra
1106 3993 1259 4088 suscepit
1282 3991 1486 4089 disciplina,
1513 4005 1551 4062 ut
1578 3991 1617 4079 ii,
1645 3993 1706 4088 qui
1731 4009 1834 4065 antea

243 4105 495 4202 uehementius
522 4111 689 4207 magistro
715 4111 765 4182 illi
787 4126 911 4184 nostro
936 4109 1183 4198 adhaerebant,
1208 4122 1244 4180 et
1262 4111 1415 4180 maxime
1436 4124 1594 4182 nostram
1624 4109 1835 4181 infestabant

243 4225 467 4318 doctrinam,
489 4229 534 4302 ad
549 4245 687 4304 nostras
702 4230 934 4304 convolarent
948 4229 1103 4318 scholas;
1122 4230 1263 4326 etipse,
1281 4229 1392 4324 quiin
1407 4228 1538 4299 scholis
1551 4231 1728 4325 parisiaca
1741 4229 1833 4301 sedis

277 4465 285 4489 ⁴
304 4465 367 4514 Vide
377 4477 426 4517 not
440 4468 526 4518 rr.-'
538 4473 717 4534 ereremum
723 4471 843 4524 tuta-³
855 4474 1025 4534 apparuerunt
1061 4491 1072 4516 ι
1087 4471 1152 4522 nulle
1165 4469 1277 4521 divertite
1285 4479 1311 4532 et
1320 4484 1369 4533 que
1381 4477 1447 4520 toute
1457 4467 1481 4519 la
1490 4467 1604 4520 divertite
1614 4467 1686 4518 estoit
1698 4465 1833 4519 seulement

236 4553 293 4602 ttS.
303 4548 431 4600 emb-⁴
441 4553 469 4602 ln
479 4555 828 4616 putriumreverterellldS.-¹
842 4559 915 4618 Quart
925 4556 1024 4606 deestin
1063 4571 1117 4604 «cn
1133 4555 1156 4605 la
1175 4553 1301 4605 multitude
1324 4553 1368 4603 des
1388 4551 1515 4610 accidens,
1536 4550 1596 4600 mais
1612 4550 1627 4599 il
1641 4548 1743 4599 amende
1766 4539 1832 4598 ceste

235 4633 338 4685 ABCD.
346 4634 388 4668 -⁰
398 4635 575 4688 Patietureurtr
584 4638 632 4688 cu.
644 4667 661 4674 ·
675 4639 687 4664 *¹
699 4638 760 4689 Vide
771 4650 822 4689 not.
834 4656 877 4690 ru.
886 4637 938 4676 -⁴
949 4641 1027 4690 llente
1063 4659 1075 4684 ι
1086 4650 1203 4690 sentence
1218 4639 1275 4707 qu'il
1291 4638 1366 4688 tenuit
1381 4637 1430 4687 lora
1441 4651 1472 4685 en
1483 4644 1549 4684 ceste
1561 4634 1667 4684 muniere
1678 4648 1725 4700 que
1735 4632 1751 4682 il
1760 4631 1833 4684 discit

234 4719 314 4770 lillS.
331 4745 362 4752 -
373 4717 383 4742 ⁰
394 4719 495 4782 latoris
506 4719 533 4769 u.
549 4749 570 4758 -
583 4721 605 4748 ¹⁰
617 4725 728 4774 Parum
738 4723 833 4774 1).-¹¹
847 4725 909 4774 Eum
921 4724 990 4774 deest
1001 4724 1026 4774 in
1063 4743 1074 4766 ι
1088 4739 1135 4790 que
1145 4723 1296 4774 c'estuituue
1306 4718 1597 4784 mensurantem
1606 4715 1830 4768 eamdillerenma

233 4803 549 4868 Alica-“nutstede
559 4817 582 4856 et
593 4811 697 4858 manime
706 4814 836 4872 perspicuis
846 4807 917 4858 llllS.
926 4808 976 4845 *¹⁸
987 4810 1026 4859 Sic
1061 4834 1077 4844 -
1088 4808 1230 4858 amboesius
1244 4809 1420 4858 mdtrtduulr'ter
1438 4803 1501 4854 male
1520 4802 1594 4868 legit,
1614 4813 1641 4852 ut
1659 4811 1727 4867 putet
1745 4816 1759 4848 e
1775 4800 1831 4850 cod.

231 4888 481 4940 BCl).-Tuucdeest
489 4890 513 4938 in
524 4891 576 4940 het
586 4890 651 4942 Edit.
660 4891 790 4942 Ambe-⁴⁴
801 4893 841 4942 Sic
851 4892 931 4942 aaut)
941 4904 966 4944 ct
977 4893 1024 4944 llS.
1062 4891 1256 4958 sangermanensi
1267 4929 1273 4952 ,
1288 4890 1319 4941 de
1328 4906 1376 4956 quo
1390 4886 1445 4938 ride
1457 4889 1579 4950 Orvruyer
1589 4889 1675 4936 inedita
1687 4884 1816 4934 d'lbeturd
1826 4921 1831 4937 ‚

232 4973 312 5023 ¹amb.
323 4997 344 5009 -
358 4971 455 5022 Transl.
468 4973 567 5038 gallica,
581 4975 623 5025 lol.
637 4979 651 5026 8
667 4995 673 5024 2
692 4995 703 5020 ι
724 4975 742 5028 ll
755 4978 827 5027 estoit
839 4989 868 5026 en
888 4987 953 5028 ceute
967 4993 1025 5027 sen·
1062 4976 1137 5031 in-to,
1155 4974 1257 5036 introd,
1269 4992 1294 5040 p.
1308 4983 1398 5024 curret
1413 4987 1450 5038 eq.
1465 4999 1492 5008 -
1507 4971 1530 4997 ⁴¹
1542 4971 1644 5032 Defirn're
1654 4967 1682 5018 C.
1699 4996 1723 5004 —
1738 4967 1758 4993 ¹⁸
1772 4968 1833 5018 Cur-

231 5077 244 5101 ι
259 5069 340 5107 tence
359 5055 395 5104 de
408 5055 432 5105 la
443 5059 589 5108 communite
600 5058 643 5108 des
659 5061 814 5121 univcrseus,
826 5075 873 5126 que
885 5059 901 5110 il
914 5059 1026 5112 affirmoit
1062 5063 1150 5110 rexerit
1158 5058 1199 5109 ct)
1211 5071 1234 5110 et
1244 5057 1294 5109 ΜΒ.
1309 5052 1438 5108 amb—'¹
1450 5053 1570 5107 Dimisen't
1582 5047 1621 5103 cb
1634 5064 1657 5103 et
1667 5051 1714 5103 llS.
1728 5052 1832 5102 rimb-

231 5163 242 5185 ·
258 5159 313 5208 quc
324 5155 382 5190 une
398 5155 488 5190 mesme
500 5140 574 5192 chose
586 5159 630 5210 par
640 5159 741 5195 emcnee
754 5146 826 5196 estoit
837 5155 887 5194 tout
902 5143 1025 5195 ensernble
1063 5141 1084 5168 '⁸
1095 5145 1133 5192 Ad
1146 5153 1233 5193 cetera
1246 5142 1380 5192 dialectice
1390 5139 1429 5190 etl
1440 5150 1464 5190 et
1476 5139 1524 5190 ΜΒ.
1538 5137 1605 5188 amb.

231 5248 243 5272 ι
256 5243 290 5277 en
301 5235 364 5277 tons
374 5237 418 5274 ses
427 5224 575 5288 particuliers
583 5225 681 5292 subgez,
689 5229 709 5278 si
720 5244 767 5294 quc
776 5227 791 5276 il
800 5229 879 5278 n'eust
888 5244 918 5278 cn
926 5241 1025 5277 essencc
