4510 6108
436 519 478 590 lN
502 518 645 591 SEXTA
669 519 803 593 FElllA
829 521 939 591 POST
956 522 1156 593 OCTAVAS
1181 520 1457 595 ASCENSlONlS
1481 519 1643 592 SllRMO.
1757 520 1822 592 484

252 657 362 730 corda
378 675 494 733 vestra
509 659 724 734 clamantem
741 689 749 734 :
772 663 925 754 «Abba,
943 678 1082 763 pater.»
1101 669 1224 762 ltaque
1236 663 1312 760 jam
1328 687 1404 736 non
1420 677 1473 734 est
1487 687 1627 752 servus,
1645 661 1709 734 sed
1725 660 1829 734 filius.

252 777 360 864 Quod
375 779 404 849 si
425 778 535 869 filius,
554 794 590 851 et
610 781 720 852 haeres
736 806 801 878 per
816 785 944 854 Deum.
956 811 974 850 n
994 781 1067 854 lste'
1079 798 1132 854 est
1147 783 1314 880 Spiritus,
1338 807 1381 853 ex
1401 806 1474 879 quo
1491 781 1527 852 in
1544 779 1724 878 baptismo
1740 804 1836 877 rege·

253 898 383 987 nerati,
402 913 438 968 et
453 898 499 971 ab
516 900 685 998 episcopo
702 899 922 991 confirmati,
946 903 1093 974 nitimur
1109 904 1147 973 in
1163 902 1305 974 Christo
1321 901 1505 1007 christiapi
1526 899 1655 972 effecti.
1680 905 1758 997 lpse
1783 916 1835 972 est

253 1017 420 1113 Spiritus,
446 1019 546 1115 cujus
562 1019 668 1092 donis
688 1021 725 1091 in
747 1023 847 1092 omni
867 1021 1086 1119 perfectione
1106 1023 1278 1093 virtutum
1301 1033 1599 1092 consummantur
1619 1019 1733 1090 electi.
1752 1021 1836 1116 Ejus

253 1158 406 1231 praesens
417 1135 624 1210 solemnitas
633 1153 839 1211 caeterarum
856 1144 1019 1212 omniurn
1035 1141 1298 1213 consummatio
1315 1154 1385 1229 est,
1399 1155 1434 1210 et
1447 1139 1651 1210 divinarum
1666 1137 1836 1237 perfectio

253 1255 545 1351 promissionum.
568 1258 672 1330 Unde
688 1275 723 1331 et
738 1263 876 1334 Veritas
891 1261 1062 1361 apostolis
1079 1263 1142 1334 ait¹
1162 1289 1169 1333 :
1192 1291 1210 1329 u
1222 1262 1324 1332 Mitto
1345 1261 1563 1359 promissum
1582 1261 1692 1358 patris
1712 1259 1783 1331 mei
1800 1259 1836 1332 in

254 1400 331 1446 vos.
346 1381 419 1448 Vos
431 1393 563 1468 autem,
579 1380 700 1453 sedete
713 1382 750 1452 in
766 1382 922 1472 civitate,
937 1382 1055 1454 donec
1067 1383 1267 1454 induamini
1278 1382 1409 1452 virtute
1425 1380 1595 1452 exalto.»
1613 1384 1666 1451 De
1681 1378 1753 1450 hoc
1769 1378 1839 1478 spi·

256 1495 346 1567 ritali
378 1497 517 1570 virtutis
548 1497 648 1570 dono
675 1501 859 1573 Psalmista
884 1503 1065 1600 praecinit‘
1092 1529 1100 1572 ε
1129 1531 1146 1570 a
1162 1507 1206 1572 Et
1231 1501 1356 1600 spiritu
1381 1501 1453 1572 oris
1480 1499 1555 1596 ejus
1584 1500 1702 1572 omnis
1727 1499 1839 1570 virtus

256 1639 393 1686 eorum.
409 1643 426 1682 n
445 1621 489 1686 Et
504 1621 684 1690 rursum⁸2
702 1621 905 1692 «Dominus
916 1620 1017 1692 dabit
1027 1620 1179 1692 verbum
1195 1619 1519 1717 evangelizantibus
1535 1619 1666 1689 virtute
1683 1615 1807 1688 multa.
1820 1643 1837 1683 n

256 1737 347 1805 Vera
363 1735 495 1832 quippe
510 1737 655 1826 caritas,
673 1763 752 1835 quae
768 1740 891 1811 omnia
907 1739 1047 1830 sullcrt,
1071 1740 1194 1812 omnia
1208 1741 1375 1830 sustinet,
1399 1755 1434 1812 et
1454 1739 1555 1834 cujus
1572 1736 1719 1807 flamma
1734 1733 1840 1806 nullis

256 1855 545 1951 persecutionum
554 1855 722 1928 fluctibus
732 1860 888 1955 extingui
901 1874 1032 1959 potest,
1047 1861 1148 1957 juxta
1160 1859 1248 1931 illud
1260 1862 1401 1932 Cantici
1410 1859 1677 1930 Canticorum‘:
1695 1856 1840 1927 «Fortis

257 1989 361 2048 estut
375 1999 472 2046 mors
486 1975 644 2066 dilectio,
659 1977 749 2050 dura
764 1980 855 2053 sicut
870 1979 1030 2052 infernus
1045 1979 1236 2052 aemulatio.
1250 1984 1358 2077 Aquae
1372 1979 1491 2051 multae
1506 2003 1581 2051 non
1598 1989 1770 2076 poterunt
1785 1999 1842 2046 ex-

258 2088 431 2190 tin'guere,
445 2120 512 2168 nec
525 2096 674 2170 flumina
687 2097 842 2170 obruent
853 2099 988 2172 illam.»
1002 2101 1128 2174 Omnis
1140 2099 1398 2199 discipulorum
1412 2101 1524 2171 virtus
1540 2098 1632 2170 sacta
1648 2110 1713 2186 est,
1731 2119 1843 2193 quum

257 2240 319 2287 eos
335 2217 485 2315 Spiritus
501 2233 644 2291 sanctus
661 2242 784 2291 amore
800 2234 902 2293 tanto
918 2221 1137 2320 scientiaque
1157 2221 1365 2320 repleverit,
1389 2235 1429 2292 ut
1449 2244 1524 2290 non
1545 2218 1663 2289 solum
1683 2215 1842 2315 pruden-

258 2352 328 2426 tes,
346 2340 581 2410 verumetiam
593 2341 726 2436 justos,
746 2365 813 2413 nec
830 2367 905 2414 non
922 2357 958 2414 et
973 2343 1083 2414 fortes
1099 2367 1161 2414 seu
1178 2356 1418 2441 temperantes
1434 2339 1580 2412 effectos
1601 2339 1638 2409 in
1654 2335 1845 2408 virtutibus

259 2475 413 2554 quatuor
437 2478 716 2535 consummaret.
745 2469 841 2552 Quas
865 2465 1014 2562 quidem
1037 2465 1186 2536 virtutes
1212 2488 1338 2534 omnes
1358 2463 1395 2533 in
1416 2462 1566 2533 caritate
1586 2455 1845 2558 comprehendi

258 2578 384 2650 beatus
400 2580 523 2651 asserit
537 2583 765 2677 Augustinus,
781 2598 821 2655 ut
834 2584 910 2682 ipsa
923 2583 1090 2655 videlicet
1103 2583 1231 2655 caritas
1245 2583 1290 2654 sit
1303 2582 1572 2681 sapientia-vera
1586 2578 1752 2668 dicenda,
1770 2578 1847 2676 ipsa

260 2698 366 2768 etiam
382 2698 427 2768 sit
438 2698 591 2794 justitia,
609 2701 686 2798 ipsa
702 2700 875 2772 fortitudo
891 2703 1025 2801 pariter
1046 2703 1083 2772 in
1100 2701 1275 2792 adversis,
1298 2725 1341 2772 ac
1356 2699 1594 2797 temperantia
1612 2697 1650 2768 in
1666 2694 1847 2794 prosperis

200 2829 205 2835 '
260 2830 420 2906 vocetur,
434 2818 634 2890 secundum
647 2819 788 2924 diversa
801 2845 879 2918 quae
893 2821 929 2892 in
944 2820 1052 2892 nobis
1064 2834 1246 2921 operatur.
1264 2818 1368 2890 Unde
1383 2817 1477 2889 bene
1493 2816 1631 2887 dictum
1647 2813 1847 2886 ostenditur

260 2938 387 3012 caritas
402 2963 467 3036 per
482 2939 583 3010 illum
599 2938 729 3013 diffusa
744 2942 782 3012 in
798 2941 884 3031 illis,
901 2944 1002 3039 quia⁸
1020 2969 1029 3012 ε
1051 2941 1213 3040 «Spiritu
1230 2941 1302 3012 oris
1318 2940 1394 3036 ejus
1410 2937 1528 3010 omnis
1543 2937 1655 3008 virtus
1671 2960 1811 3008 eorum.
1827 2963 1845 3002 n

309 3061 422 3129 Tanto
433 3081 519 3153 ergo
532 3057 609 3152 haec
624 3059 817 3132 solennitas
830 3062 963 3133 caeteris
974 3063 1194 3160 praeeminet,
1208 3074 1346 3158 quanto
1362 3057 1508 3154 majoris
1525 3057 1644 3154 gratiae
1660 3053 1847 3154 plenitudo

262 3173 367 3246 donis
387 3176 551 3247 omniurn
571 3177 744 3252 virtutum
765 3178 959 3278 discipulos
979 3181 1260 3268 consummavit,
1284 3178 1415 3276 quibus
1432 3202 1495 3249 eos
1511 3176 1612 3274 quasi
1631 3170 1848 3272 quibusdam

262 3296 369 3365 armis
385 3294 518 3386 induit;
537 3310 577 3367 ut
592 3295 648 3368 his
663 3299 865 3396 praemuniti
883 3299 1089 3372 universum
1106 3298 1287 3371 debellare
1303 3297 1499 3386 mundum,
1521 3310 1557 3367 et
1571 3293 1756 3394 acquirere
1770 3295 1848 3364 Deo

262 3411 476 3486 sufficerent.
507 3415 615 3503 Quod
643 3417 789 3515 quidem
814 3419 1067 3492 indumentum
1093 3419 1257 3499 Christus
1278 3419 1328 3490 eis
1348 3417 1562 3518 promittens
1583 3416 1646 3488 ait⁶
1665 3440 1673 3484 :
1694 3443 1711 3482 u
1724 3415 1850 3486 Donec

263 3521 463 3606 induamini
481 3536 612 3608 virtute
628 3537 798 3611 exalto.»
816 3544 1000 3639 Tanquam
1021 3541 1050 3611 si
1071 3539 1228 3612 diceret:
1247 3544 1373 3611 Donec
1389 3539 1544 3612 inermes
1561 3529 1796 3623 armaturam,
1815 3547 1851 3604 et

263 3651 457 3724 imbecilles
473 3656 653 3754 accipiatis
674 3658 934 3736 fortitudinem.
959 3658 1063 3730 Unde
1079 3675 1114 3730 et
1134 3684 1247 3756 quum
1263 3657 1434 3757 baptizati
1450 3682 1470 3729 a
1486 3653 1703 3758 presbyteris
1723 3651 1853 3738 confir·

265 3788 409 3845 mantur
428 3775 662 3873 postmodum
685 3778 731 3849 ab
753 3779 947 3878 episcopis,
971 3795 1006 3850 et
1021 3804 1086 3878 per
1107 3779 1377 3878 impositionem
1392 3802 1520 3848 manus
1536 3774 1690 3852 traditur
1705 3773 1755 3845 eis
1771 3772 1850 3872 Spi-

265 3894 353 3966 ritus
380 3911 540 3986 sanctus,
569 3896 646 3969 haec
673 3899 750 4000 ipsa
777 3923 903 3972 eorum
932 3897 1159 3971 confirmatio
1190 3897 1355 3995 quaedam
1384 3912 1437 3968 est
1468 3898 1642 3968 virtutum
1672 3907 1852 3966 armatura

264 4014 429 4114 spiritalis
454 4015 500 4087 ad
525 4008 762 4092 resistendum
789 4021 900 4109 vitiis,
928 4019 985 4092 vel
1010 4017 1313 4118 perseverandum
1338 4019 1376 4088 in
1401 4016 1462 4088 illa
1483 4039 1593 4113 quam
1614 4016 1651 4084 in
1672 4013 1851 4111 baptismo

265 4151 502 4232 perceperunt
517 4136 694 4209 munditia
709 4136 814 4236 plena
832 4139 882 4210 ibi
905 4139 1115 4210 remissione
1131 4151 1360 4237 peccatorum
1375 4146 1557 4234 percepta.
1575 4132 1739 4228 legimus
1755 4143 1790 4201 et
1806 4127 1860 4216 de,

266 4255 429 4342 caritate,
448 4279 527 4352 quae
542 4257 648 4326 vestis
665 4255 724 4329 illa
739 4257 908 4356 nuptialis
924 4258 1073 4347 dicitur,
1088 4259 1173 4355 quia
1189 4257 1306 4355 operit
1322 4253 1590 4327 multitudinem
1606 4263 1850 4350 peccatorum,

266 4389 302 4444 et
317 4375 402 4470 quia
418 4373 601 4473 discipulis
616 4401 637 4448 a
653 4378 811 4450 Domino
827 4379 964 4450 dictum
980 4383 1047 4450 est⁷
1062 4407 1070 4449 ε
1086 4407 1104 4446 u
1115 4377 1189 4449 Vos
1203 4393 1323 4449 autem
1334 4374 1567 4474 baptizamini
1579 4370 1712 4470 Spiritu
1727 4382 1852 4441 sancto

267 4518 342 4564 non
360 4508 442 4592 post
462 4493 594 4566 multos
614 4495 682 4568 hos
703 4496 826 4569 dies.»
855 4499 958 4570 Unde
978 4513 1142 4597 patenter
1163 4497 1309 4593 intelligi
1331 4496 1454 4584 datur,
1476 4495 1562 4592 quia
1576 4490 1727 4589 Spiritus
1743 4487 1852 4561 adve-

268 4613 371 4685 niens
396 4609 590 4712 discipulos
616 4616 722 4686 simul
749 4631 784 4688 et
810 4641 831 4688 a
858 4619 1012 4716 peccatis
1040 4617 1248 4707 mundavit,
1279 4631 1315 4688 et
1341 4614 1562 4688 ornamentis
1588 4611 1762 4681 virtutum
1791 4630 1854 4678 eos

268 4747 443 4829 tauquam
469 4749 574 4805 antea
594 4735 713 4807 nudos
734 4737 868 4826 induit,
892 4753 1065 4835 tanquam
1085 4736 1190 4809 simul
1210 4737 1479 4848 baptizarentur
1500 4748 1536 4808 et
1555 4728 1854 4808 confirmarentur

304 5034 312 5061 ⁸
332 5033 403 5096 buc„
418 5051 474 5102 cap.
486 5054 555 5098 xxiv,
568 5055 592 5088 r.
605 5040 687 5091 lte·
699 5038 710 5066 ²
723 5041 811 5092 Psalm.
831 5058 916 5106 xxxn,
930 5059 953 5093 v.
971 5045 995 5092 6.
1012 5070 1041 5079 -
1083 5041 1093 5069 ⁸
1108 5041 1199 5094 Psalm.
1215 5057 1285 5092 mu
1297 5080 1304 5102 ,
1318 5055 1341 5091 v.
1358 5043 1384 5092 6.
1396 5067 1426 5078 -
1442 5039 1452 5067 “
1467 5039 1539 5101 Luc..
1554 5052 1610 5104 rap.
1625 5049 1702 5096 mv,
1724 5049 1749 5084 r.
1771 5029 1814 5080 ⁴9·
1825 5053 1854 5066 ··

258 5117 386 5196 JPsalsn,
408 5123 1044 5191 ιινιι,ν.1ἳ.-*ί“αητ.,οιρ.νιιι,ν.6.-
1085 5125 1441 5204 ’γΔσι.Δροει.,οαρ.ι,ν.δ.
1511 5152 1515 5161 -

391 5223 403 5268 1
1458 5223 1465 5231 ·
1697 5204 1733 5286 ql
