4536 6102
468 590 537 660 548
942 603 949 618 ·
1061 585 1188 656 PETlll
1215 585 1443 656 xssAEtlttnt
1587 675 1590 680 ,

459 733 531 829 ‘ait'
554 759 562 800 :
583 734 723 799 «Amen
748 728 830 799 dico
853 726 975 815 vobiS,
998 727 1099 825 quod
1122 729 1185 798 uni
1208 753 1249 800 ex
1275 726 1432 798 minimis
1455 725 1543 798 meis
1571 725 1722 812 lecistis,
1751 723 1841 794 mih-i
1865 723 2006 795 lecistis.
2029 753 2047 789 ιι

465 851 595 920 Divina
612 863 731 920 autem
749 849 945 945 inspirante
961 848 1094 942 gratia,
1118 862 1204 918 tunc
1216 847 1314 945 apud
1329 847 1526 917 Dominum
1548 870 1654 916 suum
1670 869 1708 917 se
1726 843 1900 940 defamari
1916 843 2049 928 villicus

468 968 647 1064 intelligit,
670 968 770 1065 quod
789 991 864 1039 non
882 966 1047 1038 videlicet
1068 969 1214 1038 Domini
1231 967 1286 1039 sui
1307 965 1421 1037 fidelis
1438 966 1590 1038 extiterit
1609 965 1834 1063 dispensator
1850 977 1912 1034 aut
1926 987 2050 1060 procu-

468 1103 578 1176 rator,
593 1087 739 1182 quando
758 1086 913 1184 peccatis
929 1084 1130 1156 obstinatiae
1145 1111 1228 1174 suae,
1242 1099 1277 1155 et
1289 1086 1455 1173 avaritiae,
1471 1099 1507 1154 et
1523 1083 1681 1155 clamore
1692 1059 1906 1181 paupertim,
1922 1080 2049 1178 quibus

468 1205 671 1295 subvenire,
691 1220 727 1276 et
742 1229 806 1276 sua
823 1205 889 1276 illis
907 1203 1057 1276 reddere
1072 1203 1201 1292 noluit,
1220 1229 1257 1275 se
1276 1203 1372 1301 apud
1388 1207 1506 1275 Deum
1522 1202 1676 1298 graviter
1691 1203 1850 1274 accusari
1866 1201 2047 1296 recogitat,

470 1341 505 1396 et
520 1350 582 1396 eos
598 1325 666 1396 sibi
682 1325 847 1396 inimicos
869 1323 1005 1413 secisse,
1024 1349 1116 1420 quos
1132 1325 1267 1397 amicos
1282 1323 1408 1394 debuit
1420 1345 1660 1420 comparasse.
1679 1320 1839 1393 Attendit
1854 1323 1962 1392 ctiam
1977 1345 2014 1390 se
2030 1345 2050 1391 a

470 1443 686 1514 villicatione
705 1443 966 1515 removendum
987 1468 1080 1532 esse,
1103 1469 1216 1540 quum
1236 1442 1311 1538 ejus
1332 1442 1508 1513 rationem
1524 1441 1681 1512 Domino
1703 1465 1778 1512 non
1800 1439 1952 1510 sufficiat
1971 1438 2048 1508 red·

472 1563 574 1652 dere,
600 1563 684 1659 quia
706 1563 777 1633 hoe
798 1563 916 1660 ipsum
938 1578 991 1634 est
1007 1554 1260 1634 iillicationem
1285 1562 1464 1652 amittere,
1496 1561 1652 1632 fructum
1675 1561 1722 1632 de
1745 1559 2049 1633 administratione

472 1705 593 1751 rerum
610 1694 833 1754 terrenarum
848 1680 947 1778 apud
963 1685 1079 1750 Deum
1093 1705 1167 1752 non
1186 1680 1362 1753 obtinere.
1379 1685 1496 1767 Quem
1507 1694 1609 1751 tanto
1620 1679 1773 1778 amplius
1784 1680 1935 1776 quisque
1945 1676 2049 1748 debet

474 1801 611 1888 timere,
627 1799 719 1870 etde
735 1799 921 1871 reddenda
938 1801 1077 1871 ratione
1093 1799 1276 1871 sollicitior
1293 1824 1383 1888 esse,
1401 1814 1538 1895 quanto
1556 1797 1624 1870 sibi
1640 1798 1686 1870 ab
1698 1823 1742 1870 eo
1760 1797 1863 1895 plura
1878 1821 2048 1891 recogno·

473 1919 539 1989 scit
550 1919 741 1990 commissa
760 1943 848 1990 esse.
869 1923 991 2006 Quum
1006 1919 1104 1991 enim
1118 1934 1293 2016 augentur
1307 1918 1423 2007 dona,
1442 1920 1599 1990 rationes
1614 1919 1722 1990 etiam
1744 1930 1909 1988 crescunt
1931 1915 2048 1987 dono-

475 2061 567 2106 rum.
588 2035 695 2122 Quod
711 2036 858 2133 quidem
871 2037 1059 2108 attendens
1072 2037 1209 2108 villicus
1224 2036 1397 2135 providus
1411 2051 1446 2108 et
1461 2037 1634 2134 prudens,
1652 2061 1761 2133 quem
1780 2035 1956 2106 Dominus
1970 2059 2050 2106 suus

476 2156 594 2228 multis
610 2157 827 2255 praefecerat,
846 2171 1020 2255 praeparat
1036 2155 1105 2226 sibi
1120 2158 1268 2246 amicos,
1282 2157 1344 2254 qui
1361 2179 1398 2226 se
1413 2179 1433 2226 a
1449 2156 1607 2226 Domino
1624 2154 1805 2228 exclusum
1822 2155 2007 2251 recipiant.
2025 2159 2050 2224 Α

476 2279 633 2348 Domino
650 2303 687 2350 sc
700 2276 962 2354 excludendum
976 2277 1126 2375 judicat,
1141 2279 1304 2374 quumin
1318 2302 1443 2349 senon
1461 2278 1685 2373 recognoscit
1697 2275 1794 2347 unde
1811 2281 1887 2346 Deo
1903 2275 2049 2373 placeat,

477 2395 665 2466 attendens
681 2419 790 2491 quam
805 2394 960 2466 terribile
977 2395 1066 2494 quid
1080 2396 1126 2466 de
1138 2396 1248 2468 divite
1266 2398 1442 2468 Dominus
1454 2397 1538 2468 alibi
1548 2397 1659 2469 dicat¹
1671 2424 1679 2467 :
1692 2426 1710 2464 tt
1719 2395 1867 2468 Facilius
1879 2411 1933 2466 est
1943 2419 2052 2466 came

477 2514 551 2584 lum
569 2515 700 2586 intrare
714 2540 778 2612 per
794 2514 956 2586 foramen
974 2539 1070 2605 acus,
1089 2541 1199 2613 qnam
1211 2516 1359 2588 divitem
1369 2518 1407 2588 in
1424 2542 1575 2613 regnum
1586 2516 1772 2588 coelorum.
1791 2545 1809 2582 n
1828 2521 1874 2586 Ut
1885 2539 1969 2611 ergo
1986 2515 2052 2586 illic

477 2658 541 2730 per
558 2633 647 2704 alios
662 2634 832 2721 introeat,
857 2635 991 2706 amicos
1012 2633 1079 2705 sibi
1101 2634 1180 2706 illos
1196 2650 1398 2733 comparat,
1417 2661 1572 2735 quorum
1592 2638 1711 2735 ipsum
1727 2650 1780 2707 est
1795 2659 1962 2732 regnum,
1981 2636 2051 2732 ipsa

477 2755 625 2823 veritate
641 2755 692 2823 sic
708 2757 931 2826 attestante³:
948 2782 965 2820 ιι
983 2753 1078 2824 Beati
1099 2778 1274 2852 pauperes
1298 2756 1442 2854 spiritu,
1460 2758 1633 2852 quoniam
1653 2757 1813 2853 ipsorum
1835 2769 1887 2826 est
1907 2779 2051 2850 regnum

478 2871 663 2942 caelorum.
679 2900 696 2938 ιι
723 2873 785 2944 His
810 2896 895 2968 crgo
922 2873 1165 2945 communicat
1185 2899 1250 2946 sua
1268 2888 1429 2962 terrena,
1447 2888 1488 2945 ut
1506 2875 1556 2948 illi
1573 2900 1638 2947 sua
1654 2876 1686 2946 ei
1702 2874 1971 2947 communicent
1985 2899 2050 2944 coe·

477 2989 589 3060 lestia.
611 2989 702 3061 Audi
721 2989 970 3080 Salomonem,
996 3007 1032 3062 et
1054 2991 1182 3063 exaudi
1201 2992 1281 3090 plus
1301 3017 1412 3090 quam
1434 2993 1683 3082 Salomonem,
1702 2994 1805 3090 quia*
1823 3019 1840 3060 ιι
1859 2991 2051 3089 redemptio

479 3111 605 3180 anirnae
619 3110 865 3208 viri,·pr0prire
883 3110 1025 3182 divitiae.
1041 3139 1060 3179 ιι
1079 3115 1124 3182 Et
1140 3112 1316 3183 Dominus
1327 3113 1403 3210 ipse
1415 3117 1514 3184 Jesus
1526 3112 1705 3184 Christus⁸
1719 3140 1727 3182 :
1743 3116 1876 3196 «Date,
1892 3139 1910 3178 ιι
1929 3111 2049 3206 inquit,

483 3260 501 3298 ιι
519 3245 555 3301 et
571 3229 715 3303 dabitur
727 3229 842 3301 vobis.
862 3235 951 3302 Date
968 3231 1245 3330 eleemosynam,
1260 3247 1296 3303 et
1311 3257 1393 3303 ecce
1410 3233 1532 3304 omnia
1549 3232 1686 3305 munda
1697 3246 1781 3304 sunt
1792 3229 1908 3320 vobis,
1924 3257 1942 3296 ιι
1960 3229 2053 3326 quia⁵

483 3380 499 3413 a
520 3351 610 3420 sicut
626 3373 719 3446 aqua
734 3350 907 3446 extinguit
921 3351 1054 3446 ignem,
1068 3351 1117 3421 ita
1132 3350 1360 3448 eleemosyna
1371 3353 1542 3448 extinguit
1557 3367 1757 3450 peccatum.
1774 3380 1791 3418 ιι

530 3465 641 3537 Valde
661 3469 841 3540 contraria
861 3482 963 3556 sunt,
988 3467 1129 3558 fratres,
1150 3471 1241 3564 ignis
1261 3484 1297 3540 et
1314 3494 1424 3567 aqua,
1446 3470 1575 3567 quibus
1600 3471 1776 3542 Dominus
1798 3469 2053 3566 eleemosynam

482 3601 667 3682 comparat
683 3601 717 3657 et
733 3573 932 3682 peccatum.
951 3585 1012 3658 Ille
1030 3587 1122 3657 inter
1138 3587 1313 3661 elementa
1330 3590 1564 3662 calidissimus
1580 3605 1645 3680 est,
1663 3588 1738 3660 hacc
1753 3589 1979 3684 frigidissima
1993 3601 2050 3658 est.

484 3711 527 3777 Et
542 3707 656 3796 scitis,
670 3707 810 3794 iratres,
830 3707 914 3804 quia
929 3709 1075 3798 caritas,
1090 3733 1168 3804 quae
1178 3734 1259 3800 nos,
1273 3710 1374 3806 juxta
1390 3709 1613 3808 Apostolum,
1632 3710 1758 3807 spiritu
1771 3709 1948 3779 ferventes
1964 3707 2052 3792 lacit,

483 3825 556 3920 igni
573 3826 700 3895 merito
714 3839 955 3922 comparatur.
975 3831 1027 3896 De
1040 3852 1113 3923 quo
1131 3828 1279 3924 quidem
1295 3829 1377 3924 igne
1393 3829 1531 3901 Veritas
1548 3829 1613 3900 ait⁷
1630 3855 1638 3898 ι
1660 3857 1677 3896 «
1690 3832 1813 3924 Ignem
1824 3827 1907 3898 veni
1924 3826 2055 3896 mittere

484 3944 521 4012 in
542 3958 690 4034 terram,
714 3958 750 4014 et
774 3944 862 4040 quid
884 3945 985 4034 volo,
1008 3946 1075 4016 nisi
1095 3961 1136 4017 ut
1157 3947 1300 4020 ardeat?
1311 3977 1329 4014 ιι
1354 3953 1402 4018 Ac
1421 3949 1449 4018 si
1471 3962 1592 4046 aperte
1613 3947 1731 4018 dicat:
1751 3945 1847 4034 Quid
1867 3944 1965 4016 aliud
1980 3945 2055 4014 veni

483 4087 640 4159 quoerere
652 4064 688 4133 in
703 4063 893 4154 mundum,
912 4066 981 4136 nisi
999 4067 1116 4164 ipsum
1133 4065 1278 4138 flamma
1293 4067 1492 4140 dilectionis
1506 4067 1720 4140 accendere?
1738 4071 1927 4138 Peccatum
1943 4079 2056 4138 autem

483 4184 582 4280 quod
595 4209 659 4282 per
671 4185 844 4258 invidiam
858 4187 933 4282 ejus
950 4187 1094 4258 intravit
1110 4190 1145 4258 in
1164 4187 1291 4260 orbem
1303 4203 1496 4278 terrarum,
1516 4191 1579 4287 qui
1595 4187 1739 4285 frigidas
1756 4187 1948 4260 hominum
1965 4184 2058 4255 inha-

484 4302 573 4374 bitat
596 4319 752 4394 mentes,
777 4305 869 4375 sicut
890 4307 1135 4404 scriptumest
1162 4335 1169 4376 :
1196 4312 1364 4380 «Ponam
1384 4309 1507 4380 sedem
1529 4331 1647 4380 meam
1663 4309 1700 4379 in
1717 4306 1902 4405 aquilone,
1918 4334 1937 4372 ιι
1960 4304 2058 4376 idest

484 4421 692 4519 praeparabo
710 4421 798 4493 milti
814 4449 965 4520 regnum
982 4426 1019 4495 in
1037 4424 1207 4496 cordibus
1228 4425 1418 4498 hominum
1442 4429 1522 4523 igne
1546 4429 1702 4500 caritatis
1722 4415 1945 4512 carentibus,
1970 4435 2059 4493 recte

484 4567 548 4638 per
568 4566 699 4637 aquam
722 4541 988 4638 frigidissimum
1006 4543 1222 4616 elementum
1239 4546 1457 4642 designatur.
1476 4551 1597 4633 Quum
1613 4561 1734 4619 autem
1748 4546 1877 4618 caritas
1894 4545 1933 4616 in
1950 4548 2060 4614 Deum

486 4659 618 4732 lerveat
634 4687 787 4760 semper,
807 4665 960 4736 maxime
976 4664 1036 4737 illa
1052 4665 1187 4738 fervere
1205 4669 1445 4764 cognoscitur,
1464 4691 1542 4764 quac
1557 4689 1621 4764 per
1636 4668 1926 4764 compassionem
1947 4663 2061 4734 irater·

486 4781 625 4850 namin
645 4779 891 4876 eleemoysinis
913 4781 1111 4854 exhibetur.
1139 4784 1243 4856 Unde
1261 4799 1297 4856 et
1317 4809 1381 4882 per
1396 4784 1639 4856 excellentiam
1659 4783 1853 4882 quamdam
1876 4784 1953 4880 ipsa
1971 4779 2059 4851 elee-
2090 4822 2098 4838 ·

523 5003 529 5027 ¹
549 5002 645 5064 Matth.‚
656 5020 712 5070 cap.
723 5021 784 5068 xxv,
795 5022 817 5055 r.
831 5008 872 5056 4⁰.
883 5033 908 5043 -
923 5005 1017 5070 'lbid.‚
1035 5023 1091 5075 cap.
1109 5027 1164 5072 xxx,
1178 5027 1202 5060 ιι.
1213 5013 1254 5061 2l.
1295 5028 1357 5078 aqua
1369 5023 1393 5062 et
1406 5012 1561 5079 eleemosyna
1572 5011 1661 5063 resistit
1673 5010 1790 5077 peccatis.
1800 5028 1812 5055 ι
1824 5009 1939 5075 (tecta,
1951 5019 2005 5072 cap-
2019 5019 2044 5054 ¹¹¹
2055 5043 2062 5064 ι

487 5110 521 5122 -
532 5085 541 5112 ²
552 5085 627 5146 ibid,
640 5103 697 5156 cap.
718 5107 742 5150 ιι,
762 5106 784 5140 ιι.
797 5091 881 5141 ³.-⁴
892 5093 978 5152 Pron,
997 5109 1050 5157 cap·
1071 5111 1128 5156 tut,
1145 5111 1169 5144 v.
1185 5097 1210 5144 8.
1224 5121 1256 5132 -
1296 5111 1322 5145 v.
1334 5094 1423 5159 ³³-l-
1436 5095 1525 5157 'Luc.,
1536 5109 1590 5161 cap.
1602 5111 1650 5156 ιιι,
1661 5111 1684 5146 ι.
1698 5096 1740 5146 te.

489 5169 579 5233 ⁸an.,
598 5185 652 5236 cap.
671 5189 701 5236 n,
717 5189 739 5223 ιι.
760 5175 800 5223 tt.
813 5174 863 5210 -⁸
880 5175 984 5240 «lgnenr
999 5176 1124 5228 ardentem
1140 5177 1259 5244 extinguit
