4522 6102
894 673 1129 744 EPlSTOLAE·
1634 719 1636 724 ·
1749 679 1796 746 95

229 833 312 884 caro
336 808 548 880 feminarum
572 823 707 904 quanto
730 810 836 880 estin
860 825 1003 908 aspectu
1025 811 1237 902 deformior,
1263 827 1361 884 tanto
1380 815 1480 886 sitin
1499 831 1591 886 tactu
1616 818 1758 887 suavior
1771 821 1800 904 ¹;

229 945 336 1026 atque
347 928 428 1000 ideo
443 953 565 1000 earum
578 928 760 1026 voluptas²
772 929 913 1000 secretis
926 930 1060 1026 gaudiis
1068 954 1175 1026 quarn
1190 931 1339 1029 publicis
1350 934 1482 1028 gratior
1491 935 1534 1006 sit
1546 949 1581 1004 et
1590 937 1803 1007 convenien-

232 1052 320 1138 tior,
350 1065 384 1122 et
401 1073 524 1121 earum
547 1048 628 1136 viri,
659 1064 698 1120 ut
714 1048 782 1119 illis
799 1048 1040 1137 oblectentur,
1066 1051 1176 1146 magis
1193 1075 1252 1124 eas
1269 1053 1306 1123 in
1324 1051 1527 1123 cubiculum
1546 1053 1799 1140 introducunt,

231 1193 340 1264 quam
361 1167 407 1240 ad
424 1167 607 1267 publicrun
624 1166 793 1240 educunt.
811 1167 1015 1240 Secundum
1033 1193 1141 1265 quam
1160 1169 1306 1265 quidem
1324 1171 1569 1268 metaphoram
1586 1171 1677 1244 bene
1700 1173 1801 1269 spiri-

232 1289 333 1359 tualis
345 1311 476 1385 sponsa
488 1313 601 1384 quum
613 1287 872 1384 praemisisset&
893 1317 910 1354 α
927 1289 1030 1384 Nigra
1043 1312 1122 1358 sum
1135 1342 1144 1376 ,
1158 1287 1220 1359 sed
1233 1289 1406 1378 formosa,
1424 1316 1442 1355 n
1459 1291 1577 1360 statim
1594 1289 1756 1384 adjunxit
1767 1296 1797 1360 ⁸:

232 1433 250 1472 c
266 1405 351 1476 ldeo
369 1405 489 1477 dilexit
507 1430 565 1476 me
583 1429 661 1494 ren,
682 1383 931 1477 et'introduxit
950 1429 1007 1478 me
1022 1407 1058 1476 in
1076 1405 1280 1478 cubiculum
1304 1432 1427 1495 suum,
1449 1435 1465 1473 n
1486 1408 1621 1504 singula
1639 1408 1802 1482 videlicet

228 1524 374 1621 singulis
392 1524 557 1597 reddens.
578 1529 656 1596 Hoc
677 1539 747 1612 est,
761 1526 856 1621 'quia
876 1523 1050 1615 formosa,
1073 1524 1223 1598 dilexit:
1249 1527 1333 1622 quia
1355 1529 1473 1624 nigra,
1499 1527 1710 1616 introduxit3
1733 1530 1801 1598 for-

229 1666 348 1732 mosa,
367 1658 407 1714 ut
419 1642 508 1732 dixi,
524 1645 619 1714 intus
632 1642 836 1732 virtutibus,
853 1667 942 1740 quas
960 1642 1073 1740 diligit
1089 1669 1265 1743 sponsus:
1285 1646 1385 1740 nigra
1397 1646 1548 1718 exterius
1561 1645 1802 1740 corporalium

231 1760 496 1832 tribulationum
520 1760 801 1832 adversitatibus.
827 1765 913 1848 Quae
930 1761 1076 1858 quidem
1095 1762 1264 1858 nigredo,
1287 1763 1527 1861 corporalium
1545 1741 1676 1834 scilicet
1695 1763 1802 1834 tribu·

231 1878 420 1970 lationum,
441 1880 541 1953 facile
555 1879 714 1952 fidelium
732 1894 870 1954 mentes
880 1880 925 1952 ab
939 1905 1061 1954 amore
1075 1897 1300 1954 terrenorum
1314 1882 1448 1971 avellit,
1466 1897 1501 1953 et
1513 1881 1561 1953 ad
1573 1897 1711 1954 aeternae
1724 1884 1802 1954 vitae

230 1997 403 2071 desideria
422 1998 625 2097 suspendit,
645 2015 681 2070 et
701 2023 792 2096 saepe
809 2023 830 2070 a
850 1997 1069 2072 tumultuosa
1087 2000 1196 2072 seculi
1217 2001 1288 2072 vita
1306 2000 1432 2072 trahit⁸
1448 2000 1496 2072 ad
1515 2015 1691 2072 secretum
1714 2023 1801 2073 cou-

233 2117 485 2215 templationis3
505 2118 594 2190 sicut
615 2118 652 2188 in
677 2115 787 2188 Paulo
811 2115 870 2186 illo
893 2117 1055 2189 videlicet
1077 2134 1226 2206 nostre,
1251 2117 1361 2190 idest
1387 2115 1606 2190 monachalis
1628 2117 1706 2188 vitae
1730 2119 1802 2213 pri·

230 2235 370 2306 mordio
390 2251 508 2308 actum
519 2261 595 2308 esse
609 2235 732 2308 beatus
743 2236 863 2308 scribit
875 2238 1139 2333 Hierorrymus⁶.
1159 2243 1239 2312 uaec
1252 2263 1396 2334 quoque
1410 2237 1560 2332 abjectio
1576 2235 1803 2306 indumento·

228 2379 308 2426 rum
333 2355 456 2426 vilium
486 2369 660 2427 secretum
687 2355 799 2450 magis
823 2379 931 2450 quarn
957 2355 1141 2452 publicum
1166 2358 1318 2454 appetit,
1342 2372 1378 2428 et
1402 2357 1555 2428 maxima
1576 2354 1737 2426 vilitatis⁷
1763 2378 1805 2426 ac

228 2474 426 2546 secretioris
452 2473 540 2562 loci,
576 2476 638 2570 qui
664 2487 792 2546 nostrae
817 2475 992 2571 precipue
1020 2476 1188 2549 convenit
1216 2475 1444 2572 professioni,
1474 2473 1708 2546 custodienda
1739 2487 1801 2544 est.

227 2593 377 2663 Maxime
395 2616 549 2688 namque
568 2591 614 2662 ad
628 2591 810 2690 publicum
822 2591 1016 2688 procedere
1029 2593 1205 2689 'pretiosus
1217 2609 1390 2691 provocat
1405 2593 1535 2682 cultus,
1553 2616 1692 2688 querna
1706 2590 1805 2660 nullo

228 2709 347 2809 appeti
367 2710 434 2780 nisi
461 2708 507 2779 ad
535 2711 679 2780 inanem
696 2708 844 2804 gloriam
867 2723 903 2778 et
920 2709 1029 2780 seculi
1048 2734 1218 2808 pompam
1236 2710 1360 2782 beatus
1379 2712 1593 2806 Gregorius⁸
1612 2709 1696 2782 inde
1718 2733 1804 2779 con-

229 2829 336 2900 vincit
357 2857 364 2900 :
389 2828 527 2916 «Quod
552 2853 659 2899 nemo
676 2829 786 2898 bisin
807 2828 950 2898 occulto
972 2853 1009 2898 se
1034 2844 1158 2918 ornat,
1186 2831 1249 2902 sed
1270 2830 1331 2900 ubi
1353 2831 1512 2928 conspici
1533 2835 1668 2925 queat⁹.
1690 2859 1707 2894 n
1728 2835 1805 2900 Hoc

228 2963 348 3020 autern
361 2947 570 3046 praedictum
582 2971 720 3046 sponsae
736 2945 940 3017 cubiculum
954 2945 1041 3018 illud
1053 2961 1126 3037 est,
1142 2947 1189 3018 ad
1197 2945 1297 3043 quod
1310 2949 1384 3046 ipse
1398 2973 1549 3045 sponsus
1562 2949 1599 3018 in
1612 2949 1802 3042 Evangelio
1916 3020 1921 3026 ,

227 3067 352 3139 invitat
372 3081 554 3156 orantem,
580 3067 702 3138 dicens
714 3069 757 3135 ¹⁰:
783 3095 799 3132 r
818 3069 867 3136 'fu
887 3080 1007 3136 autern
1020 3091 1134 3161 quum
1150 3068 1325 3155 oraveris,
1354 3068 1446 3138 intra
1463 3068 1499 3141 in
1521 3067 1744 3150 cubiculum,
1768 3083 1803 3138 et

225 3186 347 3258 clauso
359 3188 468 3276 ostio,
486 3209 550 3258 ora
563 3191 705 3256 Patrem
715 3199 836 3272 tuum;
855 3213 872 3250 n
893 3208 933 3254 ac
946 3185 976 3254 si
989 3183 1122 3256 diceret
1138 3212 1145 3253 :
1159 3189 1238 3256 Non
1257 3185 1295 3256 in
1313 3184 1439 3282 plateis
1457 3185 1512 3256 vel
1527 3184 1676 3282 publicis
1693 3184 1800 3274 lucie,

226 3307 316 3376 sicut
332 3306 537 3404 hypocritae.
553 3302 766 3378 Cubiculum
779 3304 898 3400 itaque
912 3303 998 3374 dicit
1016 3319 1192 3376 secretum
1210 3327 1230 3374 a
1248 3303 1459 3375 tumultibus
1477 3319 1512 3376 et
1530 3319 1674 3401 aspectu
1695 3304 1803 3376 seculi

225 3426 363 3517 locum,
385 3426 447 3498 ubi
461 3426 615 3524 quietius
634 3439 669 3496 et
688 3424 813 3522 purius
831 3424 925 3494 orari
943 3423 1055 3520 possit
1074 3449 1082 3492 :
1104 3423 1225 3519 qualia
1249 3438 1331 3494 sunt
1348 3423 1479 3496 scilicet
1501 3422 1803 3495 monasticharum

224 3543 459 3617 solitudinum
481 3559 635 3632 secreta,
664 3542 725 3616 ubi
746 3541 910 3614 claudere
941 3543 1072 3614 ostium
1092 3540 1280 3637 jubemur,
1313 3541 1350 3612 id
1372 3557 1425 3612 est
1445 3542 1561 3614 aditus
1587 3565 1712 3616 omnes
1739 3541 1802 3612 ob·

224 3681 381 3756 struere,
402 3690 448 3736 ne
466 3665 601 3762 puritas
618 3663 788 3736 orationis
801 3685 886 3734 casu
898 3661 1017 3757 aliquo
1035 3661 1287 3759 praepediatur,
1309 3675 1343 3732 et
1356 3661 1480 3732 oculus
1494 3675 1614 3732 noster
1625 3660 1801 3732 infelicem

225 3785 382 3855 animaru
405 3781 638 3880 depraedetur.
660 3781 768 3874 Cujus
788 3778 935 3875 quidem
953 3779 1110 3867 consilii,
1134 3782 1206 3850 imo
1232 3781 1396 3877 precepti
1413 3779 1525 3852 divini
1545 3777 1675 3850 multos
1697 3779 1801 3872 hujus

225 3903 366 3974 babitus
392 3903 502 3975 nostri
520 3915 785 3997 contemptores
802 3897 920 3970 adbuc
938 3897 1089 3993 graviter
1111 3899 1342 3986 sustinemus,
1363 3899 1425 3994 qui
1443 3921 1555 3994 quum
1574 3895 1694 3969 divina
1712 3896 1802 3966 cele

223 4021 329 4095 burm
342 4021 479 4108 officia,
495 4020 654 4092 claustris
666 4017 724 4090 vel
737 4017 855 4090 choris
873 4039 1000 4088 eorum
1014 4017 1195 4104 reseratis,
1213 4015 1365 4112 publicis
1378 4030 1451 4090 tam
1465 4015 1676 4086 feminarum
1693 4037 1802 4110 quarn

224 4143 384 4212 virorum
398 4139 595 4239 aspectibus
609 4136 837 4237 impudenter
855 4159 893 4206 se
906 4136 1092 4231 ingerunt,
1105 4149 1140 4206 et
1151 4149 1236 4208 tunc
1247 4135 1442 4231 praecipue,
1459 4158 1572 4230 quum
1584 4135 1622 4204 in
1635 4133 1803 4204 solemni-

223 4261 353 4332 tatibus
370 4260 532 4358 pretiosis
550 4258 742 4356 polluerint
759 4256 994 4342 ornamentis,
1019 4255 1109 4328 sicut
1126 4268 1162 4324 et
1180 4254 1247 4351 ipsi
1264 4252 1392 4348 quibus
1413 4267 1607 4340 ostentant,
1630 4251 1803 4324 seculares

222 4379 399 4450 homines.
420 4382 584 4465 Quorum
602 4375 748 4472 quidem
764 4373 900 4470 judicio
920 4387 1021 4444 tanto
1045 4373 1213 4447 festivitas
1225 4369 1375 4444 habetur
1394 4370 1585 4460 celebrior,
1611 4383 1745 4465 quanto
1765 4369 1801 4438 in

225 4498 389 4570 exteriori
408 4511 535 4568 ornatu
554 4509 607 4567 est
627 4495 751 4581 ditior,
780 4507 815 4564 et
837 4492 874 4562 in
892 4491 1006 4588 epulis
1018 4493 1210 4590 copiosior.
1235 4494 1287 4562 De
1307 4513 1462 4587 quorum
1483 4489 1628 4586 quidem
1649 4489 1802 4560 cecitate

254 4723 315 4774 'td
332 4723 405 4774 imam
421 4721 483 4774 llllS
502 4721 551 4771 folii
570 4731 664 4786 partem
684 4718 736 4768 hec
752 4727 884 4768 occurrunt
907 4715 995 4772 verba.
1029 4719 1101 4766 better
1119 4721 1259 4778 memsam
1277 4719 1370 4766 animos
1390 4717 1530 4763 heradonas
1546 4713 1587 4761 ille
1600 4711 1745 4774 Eutrapelus
1762 4715 1803 4770 qui

224 4807 353 4858 recentiori
371 4806 462 4871 scripta
481 4820 554 4854 manu
567 4824 574 4854 ε
589 4805 690 4866 Egregie
707 4805 812 4864 probunt
833 4801 879 4850 hoe
896 4801 997 4863 semime
1322 4809 1440 4859 catenaque
1450 4819 1521 4845 trevere
1531 4805 1624 4856 ructat,

225 4893 284 4938 inter
294 4885 432 4953 Afrae-¹
449 4889 544 4950 Τιπψίο
560 4889 646 4937 Veneri
656 4889 739 4936 meato
751 4883 821 4936 utts.
829 4909 863 4922 ·-
873 4881 883 4912 ⁸
894 4885 998 4942 canuc„
1098 4885 1217 4926 vaanenu
1226 4883 1287 4924 Μ
1297 4883 1396 4934 proetus.

227 4987 278 5038 ΜΡ·
297 4990 321 5034 Ι,
334 4989 357 5022 V·
375 4975 400 5023 ⁴·
416 4998 441 5010 -
454 4970 463 4999 ⁸
475 4970 549 5028 ibid„
565 4987 587 5020 V·
606 4971 632 5020 3·
644 4996 671 5006 ··
685 4969 787 5032 'Mel‘
803 4967 873 5020 illis·
886 4965 937 5004 *⁸
950 4969 998 5026 Vll·
1031 4979 1064 5028 m
1078 4979 1164 5042 meme
1175 4979 1237 5030 illud
1246 4990 1290 5037 pro
1301 4973 1493 5022 certabubeatur

230 5055 314 5114 Pauli,
330 5058 391 5119 Ορρ.
404 5067 421 5105 t.
435 5053 476 5114 IV,
489 5054 537 5106 eol.
547 5055 590 5104 69.
600 5081 627 5090 -
641 5052 650 5079 ’
662 5055 807 5102 Humilitutia
822 5051 872 5101 llS.
883 5049 954 5101 Arnb.
968 5075 999 5086 -
1423 5069 1495 5106 m,
1503 5067 1557 5106 enim
1564 5067 1605 5118 μω

227 5137 238 5162 ⁸
252 5138 339 5188 flomil.
353 5155 398 5200 ιι,
413 5139 474 5202 opp-
491 5148 510 5188 i·
523 5137 532 5188 l
559 5153 584 5204 p.
602 5137 673 5186 185⁵.
688 5135 738 5172 -·'
753 5135 870 5186 interlin?
882 5155 888 5184 :
899 5133 940 5185 Sic
949 5138 995 5184 lm·
1095 5143 1145 5180 Cum
1155 5140 1246 5194 pulchris
1256 5140 1330 5178 turricis
1339 5151 1390 5177 nova
1400 5139 1553 5178 rumitronsilia
1562 5146 1640 5190 stupra.
1648 5139 1704 5176 nats.

1030 5260 1060 5271 -
1075 5232 1095 5260 ¹⁰
1110 5233 1207 5294 naith,
1219 5247 1274 5297 cap.
1290 5247 1327 5288 vr,
1340 5248 1362 5280 v.
1378 5234 1403 5281 6.
