4522 6104
431 578 503 651 706
1106 573 1340 649 APPENDlX.

431 720 587 791 caruisse.
608 720 650 786 Et
669 717 758 786 beati
778 731 869 805 sunt,
890 717 949 810 qui
967 731 1108 811 propter
1120 741 1261 812 regnum
1278 714 1440 786 coelorum
1458 739 1493 784 10
1510 728 1752 784 castraverunt.
1771 714 1929 785 Poteram
1948 713 2017 784 for-

433 858 517 911 tasse
535 838 679 935 plurima
696 836 812 906 talium
832 834 982 931 exempla
999 861 1140 930 ponere,
1159 837 1216 908 sed
1236 861 1310 931 quae
1325 835 1414 906 dicta
1431 849 1510 904 sunt
1525 833 1707 905 sufficiant.
1720 836 1825 930 Ergo,
1839 835 1958 922 frater,
1976 858 2019 903 110

433 961 568 1049 1101011,
594 983 656 1028 1100
678 959 906 1046 contristeris,
929 982 990 1027 nee
1009 958 1265 1052 perturbatione
1286 957 1385 1050 hujus
1403 955 1609 1026 incommodi
1632 954 1812 1049 quatiaris,
1833 955 2020 1049 presertim
2045 989 2049 998 ·

433 1107 537 1178 quum
553 1080 619 1151 hoc
637 1096 705 1149 tam
727 1076 856 1173 plures,
876 1094 913 1148 ut
932 1078 1059 1148 dictum
1076 1093 1145 1168 est,
1172 1077 1325 1148 utilitatis
1351 1077 1470 1146 asserat
1497 1077 1645 1165 sructus3
1669 1092 1703 1146 et
1725 1076 1817 1170 quod
1833 1077 1900 1146 hnc
1917 1076 2019 1145 modo

432 1203 558 1272 factum
576 1216 638 1290 est,
659 1225 791 1294 semper
807 1215 840 1268 01
857 1198 1075 1294 irreparabile
1094 1215 1289 1295 permaneat
1305 1214 1339 1269 et
1351 1198 1516 1269 evulsum.
1541 1199 1592 1267 Sit
1608 1198 1674 1269 hoc
1691 1198 1754 1268 tibi
1772 1196 1921 1270 solamen
1941 1198 2020 1268 assi-
2080 1249 2084 1256 -

434 1324 499 1393 due
518 1321 609 1417 quod
628 1320 850 1415 redintegrari
867 1335 986 1390 natura
1004 1345 1075 1390 non
1089 1321 1230 1415 patitur,
1247 1317 1352 1389 levius
1365 1333 1477 1414 potest
1493 1316 1644 1388 tolerari.

845 1519 902 1580 Fer
916 1526 946 1579 et
959 1517 1025 1579 haec
1039 1475 1091 1592 lut
1103 1517 1147 1580 ait
1159 1516 1252 1594 ille¹),
1267 1494 1375 1580 solatia
1388 1526 1503 1592 10011111,

435 1725 596 1817 quoniam
622 1738 775 1818 tempore
798 1723 895 1815 hujus
919 1720 1155 1790 diminutionis
1178 1717 1230 1790 vel
1252 1719 1389 1788 thorum
1412 1715 1573 1788 violando
1594 1714 1758 1805 aliorum,
1777 1715 1830 1787 vel
1852 1716 1889 1786 in
1911 1714 2022 1810 aliquo

435 1844 669 1915 fornicationis
683 1868 813 1913 veneno
832 1843 971 1912 minime
987 1841 1215 1936 deprehensus
1232 1863 1278 1908 es.
1295 1837 1450 1907 Membra
1467 1838 1572 1932 quieti
1588 1836 1727 1906 dederas
1744 1853 1778 1906 01
1793 1837 1926 1931 sopori,
1949 1835 2023 1905 nul·

436 1963 526 2060 lique
551 1962 676 2033 malum
700 1962 826 2032 inferre
847 1961 1002 2057 parabas,
1023 1985 1127 2056 quum
1150 1984 1227 2029 ecce
1249 1982 1369 2028 manus
1387 1957 1568 2052 impietatis
1585 1972 1619 2025 01
1635 1955 1876 2026 ferramentum
1895 1954 2024 2026 exitiale

437 2085 634 2180 sanguinem
653 2099 749 2153 tuum
764 2083 939 2152 innoxium
953 2081 1056 2176 gratis
1073 2080 1215 2151 fundere
1233 2105 1302 2150 non
1322 2079 1574 2148 dubitaverunt.
1597 2075 1732 2172 Plangit
1748 2101 1829 2173 ergo
1846 2077 1913 2146 hoc
1931 2091 2024 2146 tuum

437 2202 558 2273 vulnus
577 2219 610 2273 et
627 2203 788 2272 damnum
806 2199 1006 2271 venerabilis
1022 2200 1172 2294 episcopi
1189 2199 1393 2294 benignitas,
1412 2197 1484 2293 qui,
1501 2211 1666 2292 quantum
1678 2196 1786 2285 licuit,
1802 2220 1920 2266 vacare
1929 2197 2025 2290 justi-

440 2322 493 2391 tiae
506 2322 646 2391 studuit.
662 2318 796 2416 Plangit
808 2318 997 2389 liberalium
1015 2321 1254 2390 canonicorum
1268 2342 1307 2388 ac
1319 2315 1483 2386 nobilium
1498 2315 1698 2387 clericorum
1715 2314 1912 2385 multitudo.
1928 2315 2026 2386 Plan·

439 2459 523 2539 gunt
544 2443 644 2530 cives,
665 2441 811 2512 civitatis
834 2441 899 2511 hoc
923 2441 1067 2511 dedecus
1084 2455 1295 2536 reputantes,
1317 2455 1352 2508 et
1368 2437 1520 2509 dolentes
1536 2463 1632 2508 suam
1653 2439 1772 2507 urbem
1795 2439 1844 2508 tui
1856 2439 2027 2532 sanguinis

439 2563 604 2633 effusione
620 2560 752 2631 violari.
781 2560 874 2650 Quid
898 2559 1105 2656 singularum
1124 2560 1326 2630 feminarum
1346 2560 1489 2630 reseram
1509 2558 1867 2654 planctum,quae'sic,
1885 2561 2026 2628 1100111-

440 2685 529 2773 dito,
547 2683 719 2778 lacrymis,
739 2705 834 2750 more
851 2680 1011 2770 feminco,
1031 2705 1091 2750 ora
1107 2681 1280 2776 rigarunt,
1299 2695 1441 2775 propter
1460 2695 1493 2749 10
1514 2678 1654 2748 militem
1668 2705 1778 2768 suum,
1796 2704 1897 2772 quem
1916 2681 2029 2748 amise-

441 2820 532 2894 rant,
554 2829 593 2873 ac
610 2804 637 2872 si
650 2800 789 2898 singulae
801 2802 912 2871 virum
930 2825 1028 2871 suum
1048 2816 1106 2870 aut
1122 2801 1268 2871 amicum
1288 2815 1378 2870 sorte
1396 2797 1475 2868 belli
1491 2801 1692 2895 reperissent
1705 2799 1929 2868 exstinctum?
1944 2802 2028 2870 Tau·

441 2939 495 2993 tus
513 2947 595 3017 ergo
611 2923 764 2991 omnium
779 2919 888 2991 luctus
902 2921 1042 3008 exstitit,
1062 2935 1100 2989 ut
1114 2918 1233 2989 melius
1249 2920 1333 2989 milri
1348 2919 1493 2989 videaris
1506 2935 1539 2988 te
1551 2919 1674 2988 debere
1685 2917 1769 2988 velle
1781 2920 1920 3014 periisse
1932 2944 2029 3014 quam

441 3067 587 3115 servasse
599 3039 690 3137 quod
709 3041 824 3136 periit.
843 3038 935 3109 Felix
952 3040 1105 3110 senescit
1121 3040 1238 3108 amari.
1259 3043 1349 3108 Pene
1367 3053 1438 3108 1011
1455 3039 1570 3110 civitas
1584 3040 1619 3108 in
1636 3037 1827 3122 tuqdolore
1842 3038 2028 3108 contabuit.

441 3162 555 3234 Habes
571 3186 682 3232 arram
698 3185 785 3232 verae
801 3160 991 3230 dilectionis
1008 3161 1045 3230 iu
1064 3175 1116 3250 te,
1137 3185 1238 3255 quam
1258 3160 1286 3228 si
1303 3161 1398 3254 prius
1419 3161 1629 3254 agnovisses,
1647 3157 1775 3243 nullas,
1795 3183 1873 3227 meo
1883 3159 2028 3251 judicio,

443 3283 577 3352 divitias
599 3280 648 3350 illi
668 3279 912 3376 comparabiles
934 3281 1128 3351 aestimares.
1155 3279 1221 3349 Sed
1245 3278 1387 3349 forsitan
1405 3277 1463 3348 illo
1487 3267 1642 3350 sermone
1659 3279 1860 3376 prophetico
1882 3280 1965 3349 mihi
1982 3303 2032 3348 re·

444 3401 611 3498 spondere
629 3400 835 3472 contendes:
851 3429 870 3468 11
882 3401 1009 3470 Renuit
1023 3398 1190 3470 consolari
1205 3399 1345 3468 anima¹.
1362 3426 1380 3465 n
1400 3403 1479 3472 Non
1493 3424 1629 3494 possum
1648 3425 1718 3470 11011
1737 3399 1852 3470 dolere
1873 3416 1941 3471 tam
1957 3425 2033 3495 pro·

445 3523 548 3593 broso
566 3537 672 3591 tactus
686 3521 923 3591 incommodo:
937 3521 1099 3615 quoniam
1111 3521 1178 3589 hoc
1191 3520 1369 3589 hominum
1384 3545 1488 3614 genus
1503 3544 1596 3590 suam
1612 3519 1697 3590 solet
1708 3535 1843 3592 aetatem
1855 3520 2030 3591 adducere.

446 3642 629 3715 Nudantur
646 3665 739 3736 genae
760 3655 837 3735 post
857 3641 1029 3734 modicum
1047 3656 1246 3710 ornamento
1260 3640 1421 3736 pilorum,
1436 3656 1471 3711 et
1487 3639 1596 3736 gloria
1611 3641 1697 3712 cutis
1717 3643 1751 3711 in
1770 3641 1854 3712 lucie
1871 3643 1907 3711 in
1920 3669 2035 3740 rugam

447 3760 678 3849 contrahitur,
702 3757 811 3855 pallor
833 3757 1075 3829 inconveniens
1095 3760 1274 3830 confundit
1291 3758 1439 3849 vultum,
1456 3761 1564 3856 etqui
1583 3786 1637 3830 me
1654 3759 1837 3856 aliquando
1854 3779 2033 3852 noverunt,

449 3907 567 3977 0110110
582 3880 701 3950 faciem
718 3903 828 3950 meam
840 3879 1000 3970 viderint,
1018 3882 1132 3949 statim
1142 3905 1212 3950 esse
1229 3878 1386 3950 mutilum
1400 3880 1464 3951 hac
1475 3883 1628 3976 corporis
1647 3897 1741 3976 parte
1758 3897 1837 3952 sunt
1853 3885 2033 3979 cognituri.

448 4004 586 4096 Exigam
604 4025 684 4095 ergo
699 4001 764 4070 mei
776 4000 960 4070 vindictam
978 4000 1164 4090 dedecoris,
1179 4017 1214 4072 et
1230 4016 1339 4071 toturn
1363 4025 1446 4070 111010
1466 4001 1600 4098 pondus
1619 4003 1750 4095 injuriae
1777 4003 1926 4072 romanis
1947 4005 2036 4073 auri·

449 4123 513 4192 bus
528 4123 683 4191 intimare
699 4121 856 4210 studebo,
876 4137 909 4190 ct
927 4136 995 4190 tam
1015 4123 1211 4218 episcopum
1225 4147 1326 4216 quam
1339 4124 1532 4212 canonicos,
1548 4124 1708 4218 quoniam
1720 4123 1867 4218 primurn
1873 4124 2037 4218 judicium

452 4242 494 4313 de
516 4241 573 4311 illo
592 4243 650 4336 0111
671 4243 707 4312 in
728 4265 781 4310 me
803 4240 909 4311 malus
935 4243 1078 4332 exstitit,
1102 4260 1233 4313 mutare
1255 4242 1436 4313 machinati
1461 4259 1557 4334 sunt,
1578 4259 1743 4337 quantum
1768 4259 1888 4338 potero
1906 4258 2038 4340 pertur-

452 4365 554 4454 babo,
572 4389 610 4434 ac
622 4379 695 4433 tum
711 4362 847 4433 demum
860 4361 1062 4458 intelligent,
1083 4363 1241 4458 quamsit
1258 4364 1466 4435 contrarium
1483 4365 1650 4435 honestati
1668 4391 1688 4434 a
1702 4365 1813 4459 rigore
1825 4364 1965 4459 justitiae
1983 4365 2039 4434 dc-

438 4489 569 4556 1111110.
584 4511 601 4550 u
617 4485 648 4552 Ο
663 4483 822 4551 miserum
837 4481 935 4552 valde
951 4483 1144 4574 consilium,
1159 4499 1193 4553 01
1209 4485 1303 4553 omni
1317 4483 1513 4556 destitutum
1528 4479 1690 4556 utilitate!
1710 4485 1874 4579 Nunquid
1892 4510 1963 4555 non
1977 4511 2041 4557 au-

337 4693 340 4698 ,
453 4607 531 4677 disti
541 4603 773 4699 aliquandode
785 4606 1018 4674 Romanorum
1029 4606 1170 4676 avaritia
1182 4621 1215 4674 01
1224 4606 1442 4700 impuritate?
1455 4607 1541 4697 Quis
1554 4631 1704 4702 unquam
1718 4609 1785 4676 suis
1798 4608 1911 4702 potuit
1920 4608 2042 4703 opibus

455 4727 669 4799 meretricum
687 4727 885 4820 voraginem
902 4725 1045 4796 satiare?
1060 4727 1145 4814 Quis
1167 4727 1279 4821 potuit
1295 4727 1432 4797 sacculis
1450 4728 1644 4823 cupiditatis
1661 4751 1777 4797 01111111
1792 4726 1948 4797 1111110010
1963 4753 2042 4797 cru·

455 4845 585 4916 menis?
603 4846 777 4933 Quantum
798 4870 879 4940 crgo
900 4847 1032 4916 ratione
1049 4845 1184 4941 colligo,
1201 4871 1264 4916 nec
1282 4847 1362 4930 tibi,
1383 4873 1445 4917 nec
1465 4845 1620 4918 Ecclesiae
1637 4862 1720 4935 tuae,
1739 4847 1806 4916 hoc
1824 4847 1928 4916 etiam
1947 4848 2042 4943 cogi-

457 4984 538 5053 1010,
560 4963 691 5034 salubre
706 4963 884 5036 consilium
902 4991 971 5037 esse
988 4965 1210 5060 dignoscitur.
1229 4968 1272 5035 Et
1292 4965 1475 5062 plurimum
1493 4966 1698 5038 monasterio
1718 4981 1793 5056 tuo,
1815 4966 1870 5036 cui
1889 4964 2044 5036 addictus

491 5171 497 5196 ¹
517 5170 620 5232 Lucan,
635 5169 764 5228 Pboraal„
776 5168 816 5231 tt,
834 5186 858 5220 r.
871 5172 928 5223 802.
943 5197 972 5206 -·
989 5168 1229 5230 ’1’1.11111.11111,1Ι
1244 5172 1269 5219 ³.
