4590 6106
494 636 542 706 ‘26
927 625 1052 706 Pll‘llll
1080 629 1312 702 sufflatum
1338 629 1392 700 ΕΤ
1418 629 1641 700 HELOlSSAE

495 799 608 871 quum
626 798 690 871 per
707 772 771 844 has
795 784 938 868 portas,
964 771 1065 867 quasi
1093 769 1240 866 quidam
1258 767 1565 868 perturbationum
1594 770 1697 840 cunei
1723 767 1769 839 ad
1793 791 1912 840 arcem
1939 784 2068 842 nostre

495 895 623 968 mentis
648 891 873 980 intraverint,
894 890 957 960 ubi
974 891 1041 962 erit
1058 889 1224 962 libertas?
1241 889 1303 962 ubi
1320 889 1492 962 fortitudo
1509 888 1607 984 ejus?
1630 887 1691 960 ubi
1711 887 1757 960 de
1776 891 1854 960 Deo
1879 889 2067 985 cogitatio?

495 1017 644 1086 Maxime
661 1037 772 1109 quum
791 1025 904 1084 tactus
921 1009 1090 1108 depingat
1107 1009 1173 1081 sibi
1190 1010 1294 1081 etiarn
1314 1009 1504 1106 praeteritas
1522 1008 1741 1106 voluptates,
1770 1022 1807 1079 et
1822 1007 2070 1082 recordatione

494 1134 660 1205 vitiorum
688 1141 792 1228 cogat
815 1129 972 1202 animam
993 1130 1168 1227 compati,
1198 1143 1233 1201 et
1255 1129 1413 1226 quodam
1436 1127 1546 1200 modo
1573 1152 1735 1200 exercere
1756 1127 1856 1226 quod
1882 1153 1957 1202 non
1983 1130 2064 1226 agit.

494 1252 554 1324 His
568 1252 674 1348 igitur
685 1247 881 1322 rationibus
893 1249 1042 1338 invitati,
1056 1246 1159 1320 multi
1168 1247 1464 1347 philosophorum
1477 1247 1695 1345 reliquerunt
1703 1247 1917 1344 frequentias
1926 1247 2068 1320 urbium

493 1386 528 1442 et
555 1371 717 1444 hortulos
745 1367 993 1460 suburbanos,
1015 1367 1079 1440 ubi
1103 1392 1187 1465 ager
1214 1369 1385 1464 irriguus,
1417 1383 1453 1440 et
1481 1367 1651 1438 arborum
1682 1391 1814 1456 comae,
1843 1381 1879 1438 et
1904 1391 2067 1439 susurrus
2090 1347 2097 1359 l

492 1492 635 1581 avium,
664 1489 771 1560 fontis
802 1488 1009 1587 speculum,
1044 1487 1141 1560 rivus
1166 1511 1409 1578 murmurans,
1436 1501 1473 1558 et
1497 1486 1616 1559 multae
1645 1486 1832 1558 oculorum
1856 1487 2066 1585 auriumque

491 1609 684 1699 illecebrae,
712 1633 758 1680 ne
775 1631 839 1706 per
857 1608 980 1679 luxum
1003 1623 1039 1680 et
1056 1607 1310 1680 abundantiam
1328 1607 1530 1705 copiarum,
1550 1606 1677 1678 animae
1693 1604 1864 1678 fortitudo
1882 1603 2065 1677 mollesce-

492 1746 569 1818 ret,
595 1745 630 1801 et
653 1730 728 1825 ejus
749 1728 920 1827 pudicitia
947 1743 1177 1827 stupraretur.
1205 1727 1332 1802 Inutile
1354 1729 1487 1826 quippe
1513 1743 1566 1800 cst
1593 1725 1719 1800 crebro
1748 1725 1869 1798 videre
1897 1749 1963 1824 per
1987 1751 2066 1823 quae

491 1851 683 1948 aliquando
703 1863 825 1948 captus
852 1850 919 1940 sis,
943 1863 978 1921 et
1004 1874 1131 1922 eorum
1156 1863 1191 1922 te
1215 1848 1458 1947 experimento
1482 1850 1705 1921 committere
1726 1846 1856 1943 quibus
1879 1845 2067 1920 difficulter

491 1994 621 2042 careas.
646 1973 735 2040 Nam
758 1983 794 2040 et
813 1968 1031 2065 Pythagorei
1055 1968 1281 2064 hujusmodi¹
1307 1968 1539 2065 frequentiam
1561 1965 1799 2056 declinantes,
1818 1967 1855 2037 in
1873 1965 2065 2040 solitudine

491 2103 526 2160 et
544 2088 691 2160 desertis
704 2086 795 2160 locis
812 2086 972 2160 babitare
990 2101 1260 2159 consueverant.
1283 2086 1354 2158 Sed
1372 2088 1497 2184 etipse
1521 2087 1641 2174 Plato,
1662 2109 1774 2183 quum
1792 2085 1891 2157 dives
1916 2101 2006 2158 esset
2032 2102 2067 2159 et

492 2222 610 2278 torum
639 2207 714 2301 ejus
744 2207 920 2303 Diogenes
945 2206 1062 2278 lutatis
1087 2205 1238 2302 pedibus
1267 2205 1511 2294 conculcaret,
1544 2219 1582 2277 ut
1613 2217 1735 2302 posset
1758 2228 1884 2276 vacare
1909 2204 2067 2301 pbiloso-

490 2325 582 2421 phiae
600 2324 704 2421 elegit
722 2325 940 2396 academiam
958 2323 1092 2413 villam,
1113 2323 1158 2396 ab
1179 2322 1266 2395 urbe
1283 2323 1410 2422 procul
1427 2347 1502 2394 non
1521 2322 1638 2394 solum
1656 2322 1849 2412 desertam,
1870 2321 1932 2393 sed
1949 2338 1985 2394 et
2003 2349 2066 2421 pe-

491 2562 728 2661 discipulique
749 2564 804 2634 sui
822 2562 956 2636 nullam
974 2561 1080 2635 aliam
1099 2562 1269 2634 sentirent
1286 2562 1505 2659 voluptatem
1522 2561 1590 2632 nisi
1608 2583 1731 2632 earum
1753 2585 1874 2632 rerum
1899 2586 1988 2658 quas
2015 2562 2068 2633 di·

489 2699 639 2757 scerent.
654 2683 773 2756 Talem
786 2699 823 2756 et
833 2681 895 2754 lilii
907 2682 1177 2782 prophetarum,
1193 2681 1315 2755 Elisaeo
1324 2681 1555 2773 adherentes,
1565 2683 1674 2753 vitam
1688 2681 1887 2754 referuntur
1895 2683 2063 2754 duxisse¹.

489 2809 541 2876 De
564 2804 692 2902 quibus
719 2805 795 2902 ipse
816 2827 961 2901 quoque
990 2802 1244 2899 Hieronymus,
1271 2803 1370 2899 quasi
1400 2801 1447 2874 de
1472 2800 1658 2873 monachis
1681 2799 1773 2872 illius
1795 2801 1990 2899 temporis,
2020 2802 2072 2872 ud

450 3007 451 3012 Ἰ
490 2927 670 2994 Rusticum
691 2922 918 3009 monachus,
940 2921 1032 2994 inter
1055 2935 1181 2994 caetera
1200 2922 1248 2993 ita
1266 2920 1430 2993 scribit⁸:
1454 2949 1472 2990 u
1493 2921 1569 2991 Filii
1587 2919 1860 3018 prophetarum,
1880 2941 1973 3016 quos
1990 2943 2070 2990 mo-

491 3041 624 3114 nachos
653 3043 691 3114 in
716 3042 833 3114 Veteri
857 3040 1006 3138 legimus
1027 3045 1269 3132 Testameuto,
1294 3039 1517 3114 aedificabant
1540 3039 1608 3111 sibi
1634 3039 1770 3111 casulas
1795 3063 1910 3138 prope
1935 3039 2070 3111 fluenta

492 3161 671 3250 Jordanis,
692 3176 728 3232 et
752 3160 865 3234 turbis
886 3175 922 3232 et
944 3159 1092 3232 urbibus
1115 3159 1310 3250 derelictis,
1340 3159 1484 3258 polenta
1509 3175 1545 3232 et
1565 3159 1684 3232 herbis
1710 3159 1904 3256 agrestibus
1933 3161 2068 3232 victita-

491 3277 590 3349 bant.
615 3307 633 3345 η
652 3278 751 3349 Tales
768 3277 932 3375 discipuli
950 3278 1061 3350 nostri
1080 3277 1130 3348 ibi
1147 3301 1255 3376 super
1279 3277 1504 3350 Arduzonem
1526 3278 1675 3350 fluvium
1698 3277 1833 3351 casulas
1859 3301 1939 3350 suas
1962 3277 2068 3350 edifi-

494 3413 630 3488 cantes,
660 3398 813 3470 eremitae
838 3399 949 3494 magis
970 3421 1079 3494 quam
1103 3395 1280 3468 scholares
1304 3397 1527 3470 videbantur.
1551 3401 1695 3484 Quanto
1712 3411 1832 3470 autem
1848 3395 1933 3470 illuc
1956 3398 2069 3493 major

376 3583 380 3594 ,
493 3517 707 3593 scholarium
738 3531 813 3590 erat
844 3517 1083 3605 confluentia,
1112 3530 1147 3587 et
1170 3530 1305 3612 quanto
1336 3515 1539 3590 duriorem·
1560 3517 1602 3612 in
1627 3515 1789 3589 matrina
1814 3531 1935 3588 nostra
1961 3518 2069 3590 vitam

392 3665 397 3674 ·
494 3639 733 3729 sustinebant,
771 3653 872 3712 tanto
906 3637 1058 3736 amplius
1082 3637 1170 3710 mihi
1193 3638 1310 3710 aemuli
1336 3638 1557 3712 aestimabant
1580 3637 1793 3736 gloriosum,
1819 3653 1856 3710 et
1879 3637 1946 3710 sibi
1968 3640 2069 3736 igno·

494 3759 696 3834 miniosum.
722 3760 793 3847 Qui
819 3783 932 3857 quum
955 3772 1083 3830 cuncta
1109 3781 1187 3855 quae
1208 3763 1389 3857 poterant⁸
1412 3760 1449 3831 in
1472 3783 1531 3831 me
1550 3759 1721 3855 egissent,
1745 3759 1868 3830 omnia
1884 3762 2069 3858 cooperari

495 3879 583 3950 mibi
613 3881 651 3953 in
678 3879 815 3952 bonum
844 3877 1038 3968 dolebant3
1073 3893 1180 3976 atque
1211 3879 1259 3950 ita
1284 3879 1385 3975 juxta
1409 3877 1497 3952 illud
1527 3879 1753 3976 Hieronymi,
1782 3902 1842 3951 me
1867 3879 1995 3978 procul
2024 3879 2070 3951 ab

497 3997 660 4091 urbibus,
693 4001 789 4091 foro,
829 3999 970 4089 litibus,
1001 3998 1113 4070 turbis
1140 4014 1343 4090 remotum,
1374 4001 1425 4072 sic
1454 4023 1620 4097 quoque,
1652 4014 1692 4071 ut
1715 3999 1953 4088 Quintilianus
1981 3997 2067 4090 alt⁸,

496 4119 665 4194 latentem
689 4119 824 4194 invenit
843 4119 997 4209 invidia,
1023 4120 1122 4217 quia⁷
1144 4119 1241 4216 apud
1258 4121 1464 4218 semetipsos
1491 4121 1595 4192 tacite
1612 4135 1891 4216 conquerentes,
1920 4135 1956 4191 et
1976 4121 2073 4218 inge·

496 4243 700 4332 miscentes,
722 4239 917 4313 dicebantz
946 4243 1035 4312 Ecce
1055 4237 1212 4310 mundus
1236 4253 1332 4310 totus
1353 4253 1436 4339 post
1459 4247 1543 4311 eum
1567 4239 1670 4330 abiit,
1704 4239 1793 4311 nihil
1821 4239 2072 4339 persequendo

496 4363 710 4460 profecimus
729 4389 737 4431 ε
759 4361 822 4433 sed
840 4361 951 4457 magis
968 4383 1051 4432 sum
1070 4357 1283 4454 gloriosum⁸
1308 4357 1500 4430 effecimus.
1523 4360 1735 4457 Extinguere
1752 4383 1886 4432 nomen
1904 4359 1981 4455 ejus
1997 4373 2072 4432 stu·

497 4483 660 4576 duimus,
684 4483 748 4558 sad
772 4483 882 4580 magis
908 4479 1147 4555 accendimus.
1169 4482 1259 4552 Ecce
1276 4481 1312 4552 in
1326 4480 1526 4552 civitatibus
1541 4483 1663 4555 omnia
1679 4481 1875 4554 necessaria
1894 4480 2072 4553 scholares

498 4603 544 4675 ad
569 4629 716 4675 manum
740 4601 892 4693 habent,
919 4616 955 4674 et
982 4598 1102 4671 civiles
1127 4597 1270 4672 delicias
1299 4615 1585 4691 contemnentes,
1616 4601 1665 4673 ad
1691 4598 1893 4672 solimdinis
1914 4599 2073 4698 inopiam

498 4725 706 4815 confluunt,
734 4739 771 4796 et
793 4738 922 4824 sponte
946 4723 1064 4794 miseri
1090 4721 1192 4794 liunt.
1222 4726 1321 4794 Tunc
1343 4738 1462 4795 autem
1483 4724 1660 4823 praecipue
1685 4719 1732 4794 ad
1758 4721 1961 4794 scholarum
1984 4722 2074 4819 regi·

499 4849 580 4916 med
602 4843 848 4916 intolerabilis·
876 4868 935 4916 me
960 4843 1133 4942 compulit
1158 4859 1345 4942 paupertas
1356 4846 1394 4934 ¹⁰,
1424 4869 1538 4942 quum
1557 4842 1714 4917 «fodere
1737 4867 1812 4915 non
1841 4841 2017 4931 valerem,
2038 4857 2074 4913 et

534 5078 539 5102 ¹
561 5075 602 5127 Sic
618 5073 682 5126 Edit.
702 5085 727 5128 et
740 5074 802 5126 eod.
819 5075 886 5128 ABG.
897 5103 914 5114 -
924 5075 1028 5128 eunom
1042 5076 1071 5127 Ι).
1083 5039 1140 5114 -1'
1154 5077 1215 5144 ileu.
1227 5074 1268 5137 tt,
1301 5075 1402 5127 ‘inuria
1417 5087 1481 5126 orat.
1495 5073 1554 5135 xn,
1567 5089 1623 5142 cap.
1640 5091 1696 5136 nrt,
1709 5091 1779 5128 1.-
1792 5073 1802 5101 ’
1818 5075 1865 5137 ou
1883 5073 1933 5126 tls,
1956 5071 2028 5124 drab.
2041 5099 2075 5111 —

499 5159 995 5228 cap.u.-¹Epist.xcxr,udlluettcusr,
1008 5163 1088 5225 Ornat
1103 5160 1267 5225 tt,cot.tta.
1301 5159 1420 5213 'Clarum
1431 5159 1503 5212 tuas.
1515 5157 1568 5196 -⁸
1583 5159 1698 5211 inseritur
1714 5169 1738 5210 et
1757 5163 1859 5210 rtdcutu
1871 5157 2013 5212 illisa-'⁹
2033 5157 2074 5209 la-

498 5246 557 5286 —⁴
578 5247 722 5299 &verium
747 5244 818 5298 ltus.
833 5245 892 5284 *⁸
911 5247 1046 5298 Potuerunt
1068 5245 1118 5298 llS.
1147 5243 1219 5297 drab.
1237 5271 1271 5284 —
1302 5243 1561 5302 rernntarbaecrerba
1574 5263 1581 5296 ε
1594 5241 1853 5312 laqueatorum.
