4522 6104
446 537 518 612 658
1042 539 1170 613 rarat
1196 537 1428 615 mettum

445 687 592 775 dicitur,
620 703 722 789 terrp
748 686 926 757 dominari
948 685 1004 757 vel
1028 711 1178 785 praeesse
1202 702 1323 787 posset
1344 689 1380 758 in
1404 710 1479 758 uno
1502 683 1657 784 paradisi
1678 682 1760 754 loco
1781 703 1923 780 semper
1942 705 2027 753 con·-

380 899 389 906 ἱ
443 808 578 896 clusus,
597 808 731 903 caeteris
748 805 917 878 omnibus
933 807 1061 879 mundi
1082 809 1242 906 partibus
1263 809 1434 904 ignoratis
1455 823 1628 904 tanquam
1654 803 1821 877 nondum
1843 803 1948 874 visis?
1964 813 2030 874 Aut

443 930 542 1025 quod
566 923 800 1026 postmodum
817 929 865 1000 ait
886 957 893 1000 :
916 957 934 996 u
956 931 1111 1000 Crescite
1131 943 1167 1000 et
1188 929 1475 1028 multiplicamini
1504 943 1540 999 et
1568 925 1702 1026 replete
1722 940 1875 1012 terram,
1898 951 1916 990 n
1944 947 2032 1020 quo·

442 1048 554 1119 modo
572 1074 732 1146 unquam
748 1037 929 1136 eveniret,
951 1049 980 1120 si
997 1050 1034 1118 in
1054 1048 1191 1120 tantula
1206 1063 1308 1146 parte
1325 1047 1453 1119 mundi
1468 1045 1629 1118 conclusi
1644 1044 1811 1118 nondum
1836 1044 1973 1114 exirent
1994 1045 2028 1114 in

441 1167 599 1239 diversas
626 1168 752 1240 mundi
776 1167 963 1263 regiones?
989 1167 1093 1239 Nulla
1119 1169 1239 1265 itaque
1266 1169 1358 1238 ratio
1385 1165 1494 1238 babet
1520 1181 1634 1238 totam
1657 1165 1849 1237 hominurn
1876 1163 2029 1236 suturam

442 1286 710 1359 multitudinem
726 1289 763 1358 in
780 1286 841 1358 illo
859 1311 934 1358 uno
952 1286 1108 1385 paradisi
1125 1286 1206 1358 loco
1223 1311 1365 1385 semper
1388 1301 1681 1357 conversaturam
1697 1309 1791 1371 esse,
1809 1284 1929 1354 sinon
1946 1307 2028 1380 peo-

442 1424 598 1498 cassent,
617 1408 681 1480 sed
697 1407 782 1479 inde
800 1407 1034 1506 postmodum
1051 1407 1143 1479 sieut
1159 1421 1195 1479 et
1212 1407 1257 1479 de
1274 1430 1357 1479 arca
1378 1433 1443 1505 per
1464 1405 1640 1478 mundum
1658 1403 1911 1503 dispergendos
1928 1427 2026 1491 esse,

442 1524 532 1596 nihil
549 1525 689 1623 poenale
706 1526 838 1607 alicubi
854 1541 1076 1625 reperturos,
1092 1551 1206 1624 quum
1222 1525 1321 1598 nulla
1335 1524 1586 1598 maledictione
1604 1548 1672 1622 pro
1688 1537 1836 1622 peccato
1848 1537 1938 1592 terra
1948 1544 2028 1618 per-

442 1660 623 1716 cuteretur
640 1671 661 1718 a
677 1649 768 1716 Deo.
788 1645 874 1717 Ideo
894 1659 1015 1717 tamen
1033 1647 1169 1744 primos
1187 1641 1353 1717 homines
1369 1646 1405 1716 in
1427 1643 1594 1742 paradiso
1616 1643 1753 1715 locatos
1776 1641 1933 1741 primum
1951 1663 2027 1711 ere·

443 1765 581 1854 dimus,
601 1792 674 1863 quo
691 1768 881 1865 temperies
897 1765 957 1838 illa
973 1767 1061 1858 loci,
1081 1791 1190 1864 quem
1206 1767 1384 1865 principio
1401 1766 1579 1837 Dominus
1594 1764 1840 1864 plantaverat,
1859 1761 2029 1833 fructibus

443 1882 640 1982 plurimum
656 1884 874 1974 abundaret,
896 1885 1061 1957 nondum
1077 1885 1133 1958 his
1152 1887 1203 1958 ita
1215 1885 1274 1957 vel
1294 1886 1427 1957 caeteris
1443 1909 1508 1982 per
1528 1883 1706 1954 mundum
1722 1882 1942 1979 propagatis.
1962 1879 2027 1951 Sed

444 2027 511 2073 nec
528 2003 575 2074 de
591 2001 688 2100 ligno
705 2005 785 2076 vitae
801 2003 1030 2076 diffitendum
1054 2018 1123 2094 est,
1144 2030 1190 2076 ne
1211 2020 1294 2076 ante
1319 2003 1610 2076 maledictionem
1626 2017 1728 2074 terre
1748 2024 1813 2099 per
1838 1999 2029 2097 plantatio·

444 2146 529 2192 nem
546 2122 773 2221 multiplicari
789 2138 910 2221 posset
927 2121 964 2193 in
981 2125 1096 2195 terris.
1115 2127 1214 2195 Tunc
1229 2123 1353 2221 utique
1372 2123 1544 2195 universae
1565 2138 1667 2194 terrae
1689 2120 1801 2193 homo
1827 2141 1977 2217 praeesse
1997 2133 2030 2189 et

446 2238 627 2311 dominari
642 2255 781 2338 posset,
800 2256 836 2312 ¹et
853 2241 973 2312 multis
990 2241 1113 2312 usibus
1130 2241 1163 2312 ei
1180 2243 1375 2314 animantia
1389 2255 1516 2314 caetera
1532 2265 1608 2313 esse
1625 2239 1783 2311 fortassis
1799 2235 2029 2335 postmodum

445 2357 531 2427 etin
549 2382 649 2428 esum
666 2359 699 2428 ei
715 2383 904 2448 concessa,
922 2360 1013 2431 sicut
1029 2375 1111 2457 post
1127 2359 1302 2432 diluvium
1318 2386 1339 2432 a
1355 2361 1513 2433 Domino
1532 2363 1607 2432 Noe
1628 2381 1839 2430 concessum
1857 2371 1923 2427 est.
1945 2359 2027 2427 Pos-

446 2489 525 2546 sent
544 2490 580 2546 et
596 2475 871 2549 delectationem
890 2477 1102 2550 nonnullam
1121 2479 1261 2550 bomini
1278 2477 1404 2552 aliene
1431 2478 1629 2551 secundum
1653 2501 1823 2548 sensuum
1845 2475 2028 2547 diversita-

447 2606 536 2682 tem,
561 2619 674 2690 quum
699 2619 740 2666 ex
763 2611 871 2667 cantu
896 2595 1058 2668 auditum
1084 2596 1303 2687 mulcerent,
1327 2597 1383 2669 vel
1409 2623 1451 2668 ex
1476 2594 1744 2695 pulchritudine
1770 2593 1894 2665 lorrnae
1917 2593 2030 2666 visum

448 2711 688 2806 oblectarent,
704 2716 761 2786 vel
778 2716 901 2788 odoris
925 2717 1098 2790 suavitate
1120 2716 1291 2790 olfactum
1310 2717 1515 2807 reficerent,
1540 2716 1596 2789 vel
1621 2716 1897 2814 quibuscunque
1917 2713 2030 2786 modis

447 2831 594 2906 diversae
611 2835 774 2932 ipsorum
791 2852 927 2909 naturae
943 2837 1131 2934 diligenter
1147 2840 1299 2934 cognitae
1314 2839 1352 2910 in
1371 2862 1529 2910 amorem
1548 2852 1584 2909 et
1604 2837 1750 2908 laudem
1770 2835 1942 2906 creatoris
1967 2855 2029 2904 nos

448 2948 823 3051 amplius'excitarent,
837 2958 937 3052 juxta
950 2957 1051 3054 quod
1061 2957 1107 3029 ad
1117 2982 1199 3028 eum
1210 2957 1393 3031 Psalmista
1404 2957 1530 3028 dicit¹:
1549 2985 1566 3025 a
1581 2956 1770 3028 Delectasti
1780 2979 1851 3043 me,
1862 2954 2029 3040 Domine,

448 3071 485 3142 in
503 3073 639 3146 factura
655 3091 736 3164 tua,
756 3090 792 3146 et
807 3075 846 3146 in
863 3075 1033 3172 operibus
1050 3097 1224 3148 manuum
1240 3091 1384 3148 tuarum
1400 3075 1580 3148 exultabo.
1600 3103 1618 3142 n

497 3195 587 3264 Sunt
614 3193 772 3266 fortassis
798 3193 929 3291 quibus
954 3193 1164 3290 hujusmodi
1189 3196 1401 3291 quaestioncs
1427 3193 1561 3265 frivolae
1583 3218 1658 3264 esse
1684 3216 1752 3263 nec
1776 3189 2032 3263 rationabiliter

449 3313 586 3382 moveri
602 3312 784 3401 videntur,
802 3337 916 3409 quum
932 3313 1012 3409 quis
1028 3311 1194 3384 videlieet
1209 3313 1335 3410 quaerit
1351 3311 1397 3383 de
1422 3311 1542 3409 aliquo
1563 3333 1749 3408 nunquam
1771 3310 1979 3397 eveniente,
1996 3323 2031 3380 et

449 3427 536 3499 dicit
546 3429 634 3524 quid
652 3429 752 3500 lieret
768 3430 799 3500 si
814 3430 863 3500 ita
879 3444 983 3500 esset.
999 3433 1086 3516 Quae
1097 3455 1267 3527 namque,
1284 3432 1468 3528 inquiunt,
1484 3433 1576 3503 ratio
1589 3447 1642 3502 est
1653 3453 1813 3528 quaerere
1825 3430 1855 3500 si
1867 3430 1916 3501 ita
1927 3444 2028 3518 esset,

448 3545 549 3641 quod
565 3570 633 3617 nec
650 3545 726 3617 lieri
742 3546 874 3635 babet,
896 3548 988 3618 sicut
1003 3572 1070 3619 nec
1087 3547 1176 3619 illud
1192 3551 1288 3621 esse?
1305 3551 1437 3622 Dicunt
1454 3551 1574 3647 itaque
1591 3554 1707 3621 Deum
1729 3549 1918 3647 praescium
1939 3547 2029 3618 lutu-

448 3687 573 3734 rorum
589 3664 660 3736 hoc
676 3664 817 3736 homini
831 3667 1066 3756 concessisse,
1086 3681 1125 3738 ut
1140 3693 1205 3765 per
1221 3671 1398 3741 rationem
1420 3669 1667 3742 dominaretur
1687 3665 1820 3740 ceteris
1841 3667 2028 3738 animanti·

448 3780 534 3870 bus,
554 3797 589 3853 et
605 3807 647 3855 ea
662 3785 906 3881 constringere
922 3800 1043 3883 posset
1058 3802 1165 3885 atque
1184 3790 1406 3887 opprimere,
1425 3789 1589 3885 quamvis
1611 3783 1763 3885 corpore
1783 3784 1975 3873 validiora,
1993 3797 2029 3854 ut

448 3901 614 3976 videlicet
638 3931 680 3977 ex
702 3915 871 3979 concessa
895 3907 963 3978 sibi
984 3909 1123 3980 ratione
1145 3923 1247 3981 tanto
1270 3934 1354 3981 eum
1383 3893 1495 3980 liomo
1520 3907 1676 4006 amplius
1693 3906 1873 4004 diligeret,
1897 3921 2027 4004 quanto

449 4023 601 4123 amplius
616 4027 654 4096 in
671 4026 740 4098 hac
757 4051 795 4098 se
815 4027 861 4098 ab
885 4053 929 4099 eo
947 4030 1124 4126 accepisse
1141 4044 1386 4126 cognosceret.

498 4148 619 4230 Quum
639 4145 744 4234 dicit,
763 4145 996 4219 «volatilibus
1012 4147 1109 4240 coeli,
1122 4177 1141 4216 u
1157 4147 1228 4219 hoc
1245 4165 1299 4221 est
1312 4149 1450 4238 avibus,
1465 4173 1540 4220 non
1558 4147 1605 4219 ad
1621 4147 1861 4218 differentiam
1878 4145 2028 4244 aliquam

448 4263 647 4336 volatilium
674 4265 838 4372 additum
863 4281 916 4338 est
943 4298 960 4336 n
983 4269 1085 4358 coeli,
1107 4298 1126 4336 n
1154 4269 1218 4341 sed
1243 4270 1290 4341 ad
1316 4269 1638 4341 demonstrandum
1663 4291 1862 4366 perquam
1895 4283 2028 4366 partem

449 4386 577 4457 mundi
588 4387 709 4458 volare
722 4387 898 4478 habeant;
912 4391 1003 4462 sicut
1014 4392 1121 4462 etiam
1141 4390 1278 4462 dictum
1294 4407 1347 4463 est
1365 4391 1553 4490 «piscibus
1569 4392 1694 4481 maris,
1712 4418 1730 4458 n
1749 4389 1806 4462 vel
1821 4389 1939 4462 sidera
1954 4387 2029 4461 coeli

451 4503 569 4575 dicere
586 4503 763 4594 solemus,
782 4531 856 4578 non
876 4506 921 4579 ad
939 4507 1141 4604 aliquorum
1158 4511 1512 4600 determinationem,
1531 4509 1594 4580 sed
1616 4510 1728 4605 magis
1753 4507 1799 4581 ad
1825 4533 1952 4581 eorum
1972 4533 2029 4579 ex·

450 4624 676 4719 primendam
692 4626 949 4724 proprietatem
968 4629 1030 4699 ubi
1046 4654 1121 4701 esse
1137 4628 1306 4702 habeant.
1326 4628 1464 4702 Coelum
1481 4653 1567 4724 crgo
1584 4629 1643 4700 hic
1665 4642 1740 4700 tam
1760 4652 1905 4700 aereum
1923 4651 2030 4725 quam

451 4741 643 4813 aethereum
660 4743 990 4842 comprehendens,
1010 4747 1186 4844 quidquid
1204 4748 1251 4820 ab
1268 4748 1495 4820 inferioribus
1512 4747 1613 4846 aquis
1630 4746 1807 4844 usquead
1831 4747 2030 4844 superiores

451 4861 596 4934 interest
612 4862 684 4936 hoc
699 4859 879 4937 vocabulo
896 4883 1092 4967 nuncupat.

485 5131 493 5160 ¹
511 5131 600 5185 Psalm.
613 5147 668 5198 xci,
682 5150 704 5185 r.
721 5139 745 5186 Β.
