4536 6102
454 563 524 632 552
1048 558 1174 630 PETRl
1200 559 1433 632 lssAEthot
1534 581 1545 598 ·

449 717 485 774 et
501 728 566 774 vos
591 700 697 796 longe
722 699 875 798 amplius
896 699 1035 771 domini
1051 702 1160 773 vestri
1182 702 1322 800 sponsis
1342 701 1491 791 debere,
1514 725 1625 799 quam
1641 705 1768 793 servis,
1792 719 1828 776 et
1850 729 1910 778 eas
1935 710 2026 806 apud

448 845 621 920 sponsum
637 821 824 918 proprium
841 817 920 916 plus
936 843 1042 917 posse
1060 844 1170 918 quam
1186 845 1308 892 servos
1324 821 1535 917 agrroacatis.
1560 825 1656 894 luter
1675 824 1769 920 ipsas
1785 849 1932 922 quoque
1949 851 2027 898 san·
2054 904 2059 912 ,

448 937 669 1008 ctimoniales
685 937 761 1008 haec
782 938 818 1008 in
841 937 1077 1035 eleemosynis
1096 937 1303 1011 adhibenda
1319 953 1372 1010 est
1387 937 1572 1028 decretio,
1591 953 1631 1031 ut
1647 963 1726 1037 quae
1742 941 1869 1038 majori
1884 966 2029 1040 pauper·

451 1070 520 1127 tate
536 1069 621 1126 sunt
637 1078 826 1153 oppressae,
840 1057 968 1152 majori
983 1055 1144 1129 subsidio
1160 1070 1416 1129 sustententur.
1430 1059 1521 1128 Sunt
1536 1059 1634 1129 enim
1651 1059 1868 1131 monasteria
1881 1058 2027 1130 semina·

450 1203 530 1248 rum
554 1178 645 1248 sicut
661 1191 696 1248 et
712 1178 976 1250 monachorum
997 1179 1192 1276 antiquitus
1215 1203 1237 1251 a
1256 1177 1465 1277 potentibus
1480 1178 1598 1250 saeculi
1616 1178 1787 1270 fundata,
1804 1180 1863 1252 vel
1878 1182 2028 1278 copiosis

453 1297 736 1394 possessionibus
752 1298 876 1370 ditata.
896 1303 973 1369 Hoc
988 1324 1074 1370 vcro
1092 1300 1351 1371 monasterium
1367 1300 1508 1372 noviter
1524 1314 1784 1389 constructum,
1803 1325 1871 1372 nec
1886 1325 1907 1372 a
1923 1301 2028 1372 divite

451 1416 611 1514 quodam
626 1417 814 1491 fundatum
834 1434 898 1509 est,
919 1443 986 1490 nec
1002 1419 1287 1517 possessionibus
1303 1419 1469 1492 ditatum.
1488 1419 1597 1506 Quod
1612 1434 1733 1492 minen
1750 1423 1787 1491 iu
1805 1420 1934 1493 divinis
1951 1419 2028 1492 olli-

451 1537 526 1623 ciis,
545 1551 581 1606 et
596 1535 783 1633 disciplina
799 1537 952 1632 regulari
968 1562 1043 1608 uon
1060 1538 1193 1609 minori
1203 1537 1324 1610 studio
1340 1561 1566 1636 perseverare
1579 1561 1688 1634 quam
1703 1554 1830 1611 caetera
1844 1540 1911 1611 Dei
1923 1542 2027 1636 gratia

452 1656 629 1726 novimus.
650 1655 719 1727 Sed
737 1654 878 1727 novella
894 1655 970 1751 ejus
986 1654 1104 1726 adhuc
1119 1670 1156 1726 et
1171 1671 1295 1728 tenera
1309 1656 1484 1753 plantatio
1501 1659 1640 1746 vestris,
1661 1671 1700 1728 ut
1715 1672 1863 1748 creseat,
1881 1657 2027 1732 colenda

451 1789 504 1846 est
515 1774 762 1872 eleemosynis.
778 1773 941 1870 Eligendi
956 1773 1059 1845 vobis
1076 1789 1160 1845 sunt
1175 1799 1363 1874 pauperes,
1382 1791 1419 1846 et
1434 1771 1661 1872 eleemosyna
1676 1800 1748 1873 qua
1763 1802 1915 1874 regnum
1930 1779 2028 1850 coelo·

452 1920 533 1966 rum
550 1918 668 1967 emere
684 1894 808 1984 vultis,
830 1918 905 1964 non
926 1908 1060 1964 temere
1084 1879 1230 1964 cuilibet
1253 1893 1486 1991 porrigenda3
1509 1893 1573 1966 sad
1598 1893 1719 1984 sudet,
1747 1893 1839 1967 sicut
1862 1899 2028 1996 scriptum

452 2029 517 2102 est,
536 2014 762 2110 eleemosyna
779 2014 816 2083 in
827 2037 938 2083 manu
954 2027 1029 2101 tua,
1048 2011 1166 2084 donec
1182 2013 1344 2084 invenias
1361 2014 1424 2110 qui
1440 2013 1570 2109 dignus
1582 2014 1640 2104 sit,
1654 2013 1773 2088 donec
1788 2014 1854 2087 tibi
1870 2033 2028 2090 occurrat
2133 2019 2140 2038 '

449 2134 515 2205 ubi
535 2158 615 2206 eam
636 2134 750 2231 possis
775 2131 868 2202 bene
893 2130 1088 2222 collocare,
1112 2155 1223 2228 quam
1243 2133 1280 2202 in
1301 2133 1418 2230 pretio
1435 2146 1541 2238 tantae
1556 2134 1608 2204 rei
1623 2134 1677 2204 ris
1693 2159 1841 2232 ponere.
1861 2136 2027 2208 Conside-

452 2253 556 2326 randi
567 2267 651 2324 sunt
666 2275 854 2350 pauperes,
872 2251 935 2349 qui
951 2265 987 2322 te
1004 2251 1143 2348 possint
1158 2252 1292 2324 meritis
1307 2253 1380 2322 suis
1396 2265 1432 2323 et
1448 2251 1671 2324 orationibus
1686 2252 1770 2324 illuc
1785 2255 2025 2343 introducere3

453 2375 537 2471 quia
552 2372 701 2444 stultum
717 2386 770 2445 est
786 2370 832 2441 ab
848 2370 916 2442 illis
931 2384 1063 2442 aeterna
1078 2369 1308 2443 tabemacula
1320 2395 1477 2469 sperare,
1490 2373 1553 2470 qui
1569 2386 1610 2443 ut
1625 2396 1668 2444 ea
1683 2371 1871 2446 obtineant
1887 2376 2027 2448 minime

454 2519 516 2564 seu
533 2517 661 2592 parum
677 2490 854 2581 laborant,
874 2492 936 2589 qui
951 2491 1139 2563 coactione
1160 2491 1271 2586 magis
1292 2515 1402 2588 quam
1418 2491 1602 2564 voluntate
1616 2505 1702 2563 sunt
1716 2516 1909 2591 pauperes,
1928 2495 2027 2566 rebus

455 2613 573 2711 potius
589 2635 698 2709 qnam
714 2611 857 2708 spiritu,
876 2611 979 2681 inviti
994 2610 1114 2708 potius
1130 2633 1240 2707 quam
1255 2611 1458 2708 spontanei.
1484 2639 1502 2678 n
1514 2615 1554 2682 lu
1570 2633 1712 2683 carcerc
1727 2619 1857 2702 eram',
1873 2641 1891 2681 n
1909 2617 2026 2686 Domi·

454 2757 522 2804 nus
538 2731 666 2828 inquit,
688 2758 706 2799 a
719 2744 754 2801 et
764 2730 910 2802 venistis
926 2729 973 2802 ad
991 2754 1095 2802 me.»
1114 2728 1295 2803 Nonnulla
1311 2729 1555 2803 misericordia
1570 2746 1624 2803 est
1639 2732 1690 2803 eis
1705 2733 1812 2804 etiam
1828 2731 2024 2818 subvenire,

453 2852 569 2948 quiin
586 2849 787 2923 carceribus
803 2849 994 2921 hominum
1013 2849 1115 2920 inviti
1132 2863 1317 2938 tenentur3
1335 2849 1400 2922 sed
1415 2851 1570 2922 maxima
1586 2864 1640 2922 est
1658 2848 1714 2922 bis
1730 2849 1938 2939 subvenire,
1957 2873 2027 2948 qua
2081 2873 2087 2888 ·

453 2997 490 3042 se
505 2985 633 3068 sponte
649 2971 796 3042 Domini
812 2969 1013 3042 carceribus
1031 2971 1071 3040 iu
1088 2984 1262 3068 perpetuo
1284 2971 1595 3068 mancipaverunt,
1618 2970 1737 3042 donec
1755 2996 1891 3069 sponso
1908 2995 2026 3045 occur·

454 3105 572 3161 rentes
587 3115 670 3162 cum
686 3091 765 3188 ipso
781 3091 916 3162 intrent
935 3089 981 3162 ad
1002 3091 1163 3188 nuptias,
1186 3091 1277 3161 sicut
1296 3089 1447 3189 ipsemet
1461 3115 1614 3188 sponsus
1631 3090 1756 3164 asserit
1770 3089 1913 3162 dioens'
1931 3119 1940 3162 ε
1962 3119 1979 3158 n
1990 3095 2028 3161 Et

358 3283 360 3288 ,
454 3234 533 3307 quae
547 3191 679 3308 paratae
695 3225 796 3282 eraut
812 3211 1035 3281 intraverunt
1051 3233 1135 3281 cum
1151 3233 1195 3280 eo
1212 3209 1259 3282 ad
1275 3209 1436 3308 nuptias,
1449 3238 1468 3279 n
1491 3225 1532 3281 ut
1548 3210 1631 3282 illuc
1647 3210 1813 3283 videlicet
1827 3213 1930 3308 quasi
1950 3235 2028 3282 uro

455 3353 512 3402 res
527 3329 668 3402 assidua
689 3328 956 3402 cohabitatione
978 3328 1082 3421 liant,
1106 3353 1186 3426 quae
1202 3328 1261 3401 hie
1283 3331 1475 3401 extiterunt
1494 3346 1668 3428 tauquam
1684 3353 1836 3428 sponsoe.
1856 3330 1910 3402 Ad
1926 3355 2027 3428 quarn

454 3450 601 3547 quidem
615 3449 811 3521 coelestium
825 3451 1032 3520 societatem
1047 3449 1255 3546 nuptiarum
1271 3464 1305 3519 et
1322 3463 1453 3521 aeterna
1468 3449 1710 3540 tabernacula,
1725 3451 1810 3548 ipsae
1820 3473 1886 3521 vos
1902 3437 2028 3521 meritis

455 3583 491 3639 et
507 3567 820 3640 intercessionibus
846 3566 917 3637 suis
942 3591 1082 3664 sponsae
1096 3591 1219 3638 seeum
1236 3566 1489 3658 introducant,
1511 3582 1552 3640 ut
1573 3568 1644 3640 illic
1664 3591 1730 3667 per
1753 3591 1813 3640 eas
1833 3567 2028 3667 percipiatis

455 3699 604 3774 aeterna,
627 3710 707 3783 quae
726 3685 785 3756 hic
806 3709 828 3756 a
847 3685 951 3757 vobis
974 3687 1173 3785 suscipiunt
1192 3686 1421 3785 temporalia,
1447 3701 1635 3786 prestante
1656 3688 1734 3786 ipso
1756 3711 1881 3760 earum
1900 3709 2027 3785 sponso

455 3789 613 3878 Domino
640 3811 722 3878 lesu
743 3806 904 3896 Christo,
922 3807 981 3880 cui
996 3821 1051 3880 est
1066 3805 1188 3880 honor
1206 3823 1243 3881 et
1263 3806 1395 3905 gloria,
1418 3833 1483 3905 per
1503 3807 1643 3882 infinita
1666 3806 1877 3880 saectrlorum
1893 3803 2025 3878 secula.

455 3931 580 3998 Amen.
876 3943 878 3950 ⁴

490 4153 498 4182 ¹
516 4155 612 4218 llattb„
623 4172 677 4222 cap.
690 4174 749 4218 xxv,
759 4174 782 4208 v.
794 4159 834 4230 36,
846 4185 875 4196 -
886 4157 895 4186 ¹
906 4158 980 4220 lbid.‚
990 4177 1011 4210 r.
1029 4164 1067 4210 to.
