4522 6104
358 603 363 616 ·
456 562 528 636 666
1054 563 1183 636 PETRl
1210 563 1441 637 summunt

506 730 525 768 6
543 706 761 775 Cessaverat.
784 731 802 768 6
821 701 929 790 Quod
946 699 1031 774 dicit
1049 731 1067 770 a
1087 717 1302 792 cessaverat,
1322 703 1495 800 expositio
1512 713 1566 773 est
1581 701 1656 796 ejus
1672 699 1771 797 quod
1788 699 1926 771 dixerat
1945 729 1963 768 6
1979 723 2034 772 16·

454 821 605 918 quievit,
628 852 646 890 n
665 848 711 895 ne
729 822 820 895 lortc
837 846 858 894 a
874 822 998 895 labore
1011 824 1130 922 ipsum
1146 823 1321 922 quievisse
1340 822 1609 894 arbitraremur.

506 969 524 1006 6
543 943 696 1012 Creavit.
714 970 732 1009 n
753 946 793 1012 In
813 939 949 1029 verbo,
965 956 1005 1012 ut
1026 941 1157 1014 laceret
1179 943 1216 1013 in
1237 965 1346 1040 opere
1357 939 1457 1037 juxta
1473 939 1580 1030 illud,
1606 969 1624 1008 6
1642 940 1782 1012 dixitet
1799 939 2032 1012 factasunt.»

453 1062 497 1128 Et
512 1060 658 1131 attende
675 1059 774 1158 quod
791 1084 867 1130 non
884 1061 933 1131 ita
949 1059 996 1131 de
1011 1061 1163 1158 septima
1177 1059 1249 1151 die,
1266 1061 1358 1131 sicut
1372 1060 1419 1132 de
1436 1060 1569 1131 caeteris
1581 1058 1724 1149 dicitur,
1738 1061 1823 1158 qnia
1839 1059 1971 1132 lactum
1984 1076 2035 1132 est

452 1203 599 1275 vespere
625 1194 660 1251 et
685 1205 791 1252 mane
812 1179 888 1251 dies
906 1181 1091 1278 septimus.
1111 1183 1191 1253 Non
1213 1181 1363 1252 enimin
1381 1205 1425 1252 eo
1446 1181 1536 1252 sicut
1552 1181 1589 1251 in
1606 1182 1739 1252 caeteris
1763 1179 1897 1278 aliquid
1914 1178 2033 1251 fecisse

452 1297 547 1366 Deus
564 1313 797 1384 memoratur,
816 1296 879 1369 scd
896 1312 1037 1368 tantum
1057 1298 1251 1394 quievisse,
1270 1322 1337 1370 nec
1357 1321 1469 1395 opera
1490 1296 1795 1396 multiplicationis
1812 1322 1892 1394 quae
1912 1297 1949 1367 in
1964 1295 2032 1369 hoc

451 1415 603 1511 septimo
621 1415 680 1487 die
698 1417 840 1488 luerunt
858 1416 1020 1514 quotidie
1038 1441 1152 1514 usque
1172 1417 1218 1488 ad
1239 1419 1588 1489 consummationem
1607 1417 1724 1490 saeeuli
1743 1415 2029 1514 complebuntur.

500 1537 681 1622 Quoniam
698 1561 739 1609 66
756 1563 834 1636 quac
850 1537 1020 1635 praedicta
1035 1553 1118 1610 sunt
1130 1538 1230 1634 juxta
1248 1537 1407 1610 radicem
1426 1538 1582 1610 historiae
1601 1563 1642 1610 ac
1657 1540 1845 1612 veritatem
1866 1538 1915 1608 rei
1931 1550 2032 1632 gestae

451 1669 627 1748 quantum
642 1654 817 1727 valuimus
834 1657 1014 1754 prosecuti
1038 1681 1178 1746 sumus,
1203 1656 1305 1753 juvat
1330 1655 1456 1728 morali
1478 1681 1623 1754 quoque
1639 1681 1681 1730 ac
1701 1655 1935 1754 postmodnm
1956 1677 2031 1750 my·

450 1773 538 1843 stica
552 1775 776 1870 expositione
794 1799 861 1846 nos
877 1775 1004 1847 eadem
1021 1777 1239 1874 perquirere.
1258 1775 1401 1847 Moralis
1421 1776 1542 1873 itaque
1559 1775 1689 1847 dicitur
1704 1776 1879 1872 expositio
1896 1775 2032 1871 quotics

451 1915 493 1961 ea
509 1916 587 1988 quae
603 1890 774 1966 dicuntur
796 1893 842 1965 ad
865 1894 1139 1967 aedificationem
1156 1919 1299 1967 11161661
1320 1895 1370 1968 sic
1393 1895 1630 1994 applicantur,
1649 1896 1740 1967 sicut
1755 1897 1793 1966 in
1812 1894 1918 1966 nobis
1937 1895 2030 1967 vela

450 2010 556 2082 nobis
573 2011 649 2083 fieri
664 2012 800 2085 habent
817 2038 896 2113 quae
912 2014 960 2085 66
986 2014 1137 2087 salutem
1154 2015 1353 2087 necessaria
1374 2030 1459 2086 sunt
1480 2016 1598 2105 bona,
1616 2015 1725 2087 veluti
1745 2039 1859 2111 quum
1874 2013 1922 2086 de
1943 2013 2028 2104 fide,

449 2155 530 2229 spe,
558 2149 595 2204 et
618 2135 783 2224 caritate,
810 2133 867 2206 vel
892 2133 999 2206 bonis
1024 2135 1194 2232 operibus
1219 2136 1440 2234 expositione
1465 2151 1588 2208 nostra
1612 2135 1784 2208 lectorem
1811 2136 2028 2208 instruimus.

449 2251 594 2346 Mystica
606 2277 692 2324 vero
718 2253 849 2326 dicitur
874 2255 1066 2352 expositio,
1085 2279 1198 2352 quum
1219 2279 1262 2326 ea
1280 2253 1496 2352 praefigurari
1516 2253 1706 2344 docemus,
1731 2279 1810 2352 quae
1833 2279 1853 2326 a
1871 2267 2030 2352 tempore

449 2373 567 2468 gratiae
583 2397 648 2469 per
663 2372 844 2446 Christum
856 2375 996 2448 fuerant
1009 2373 1312 2464 consummanda,
1330 2375 1387 2447 vel
1403 2399 1637 2473 quaecumque
1653 2374 1803 2446 historia
1819 2374 1936 2446 lutura
1946 2397 2031 2472 prae·

449 2490 579 2584 signari
594 2490 806 2564 ostenditur.

1036 2687 1040 2696 '
1136 2702 1344 2752 1166111116.

497 2853 668 2925 Confusio
691 2853 751 2926 illa
773 2854 852 2926 coeli
876 2870 912 2927 et
934 2872 1036 2929 terrae
1056 2859 1155 2956 prius
1180 2873 1299 2930 creata
1315 2860 1351 2930 in
1374 2857 1539 2948 materia,
1569 2872 1605 2930 et
1629 2857 1793 2930 nondum
1815 2860 1852 2930 in
1875 2877 2029 2935 creatam

447 2972 603 3067 partium
630 2971 899 3047 distinctionem
926 2975 1088 3065 redacta,
1119 2976 1231 3047 homo
1255 2992 1308 3049 est
1332 3002 1374 3049 611
1394 2978 1569 3074 superiori
1592 2990 1628 3049 et
1652 2977 1812 3050 inferiori
1834 2978 2028 3054 substantia

447 3104 634 3178 constans,
654 3089 692 3160 id
709 3106 762 3162 est
778 3116 820 3163 ex
836 3093 955 3166 anima
972 3107 1007 3164 et
1027 3117 1181 3191 corpore
1200 3122 1208 3166 :
1228 3093 1292 3167 sed
1307 3093 1426 3167 adhuc
1442 3097 1544 3194 quasi
1565 3095 1729 3168 informis
1745 3112 1780 3168 et
1796 3097 1959 3171 moribus
1975 3101 2027 3171 in·

447 3211 686 3306 compositus,
706 3210 871 3283 nondum
893 3236 1001 3285 carne
1021 3214 1161 3312 spiritui
1187 3215 1278 3286 sicut
1298 3229 1442 3312 oportet
1464 3215 1669 3312 subjugata,
1692 3218 1766 3289 imo
1793 3219 1906 3314 magis
1928 3220 2028 3317 spiri·

446 3325 498 3395 tui
515 3324 745 3418 dominante,
769 3344 876 3426 atque
897 3329 946 3402 ita
967 3329 1168 3402 naturalem
1189 3330 1356 3404 ordinem
1373 3332 1618 3405 confundente
1635 3357 1676 3406 ac
1692 3335 1943 3432 perturbante,
1963 3338 2027 3410 do·

447 3468 514 3516 nec
523 3444 643 3518 divina
660 3449 770 3542 gratia
785 3448 977 3520 animalem
992 3448 1091 3519 hunc
1107 3449 1295 3521 hominem
1307 3451 1344 3521 in
1359 3451 1553 3551 spiritalem
1564 3455 1753 3526 transferat
1764 3468 1872 3554 atque
1885 3456 2025 3544 formet,
2134 3439 2136 3446 ,

446 3561 538 3630 sicut
553 3560 649 3633 illam
666 3565 768 3661 quasi
791 3565 935 3636 brutam
956 3581 1063 3662 atque
1085 3566 1272 3638 confusam
1288 3567 1549 3642 elementorum
1569 3575 1774 3668 congeriem
1797 3575 2026 3672 postmodum

448 3677 642 3752 ordinavit.
662 3683 727 3752 Cui
749 3681 915 3756 videlicet
940 3684 1164 3775 confusioni,
1189 3685 1269 3784 quae
1289 3712 1355 3785 per
1376 3689 1528 3762 fluidum
1547 3690 1764 3764 elementum
1783 3716 1885 3793 aquae
1902 3697 2027 3768 iterum

447 3799 631 3896 figuratur,
650 3803 793 3899 spiritus
817 3804 1010 3895 incumbit,
1039 3805 1127 3878 dum
1146 3806 1192 3879 de
1207 3807 1357 3882 homine
1371 3809 1490 3883 661166
1511 3813 1656 3885 66116611
1676 3814 1870 3914 spiritalem
1891 3815 2027 3890 efficere

446 3919 569 3993 divina
584 3920 728 3996 bonitas
751 3924 911 4023 disponit
931 3955 938 3998 :
959 3942 995 3998 et
1012 3928 1063 3999 sic
1080 3927 1353 4024 quodammodo
1376 3931 1474 4004 illam
1497 3933 1746 4008 confusionem
1763 3961 1865 4010 more
1884 3941 1958 4010 avis
1975 3939 2024 4010 in·

445 4036 646 4111 cumbeutis
663 4039 776 4130 levet,
796 4057 837 4113 ut
853 4042 939 4115 inde
952 4045 1054 4142 quasi
1070 4045 1209 4143 pullum
1224 4048 1418 4145 producat,
1438 4050 1526 4122 dum
1537 4067 1695 4125 veterem
1710 4053 1829 4126 adbuc
1844 4055 2026 4128 hominem

445 4157 480 4226 in
499 4181 636 4229 novum
652 4160 848 4233 reformare
866 4178 981 4261 parat.
1001 4165 1110 4250 Quod
1134 4165 1281 4263 quidem
1297 4167 1406 4240 efficit
1425 4171 1543 4268 primo
1562 4171 1679 4244 lucem
1696 4171 1779 4245 fidei
1797 4175 2023 4272 inspirando,

444 4278 678 4374 postmodum
694 4305 814 4379 spem,
833 4280 965 4354 deinde
982 4285 1185 4374 caritatem,
1201 4287 1349 4360 tandem
1359 4291 1397 4360 in
1414 4291 1584 4388 operibus
1598 4293 1753 4366 caritatis
1768 4317 2024 4368 6616666166-

444 4397 594 4488 mando,
611 4414 739 4471 utnon
753 4400 871 4472 solum
887 4401 968 4491 sibi,
988 4403 1052 4476 sed
1066 4397 1174 4478 etiam
1188 4407 1263 4479 aliis
1279 4409 1392 4498 vivat,
1407 4435 1474 4483 nec
1492 4429 1630 4484 tantum
1646 4414 1683 4484 in
1697 4437 1735 4484 se
1750 4413 1870 4485 bonus
1887 4416 1952 4504 sit,
1969 4440 2024 4488 ve·

444 4540 526 4589 rum
535 4519 644 4590 etiam
658 4518 746 4592 alios
758 4518 875 4594 bonos
891 4521 1022 4595 efficiat
1032 4539 1106 4598 tam
1121 4525 1284 4624 exemplo
1297 4553 1461 4627 operum,
1479 4531 1535 4603 vel
1546 4531 1728 4606 beneficiis
1745 4532 1901 4624 collatis,
1920 4559 2022 4632 quam

444 4636 609 4732 doctrina
625 4641 900 4738 predicationis.
918 4647 1059 4718 Creatio
1077 4648 1198 4745 itaque
1215 4648 1303 4721 lucis
1318 4650 1530 4726 illuminatio
1553 4669 1606 4726 est
1627 4655 1727 4746 fidei,
1752 4681 1861 4753 quarn
1877 4658 2023 4756 Spiritus

443 4772 586 4830 sanctus
602 4758 659 4831 his
674 4761 804 4858 quibus
822 4763 898 4835 vult
915 4765 1092 4864 inspirans
1109 4765 1298 4839 aedilicium
1316 4771 1443 4842 animae
1458 4773 1615 4870 spiritale
1631 4774 1677 4846 ab
1690 4775 1762 4847 1166
1780 4774 1929 4848 inchoat
1946 4777 2022 4849 lun·

443 4877 632 4972 damento,
651 4884 727 4954 sine
741 4909 827 4982 qun,
846 4899 886 4958 ut
903 4887 951 4959 ait
967 4888 1177 4986 Apostolus,
1196 4891 1416 4988 impossibile
1432 4909 1485 4965 est
1501 4893 1641 4992 placere
1658 4901 1747 4968 Deo.
1763 4897 1868 4968 Unde
1885 4911 1921 4969 et
1933 4897 2020 4970 bene

443 5013 526 5095 post
543 5003 762 5075 creationem
779 5006 876 5078 illam
893 5007 972 5079 coeli
989 5024 1024 5081 et
1041 5024 1143 5081 terrae
1158 5009 1276 5083 lucem
1292 5011 1422 5084 saetam
1438 5039 1514 5087 csse
1531 5017 1708 5116 propheta
1724 5019 1843 5090 statim
1864 5043 2018 5092 comme·

442 5135 572 5193 morat.
593 5125 677 5194 Post
701 5122 811 5198 fidem
827 5140 947 5200 autem
963 5153 1044 5228 spes
1060 5131 1233 5229 sequitur,
1252 5157 1331 5230 quae
1350 5132 1537 5208 bominem
1557 5138 1657 5234 prius
1678 5163 1743 5236 per
1764 5141 2017 5238 concupiscenf
