4486 6100
506 633 578 707 298
1107 625 1235 697 PETRI
1264 624 1496 698 suffitiant

507 774 752 850 verumetiam
769 765 1009 868 quorumdam
1025 765 1244 861 hymnorum
1262 767 1542 865 compositores,
1563 764 1620 837 vel
1635 787 1680 837 ex
1695 763 1841 863 propria
1857 762 1959 837 animi
1976 787 2058 839 com-

506 897 701 1000 punctione
717 891 852 964 alienos
868 900 1079 988 pensantes,
1094 887 1152 960 vel
1163 888 1371 986 improvidae
1387 888 1507 960 studio
1524 886 1663 987 pietatis
1681 883 1850 960 extollere
1866 899 1996 958 sanctos
2008 913 2058 960 cu·

505 1025 662 1124 pientes,
696 1017 734 1087 in
764 1012 943 1110 aliquibus
970 1012 1020 1082 ita
1047 1009 1198 1084 modum
1223 1025 1470 1103 excesserunt,
1493 1025 1533 1084 ut
1549 1023 1673 1082 contra
1690 1011 1806 1109 ipsam
1823 1023 1976 1082 nostram
1991 1036 2061 1084 con·

382 1219 386 1230 ,
506 1139 690 1216 scientiam
705 1133 823 1232 aliqua
840 1134 878 1204 in
897 1130 982 1232 ipsis
1002 1131 1128 1230 saepius
1150 1129 1373 1230 proferamus
1394 1146 1564 1231 tanquam
1589 1156 1610 1203 a
1634 1131 1782 1204 veritate
1793 1153 1937 1232 prorsus
1952 1127 2057 1206 aliena

506 1255 709 1332 Paucissimi
738 1255 872 1354 quippe
899 1265 983 1323 sunt
1013 1250 1076 1348 qui
1102 1250 1413 1351 contemplationis
1438 1253 1568 1326 ardore
1594 1252 1651 1325 sel
1679 1265 1910 1352 peccatorum
1937 1273 2061 1324 suorum
2089 1263 2096 1280 '

430 1393 439 1410 ‘
507 1377 786 1478 compunctione
809 1373 933 1446 flentes
959 1393 1002 1442 ae
1028 1384 1228 1468 gementes,
1256 1370 1316 1443 illa
1332 1371 1439 1470 digne
1461 1371 1604 1447 valeant
1620 1372 1811 1446 decantare
1828 1397 1870 1444 :a
1887 1373 2003 1443 Preces
2017 1395 2064 1468 ge·

507 1514 644 1574 mentes
655 1497 680 1570 l.
694 1497 731 1568 d.
746 1521 783 1593 q.
801 1500 864 1594 p.¹,
891 1523 908 1561 n
926 1509 962 1566 et
973 1493 1125 1565 iterum:
1147 1521 1165 1562 κ
1186 1475 1334 1566 Noslros
1348 1496 1429 1593 pius
1445 1519 1529 1568 cum
1542 1496 1687 1569 canticis
1699 1495 1724 1568 f.
1741 1495 1779 1570 b.
1796 1495 1854 1584 s.',
1875 1521 1894 1562 s
1911 1506 1945 1565 et
1959 1491 2064 1567 similia

448 1705 454 1718 ι
483 1597 486 1604 ’
506 1619 686 1720 quaesicut
701 1616 821 1689 electis
834 1615 883 1688 ita
901 1613 1024 1713 paucis
1046 1613 1276 1686 conveniunt.
1296 1615 1377 1702 Qua
1392 1615 1502 1690 etiam
1525 1615 1803 1717 praesumptione
1822 1611 1965 1710 singulis
1982 1613 2066 1684 annis

505 1742 695 1814 decantare
713 1762 788 1810 non
813 1761 1000 1810 vereamm·
1020 1763 1028 1807 ε
1047 1765 1066 1805 n
1087 1735 1256 1824 Martiae,
1276 1737 1551 1838 parapostolis,
1569 1767 1588 1807 n
1607 1737 1666 1811 vel
1692 1735 1853 1836 singulos
1871 1733 2067 1808 confessores

506 1859 741 1933 immoderate
771 1858 817 1931 de
844 1857 1022 1930 miraculis
1047 1855 1285 1956 glorificantes
1308 1857 1492 1931 dicamus:
1511 1889 1530 1929 n
1552 1858 1606 1932 Ad
1630 1881 1772 1931 sacrum
1794 1858 1897 1955 cujus
1913 1854 2066 1928 tumulum

505 1983 710 2079 frequenter
722 1976 883 2052 membra
894 1978 1129 2076 languentum
1146 1977 1259 2050 modo
1274 1979 1439 2072 sanitati,
1455 1994 1540 2072 eto,
1561 2009 1579 2048 n
1597 1975 1764 2053 discretio
1777 1993 1895 2051 vestra
1907 1975 2066 2074 diiudicet.

506 2106 568 2175 His
585 2100 641 2174 vel
658 2099 901 2172 consimilibus
914 2115 1112 2173 vestrarum
1123 2098 1413 2198 persuasionibus
1424 2102 1604 2176 rationum
1618 2099 1665 2173 ad
1677 2097 1889 2173 scribendos
1900 2121 1964 2197 per
1972 2108 2070 2168 totum

506 2223 591 2294 anni
608 2217 783 2292 circulum
799 2218 954 2316 hymnos
973 2220 1136 2293 animum
1155 2234 1319 2294 nostrum
1337 2235 1461 2295 vestra
1476 2220 1675 2295 reverentia
1692 2219 1890 2293 sanctitatis
1904 2212 2067 2316 compulit.

508 2346 546 2414 ln
559 2341 632 2414 boc
648 2341 768 2438 itaque
785 2339 874 2412 mihi
898 2340 1001 2413 vobis
1029 2339 1331 2440 supplicantibus,
1350 2367 1491 2442 sponsae
1514 2341 1644 2416 Christi
1670 2341 1728 2415 vel
1751 2339 1912 2433 ancilla,
1936 2351 1970 2412 et
1983 2357 2072 2408 nose

505 2483 679 2534 converso
692 2459 795 2532 vobis
807 2459 1070 2559 supplicamus,
1092 2475 1131 2531 ut
1143 2460 1243 2558 quod
1256 2462 1387 2536 nostris
1407 2486 1501 2535 onus
1517 2463 1735 2564 imposuistis
1759 2459 1942 2550 humeris,
1962 2467 2072 2529 vestm

505 2607 586 2653 rum
613 2580 818 2653 orationum
844 2579 1011 2653 manibus
1036 2580 1244 2673 sublevetis,
1273 2597 1314 2654 ut
1340 2584 1405 2681 qui
1431 2584 1584 2657 seminat
1599 2598 1635 2656 et
1652 2582 1715 2682 qui
1732 2582 1855 2672 metit,
1886 2575 1989 2652 simul
2004 2595 2074 2672 ope·

505 2715 623 2773 rantes
636 2699 898 2798 congaudeant.

874 3036 898 3090 1.
1358 3039 1401 3094 Fit
1414 3040 1552 3114 pendere,
1566 3058 1715 3112 mensura,
1730 3059 1867 3112 numero,

576 3173 630 3227 U.
868 3175 873 3185 .
1355 3125 1398 3185 Ne
1412 3131 1520 3188 vacillet
1533 3132 1716 3208 inquoquaun
1727 3134 1811 3189 ratio.

603 3191 779 3228 niversorum
792 3173 936 3244 condatur,

576 3263 765 3318 Conditorum
779 3263 946 3337 dispositor,
1043 3337 1047 3346 Ι
1392 3277 1605 3353 Opusdignurn
1616 3279 1730 3354 opifice,

542 3350 678 3405 Universa
692 3361 719 3406 te
734 3351 849 3406 laudaut
861 3350 988 3419 condita,
1390 3367 1559 3438 Pulchrum,
1575 3367 1783 3438 indissolubile,

542 3438 727 3496 Gloristcant³
739 3451 838 3495 cuncta
849 3437 994 3514 disposita.
1355 3457 1400 3514 Ad
1414 3459 1555 3532 exemplar
1568 3459 1598 3516 iit
1612 3458 1866 3532 perfectissimum,

577 3589 592 3644 Ι
854 3589 860 3601 .
906 3590 912 3600 .
1353 3546 1446 3605 Instar
1456 3559 1557 3606 cuncta
1567 3548 1737 3606 concludens
1750 3551 1907 3625 optimum.

594 3599 772 3644 astrumento
786 3607 842 3644 non
853 3589 1000 3662 sndtgens,

578 3682 677 3756 Neque
689 3681 783 3736 thema
796 3679 963 3748 discutiens,
1391 3694 1449 3752 Nec
1462 3695 1572 3752 mino„
1584 3695 1744 3769 disponiiu,

541 3771 606 3826 Solo
620 3781 720 3827 cuncta
735 3769 857 3844 comples
869 3771 998 3844 imperio.
1392 3785 1520 3844 nonime
1531 3805 1615 3862 qm,
1629 3785 1774 3844 mffim,
1842 3815 1844 3822 .

542 3861 618 3916 Dicis
634 3885 640 3916 ι
658 3862 754 3930 Fiant,
767 3871 796 3916 et
810 3853 882 3916 liunt
895 3861 981 3916 illico.
1358 3874 1506 3952 Quidquid
1520 3876 1591 3934 mle
1605 3877 1679 3952 gerit
1691 3875 1841 3951 iniquitas,

577 4015 685 4069 Auctor
696 4030 726 4068 es
738 4014 996 4088 praestantissimus,
1356 3965 1470 4022 summ
1484 3965 1830 4041 benedsspi’nllfflqulffl·

578 4102 779 4177 Omnipotens,
795 4104 993 4173 nonaemulus3
1389 4116 1613 4192 sitperpesDeo
1626 4115 1730 4190 gloria,

540 4193 665 4249 Tantum
677 4211 744 4266 01'80
757 4211 817 4267 (11¹ae
828 4193 894 4248 sacis
907 4195 1017 4262 (mnia,
1390 4207 1432 4262 Es
1446 4225 1503 4282 quo
1515 4216 1653 4282 suntque
1667 4215 1734 4262 sunt
1745 4207 1854 4262 omnia.

540 4285 685 4356 Qfflfliuffl
698 4271 779 4338 ‘lm
791 4282 858 4338 s³⁰l³
869 4284 981 4340 mimia·
1357 4298 1453 4370 Ipsum
1466 4308 1565 4353 cuncta
1577 4315 1723 4371 perquem
1735 4307 1801 4352 sunt
1815 4297 1987 4372 praedicent,

575 4434 663 4503 Cujus
675 4433 750 4488 enim
760 4431 900 4505 judicium
1356 4388 1412 4462 lpsi
1425 4405 1535 4461 semper
1546 4389 1574 4444 iu
1588 4405 1645 4462 quo
1657 4396 1724 4444 sunt
1732 4385 1875 4460 jubilent.

576 4523 640 4578 Non
653 4533 747 4579 censet
759 4521 839 4578 illum
853 4523 1004 4596 imperium

540 4613 597 4684 Qui
611 4613 790 4668 commodum
806 4615 926 4668 scienter
938 4613 1095 4686 subtrahit,

541 4702 625 4773 Quod
639 4721 689 4757 nec
702 4714 797 4776 gravat
812 4703 924 4759 tandem
939 4721 989 4759 uec
1002 4705 1103 4760 minuit
1113 4713 1134 4760 ⁴.
1679 4703 1718 4760 11.

1941 4499 2031 4551 Ausa.

544 4875 548 4880 v
574 4849 621 4904 Fit
632 4867 700 4924 crgo
713 4825 835 4904 mundus
847 4851 984 4924 optimus,
1283 4895 1286 4901 ,
1390 4855 1478 4925 Deus,
1491 4855 1541 4931 qui
1551 4864 1616 4910 tuos
1627 4853 1723 4910 erudis

573 4942 614 4996 Ac
627 4941 766 5013 perlectus
779 4942 808 4997 in
824 4941 961 4997 omnibus
973 4965 981 5011 ;
1388 4946 1633 5002 Testamentomm
1645 4944 1770 5020 paginis,

538 5159 671 5212 ¹«Preces
688 5171 813 5226 gementes
824 5160 1068 5224 fundimus3dimitts
1082 5163 1275 5231 qnodpsccsvi·
1315 5164 1403 5232 ilymn.
1422 5164 1449 5215 S.
1462 5163 1547 5218 Ambr.
1564 5163 1769 5228 -'Glorittsttt
1783 5164 1856 5219 cod.
1872 5165 1956 5222 Bru.
1974 5197 2005 5206 -
2020 5164 2030 5192 ⁴
2044 5159 2100 5215 0⁰⁶·

504 5259 564 5295 mus.
578 5245 691 5312 siiymn.
701 5245 728 5298 S.
741 5246 826 5299 Ambr.
837 5245 887 5286 -'
900 5266 911 5292 ι
924 5247 1005 5301 Fletus
1023 5247 1127 5316 benigne
1143 5249 1274 5316 suscipe.»
1316 5247 1390 5302 brus.
1405 5249 1530 5302 luatur.
1792 5275 1795 5281 ,
