4644 6112
947 619 1183 694 EPISTOLAE.
1803 623 1841 692 ll

263 757 585 830 transcenderent¹.·
606 755 701 844 Quid
719 756 896 854 denique?
917 760 1035 833 nullus
1053 785 1073 832 a
1088 761 1225 860 cupidis
1244 762 1464 837 intermissus
1480 777 1534 836 est
1551 763 1681 860 gradm
1700 767 1848 854 amoris,

262 888 299 948 et
324 878 355 948 si
377 875 464 974 quid
483 875 667 952 insolitum
691 897 792 951 arnor
815 879 1014 976 excogitare
1033 880 1166 978 potnit,
1194 894 1246 951 est
1270 881 1444 959 additum.
1469 885 1513 954 Et
1534 903 1608 980 quo
1629 882 1771 964 minus¹
1788 885 1851 956 ista

263 995 440 1071 ineramus
452 995 589 1094 experti
599 994 743 1092 gaudia,
757 995 938 1070 ardentius
952 997 1018 1070 illis
1030 997 1296 1090 insistebamus,
1310 1015 1346 1072 et
1356 1001 1473 1074 miuus
1486 1001 1523 1074 in
1539 1000 1719 1075 fastidium
1732 1017 1852 1076 verte-

264 1115 404 1190 bantur.
423 1119 468 1190 tn
483 1141 557 1214 quo
576 1139 634 1188 me
645 1115 799 1215 anplius
811 1115 887 1188 haec
899 1117 1063 1216 voluptas
1075 1133 1333 1216 occupaverat,
1347 1120 1467 1190 minus
1479 1119 1713 1219 philosophiae
1724 1145 1851 1194 vacare

263 1251 447 1336 poteram,
469 1251 505 1308 et
521 1235 652 1311 scholis
673 1261 821 1334 operam
844 1235 941 1310 dare.
966 1237 1186 1312 Taediosum³
1202 1239 1289 1310 mibi
1312 1238 1541 1311 veliementer
1558 1255 1632 1312 erat
1650 1240 1696 1312 ad
1713 1241 1851 1316 scholas
1877 1242 1882 1256 '

259 1355 471 1454 procedere,
490 1355 546 1428 vel
558 1357 594 1432 in
608 1355 660 1430 eis
673 1355 824 1447 morari;
840 1357 972 1455 pariter
988 1371 1024 1428 et
1034 1357 1284 1448 laboriosum,
1301 1383 1413 1454 quum
1427 1370 1619 1430 nocturnas
1633 1361 1747 1433 amori
1766 1362 1851 1458 vigi·

259 1475 338 1563 lias,
364 1490 400 1548 et
421 1474 566 1548 diurnas
592 1471 716 1549 studio
732 1497 980 1550 conservarem
992 1480 1012 1546 ⁸.
1034 1480 1152 1564 Quem
1178 1478 1284 1548 etiarn
1306 1479 1353 1548 ita
1375 1475 1612 1573 negligentem
1634 1493 1669 1548 et
1690 1479 1851 1577 tepidum

260 1594 364 1666 lectio
386 1603 472 1666 tnnc
492 1593 666 1684 habebat,
683 1609 724 1666 ut
737 1595 812 1692 jam
833 1595 921 1668 nihil
940 1621 983 1668 ex
1002 1597 1161 1693 ingenio,
1179 1597 1241 1670 sed
1260 1622 1303 1670 ex
1318 1621 1383 1670 usu
1404 1612 1532 1673 cuncta
1545 1596 1760 1695 prolerrem3
1783 1625 1850 1674 nec

176 1767 177 1770 =
256 1716 331 1810 jam
349 1715 414 1788 nisi
431 1715 597 1790 recitator
616 1715 848 1813 pristinorum
867 1739 981 1788 essem
999 1717 1245 1808 inventorum,
1266 1732 1303 1790 et
1319 1719 1349 1792 si
1366 1742 1438 1814 qua
1455 1717 1614 1792 invenire
1636 1717 1757 1790 liceret
1775 1745 1849 1793 car-

260 1835 379 1924 mina,
405 1849 522 1908 essem
548 1835 741 1926 amatoria,
772 1858 848 1908 non
871 1835 1106 1935 philosophiae
1129 1851 1263 1912 secreta
1280 1839 1301 1907 ⁶.
1330 1841 1493 1923 Quorum
1519 1838 1626 1908 etiarn
1651 1839 1849 1912 carminum

261 1955 432 2052 pleraque
442 1955 559 2028 adhuc
572 1956 609 2030 in
625 1956 762 2047 multis,
777 1957 868 2029 sicut
885 1971 920 2030 et
933 1957 1008 2055 ipse
1020 1958 1137 2047 nosti,
1154 1957 1422 2054 frequentantur
1438 1971 1474 2028 et
1488 1956 1724 2030 decantantur
1737 1961 1849 2053 regio-

264 2076 384 2166 nibus,
399 2077 444 2150 ab
456 2077 511 2150 his
523 2077 676 2153 maxime
687 2101 780 2175 quos
790 2077 862 2148 vita
872 2077 978 2152 simul
989 2077 1173 2152 oblectata
1189 2082 1369 2166 Quantam
1385 2092 1505 2153 autern
1522 2079 1742 2168 moestitiam,
1758 2103 1849 2176 quos

263 2198 431 2290 gemitus,
447 2221 526 2294 quae
542 2195 699 2270 nunna
714 2198 827 2278 nostri
838 2221 944 2296 super
954 2196 1025 2270 boc
1038 2196 1216 2270 scholares
1229 2211 1450 2270 assumerent
1458 2197 1481 2286 ⁸,
1496 2195 1558 2270 ubi
1575 2197 1738 2270 videlicet
1756 2198 1849 2270 lianc

261 2315 370 2389 animi
388 2317 459 2390 mei
477 2316 772 2416 nucupationem,
793 2317 867 2390 imo
886 2316 1194 2415 perturbationem
1216 2330 1490 2414 praesenserunt,
1509 2339 1584 2388 non
1603 2331 1657 2388 est
1673 2317 1773 2390 facile
1792 2317 1848 2388 vel

260 2437 425 2533 cogitare.
455 2441 591 2512 Paucos
612 2438 709 2512 enim
728 2436 804 2533 jam
832 2461 889 2510 ree
913 2453 986 2510 tarn
1011 2437 1195 2515 manifesta
1218 2435 1383 2534 decipere
1409 2451 1569 2535 poterat,
1597 2461 1638 2508 ac
1667 2437 1847 2511 nerninem

259 2557 410 2655 (credo)
424 2572 551 2656 praeter
568 2581 669 2646 eum,
686 2556 733 2630 ad
747 2557 848 2651 cujus
862 2558 1095 2653 ignorruniam
1112 2557 1266 2628 maxime
1282 2554 1319 2627 id
1332 2555 1528 2654 spectabat,
1550 2557 1669 2654 ipsum
1686 2555 1849 2630 videlicet

259 2677 384 2777 puella
401 2677 630 2751 avuncultun.
652 2676 718 2748 Cui
735 2675 883 2772 quidem
901 2675 973 2749 boe
989 2698 1102 2773 quum
1127 2699 1148 2746 a
1162 2673 1345 2750 nonnullis
1362 2695 1626 2771 nonnunquam
1645 2692 1847 2772 suggestum

230 2823 234 2831 ·
259 2795 398 2886 suisset,
418 2795 564 2868 eredere
581 2819 657 2872 non
675 2809 948 2892 poterat,tum‚
965 2809 1127 2892 utsupra
1147 2793 1305 2882 memini,
1327 2807 1475 2891 propter
1487 2793 1762 2868 immoderatam
1777 2821 1848 2867 sun

260 2917 377 3014 neptia
392 2916 601 3004 anicinum,
620 2930 700 2990 tum
716 2915 824 2988 etiam
841 2928 989 3012 propter
1001 2925 1171 2996 anteactae
1184 2912 1263 2986 vitm
1281 2937 1368 2989 mee
1382 2912 1638 2992 continentiam
1651 2915 1842 3009 cognitam.

260 3039 342 3108 Non
360 3035 457 3108 euim
470 3035 570 3108 nette
587 3034 634 3106 de
645 3035 715 3124 his,
730 3057 822 3132 quos
833 3033 1031 3131 plurimum
1041 3032 1234 3129 diligimus,
1251 3030 1509 3130 turpitudinem
1525 3032 1757 3129 suspicamur.
1774 3037 1845 3106 Nec

259 3156 297 3226 in
317 3155 519 3228 vehementi
531 3153 721 3228 dilectiom
741 3155 854 3252 turpis
868 3153 1079 3252 suspicionis
1096 3151 1193 3226 labes
1215 3165 1332 3249 potest
1351 3153 1476 3233 inesse.
1504 3150 1607 3225 Unde
1627 3165 1663 3223 et
1681 3150 1771 3224 illud
1793 3168 1844 3226 est

261 3275 354 3348 beati
368 3273 574 3368 Hieronymi
586 3273 624 3346 iu
641 3273 792 3370 epistola
803 3272 854 3344 ad
864 3271 1134 3347 Sabim'arnnn':
1155 3299 1173 3340 u
1187 3269 1351 3344 Solemm
1363 3268 1456 3344 mala
1471 3269 1602 3344 domus
1616 3285 1744 3342 nostrae
1758 3273 1846 3344 sciro

260 3393 453 3483 novissimi,
467 3417 509 3464 ae
518 3392 762 3465 liberorumne
771 3393 965 3490 conjugum
974 3392 1071 3479 vitia,
1084 3390 1209 3462 ricinis
1217 3389 1439 3478 canentibus,
1452 3391 1628 3486 ignorare.
1638 3415 1657 3456 u
1669 3389 1846 3488 Sedquod

261 3517 450 3590 novissime
468 3515 594 3604 scitur,
623 3515 747 3614 utique
768 3515 850 3587 sciri
868 3513 1086 3611 quandoque
1105 3513 1301 3610 contingit,
1323 3527 1359 3587 et
1381 3511 1481 3608 quod
1505 3533 1633 3582 omnes
1651 3509 1848 3607 depreben-

262 3639 368 3728 dunt,
395 3662 471 3710 non
493 3651 548 3710 est
568 3635 668 3710 facile
693 3659 807 3710 uuum
826 3636 947 3708 latere.
963 3636 1028 3708 -Sic
1046 3635 1164 3730 itaque
1182 3633 1344 3732 pluribus
1368 3632 1520 3706 evolutis
1539 3631 1720 3704 mensibus
1747 3633 1846 3704 etde

262 3759 365 3834 nobis
373 3755 512 3833 accidit.
528 3760 560 3827 0
574 3771 729 3853 quantus
745 3757 781 3836 in
799 3755 872 3830 hoc
888 3753 1142 3853 cognoscendo
1159 3753 1264 3827 dolor
1281 3749 1466 3827 arunctdil
1486 3765 1643 3850 quantus
1656 3751 1693 3824 in
1708 3775 1847 3850 separa·

261 3883 359 3952 tione
387 3879 585 3952 amantium
610 3875 717 3952 dolor
744 3875 924 3974 ipecrnml
959 3889 1093 3972 quanta
1116 3897 1196 3948 sum
1223 3873 1473 3968 erubescentia,
1497 3870 1685 3947 contusus!
1713 3883 1845 3970 quanta

263 3997 475 4094 contritione
497 4021 604 4095 super
620 3995 811 4076 afflictione
824 3993 950 4097 puellae
961 4018 1041 4068 snm
1059 3989 1228 4068 afflictus!
1249 4007 1403 4088 quantos
1415 3992 1578 4066 moeroris
1595 3991 1670 4089 ipsa
1686 3990 1732 4064 do
1744 4015 1844 4062 vere·

264 4116 395 4190 cundia
411 4141 492 4190 mea
507 4115 697 4196 substinuit
707 4113 831 4188 metus!
860 4119 991 4188 Neuter
1007 4112 1109 4210 quod
1128 4111 1211 4202 sibi,
1232 4110 1297 4184 sed
1313 4111 1412 4209 quod
1432 4111 1533 4186 alteri
1549 4111 1743 4207 contigerat
1756 4135 1844 4208 que·

261 4236 414 4310 rebatur.
443 4241 574 4310 Neuter
595 4260 679 4326 stae,
699 4234 764 4314 sed
783 4233 927 4314 alteriue
945 4226 1133 4332 plangebat
1149 4231 1393 4306 incommoda.
1420 4232 1604 4330 Separatio
1625 4245 1744 4304 autern
1768 4229 1843 4302 lroec

260 4379 452 4454 corporum
465 4357 619 4432 maritata
629 4370 704 4428 erat
714 4355 917 4454 copulatio¹⁰
927 4356 1144 4445 animorum,
1160 4369 1196 4426 et
1206 4367 1331 4450 negata
1341 4351 1396 4424 sui
1407 4353 1511 4449 copia
1522 4350 1673 4448 amplius
1682 4374 1842 4427 amorem

260 4475 496 4564 accendebat,
520 4491 555 4550 et
572 4473 794 4548 verecundie
808 4489 984 4554 causante
999 4475 1075 4570 jana
1087 4473 1205 4572 passio
1222 4470 1533 4544 inverecundiores
1554 4467 1744 4556 reddebat,
1767 4481 1843 4540 tan-

260 4607 367 4690 toque
385 4594 607 4666 verecundiae
620 4593 738 4665 minor
749 4575 910 4666 estiterat
922 4594 1058 4690 passio,
1077 4607 1213 4689 quanto
1227 4591 1497 4663 convenientior
1511 4585 1697 4658 videbatur
1710 4587 1802 4658 actio
1809 4590 1837 4653 ¹¹.

261 4719 385 4784 Actum
405 4713 525 4810 itaque
541 4714 579 4784 in
602 4712 707 4784 nobis
726 4711 895 4810 estquod
914 4713 952 4782 in
971 4716 1082 4785 Marte
1100 4727 1137 4786 et
1153 4716 1290 4783 Venere
1313 4709 1542 4810 deprehensis
1563 4705 1702 4806 poetica
1724 4722 1843 4777 narrat

291 4949 1031 5016 'damtunam-'lastemarffi-OEtu
1065 4949 1233 5006 calametis.
1246 4945 1382 5004 mb.-·
1400 4948 1462 5008 Quot
1474 4945 1841 5010 ampinmnaccbcnnum,

258 5039 348 5095 notter
366 5049 404 5086 ne
426 5038 550 5088 teman!
571 5035 643 5086 atta.
658 5061 690 5078 ·-
706 5035 763 5086 ‘Et
787 5040 889 5099 prinam
911 5039 1033 5100 uepttrnt
1066 5037 1142 5084 austri
1168 5043 1263 5095 ammes
1287 5048 1318 5087 ca
1341 5034 1394 5083 tute
1417 5031 1553 5091 peccentur
1576 5030 1690 5083 nucem
1715 5025 1786 5077 RMS.
1811 5049 1841 5061 -

258 5117 327 5170 aas.
339 5119 392 5158 -¹
408 5121 577 5171 Gcmccrarem
590 5119 660 5172 tttts.
674 5144 707 5158 -
721 5120 732 5149 ⁴
746 5122 817 5171 Dant
834 5133 858 5171 et
873 5125 949 5183 quern
961 5120 1031 5174 utta.
1068 5117 1078 5144 ⁹
1093 5117 1171 5182 apat
1186 5133 1258 5178 acui,
1275 5117 1337 5180 Ope.
1350 5130 1382 5166 ex
1397 5113 1463 5166 Edit.
1477 5113 1552 5164 Paris.
1570 5113 1731 5174 met-troc,
1746 5109 1841 5170 in·icl.,

258 5203 310 5238 -’
326 5205 362 5256 lta
381 5203 453 5255 ΑΕΒ.
466 5231 484 5243 -
504 5206 646 5256 Oblectnbut
666 5205 730 5255 Edit.
753 5205 823 5257 emb.
841 5231 859 5244 ·
880 5207 933 5256 Vita
951 5208 1033 5255 similis
1069 5201 1207 5267 t.lV,part·
1219 5201 1252 5264 ll,
1264 5193 1842 5262 eol.760.-¹⁰Gnniancticlil{S,-¹¹delusi).
