4522 6102
864 683 1100 760 EPlSTOLAE.
1708 686 1777 758 tat

206 822 462 896 resurrectione
473 821 619 898 Domini
628 822 703 916 jam
718 821 896 921 completo
907 849 915 894 ε
928 822 1075 898 demum
1093 823 1211 921 ipsum
1239 825 1436 902 Dominum
1460 825 1583 922 primae
1614 825 1779 903 viderunt

206 957 241 1012 et
270 956 472 1014 tenuerunt.
503 942 605 1014 Prior
630 940 776 1038 quidem
806 942 916 1016 Maria
941 941 1165 1037 magdalene,
1194 968 1274 1039 quae
1297 943 1431 1016 caeteris
1461 943 1652 1016 ferventior
1678 959 1775 1032 erat;

207 1075 328 1158 postea
359 1062 436 1158 ipsa
468 1060 597 1149 simul,
628 1075 664 1132 ct
698 1059 792 1150 alise,
819 1061 865 1138 de
891 1059 1023 1157 quibus
1051 1061 1221 1159 scriptum
1246 1076 1321 1152 est,
1353 1060 1452 1158 quod
1476 1077 1558 1159 post
1584 1063 1778 1158 angelicam

207 1181 397 1252 visionem¹
414 1209 433 1250 n
445 1181 607 1253 exierunt
623 1179 669 1252 de
685 1195 942 1270 monumento,
970 1195 1152 1255 currentes
1170 1181 1334 1254 nuntiare
1351 1179 1532 1279 discipulis
1551 1182 1778 1259 resurrectio·

208 1325 290 1374 nem
303 1301 460 1372 Domini.
483 1304 525 1370 Et
538 1323 621 1372 eccs
638 1303 736 1374 Jesus
747 1301 905 1372 occurrit
922 1299 1006 1390 illis,
1022 1299 1144 1374 dicens
1161 1328 1170 1370 ι
1191 1305 1310 1374 Avete.
1328 1299 1398 1374 lllae
1409 1315 1528 1378 autem
1540 1316 1777 1390 arcesserunt,

206 1435 242 1492 et
252 1435 444 1493 tenuerunt
454 1421 564 1519 pedes
585 1421 678 1516 ejus,
699 1436 735 1492 et
749 1419 991 1494 adoraverunt
1009 1445 1105 1494 eum.
1125 1423 1223 1495 Tunc
1241 1421 1290 1494 ait
1306 1424 1428 1492 lesus:
1447 1423 1517 1508 lte,
1535 1423 1693 1495 nuntiate
1712 1420 1780 1492 fra·

207 1540 317 1612 tribus
329 1543 435 1628 meis,
453 1556 492 1612 ut
504 1555 587 1612 eant
598 1540 635 1610 in
647 1539 837 1613 Gelilaeam.
857 1539 909 1610 lbi
922 1564 980 1612 me
993 1538 1177 1614 videbunt.
1194 1567 1213 1608 u
1234 1543 1287 1610 De
1301 1563 1374 1635 quo
1391 1552 1429 1610 et
1445 1543 1556 1612 Lucas
1573 1553 1780 1635 prosecutus

206 1661 278 1729 nit¹
300 1687 308 1728 :
338 1689 356 1726 α
372 1663 455 1729 Erat
473 1658 702 1754 magdalene,
725 1662 936 1748 ardoenna,
956 1659 1118 1732 etlllnria
1139 1657 1278 1749 iacobi,
1306 1673 1341 1731 et
1356 1671 1507 1748 cetere,
1529 1682 1608 1754 quae
1629 1681 1711 1726 cum
1731 1658 1781 1731 eis

206 1793 323 1866 erent,
349 1803 427 1874 quae
444 1778 613 1850 dicebaut
632 1777 679 1850 ad
700 1777 881 1876 apostolos
899 1777 985 1852 haec.
1004 1807 1022 1845 n
1051 1782 1147 1866 Quas
1168 1779 1275 1850 etiam
1294 1777 1485 1874 changeio
1507 1778 1663 1876 primum
1676 1776 1780 1850 luisse

206 1899 329 1970 misses
345 1899 392 1969 ad
409 1898 589 1997 apostolos
608 1900 772 1972 nuntiare
793 1898 868 1972 baec
886 1924 960 1974 non
980 1899 1103 1972 reticet
1122 1902 1301 1990 Marcust,
1326 1898 1409 1988 nbi,
1429 1897 1555 1994 angelo
1575 1897 1782 1970 mulieribus

205 2017 390 2113 loquente,
411 2019 582 2114 scriptum
595 2031 673 2090 est:
693 2047 710 2088 n
727 2017 904 2090 Surrexit:
920 2041 994 2088 non
1009 2032 1060 2090 est
1072 2016 1143 2090 hic.
1159 2016 1229 2090 Sed
1243 2018 1307 2106 ite,
1329 2017 1435 2092 dicite
1448 2015 1629 2112 discipulis
1641 2016 1729 2110 ejus,
1748 2031 1782 2086 et

206 2140 326 2224 Peno,
340 2137 423 2232 quia
436 2137 611 2233 praecedet
622 2161 687 2208 vos
699 2135 935 2210 inGalilaenm.
949 2164 968 2205 »
983 2140 1062 2234 lpse
1075 2137 1182 2208 etiam
1196 2137 1372 2210 Dominus
1383 2137 1500 2238 primo
1514 2135 1630 2206 Mariae
1641 2133 1782 2230 Magda-

204 2255 292 2328 lene
303 2280 499 2353 apparens,
514 2257 564 2330 ait
576 2256 649 2328 ilti⁸
665 2284 673 2326 :
696 2285 715 2324 n
731 2255 827 2328 Vade
845 2254 892 2328 ad
907 2255 1031 2328 fratres
1044 2278 1165 2345 meos,
1185 2271 1222 2326 et
1234 2255 1292 2326 dic
1309 2257 1360 2328 eis
1373 2283 1382 2326 ι
1405 2253 1567 2330 Ascendo
1582 2253 1628 2325 ad
1643 2258 1782 2324 Patrem

206 2399 338 2446 nreum.
359 2403 376 2440 o
392 2379 444 2448 Ex
455 2375 585 2471 quibus
597 2375 794 2471 colligimus
805 2374 870 2446 has
881 2389 1019 2446 sanctas
1032 2374 1198 2448 mulieres
1210 2375 1311 2471 quasi
1328 2374 1506 2472 apostolas
1519 2399 1627 2471 super
1640 2388 1783 2472 aposto·

205 2495 259 2568 los
269 2521 345 2568 esse
355 2497 576 2585 constiurtes,
586 2520 698 2593 quum
708 2496 791 2594 ipse
803 2495 849 2568 ad
862 2519 924 2568 eos
935 2495 1185 2569 velaDomino
1200 2496 1257 2569 vel
1270 2494 1316 2570 ab
1328 2494 1460 2592 angelis
1474 2495 1589 2566 missae
1602 2519 1782 2566 summum

206 2616 293 2688 illud
310 2617 577 2688 resurrectionis
598 2615 766 2712 gaudium
789 2615 1059 2705 nuntiaverunt,
1081 2615 1181 2712 quod
1198 2613 1450 2713 expectabatur
1466 2613 1513 2687 ab
1533 2613 1722 2701 omnibus,
1745 2629 1783 2684 ut

207 2758 271 2829 per
288 2759 347 2805 eos
363 2734 515 2831 apostoli
533 2735 690 2830 primum
706 2732 930 2806 addiscerent
947 2732 1048 2830 quod
1061 2735 1126 2806 toti
1137 2732 1275 2808 mundo
1289 2731 1522 2830 postmodum
1535 2731 1778 2831 praedicarent.

206 2856 303 2937 Quas
313 2855 420 2924 etiem
438 2867 519 2950 post
536 2853 831 2924 resurrectionem
846 2852 1003 2924 Domino
1020 2866 1230 2925 occurrente
1248 2851 1391 2926 salutari
1408 2850 1454 2922 ab
1475 2851 1553 2948 ipso
1572 2850 1783 2946 evangelista

207 2995 312 3069 supra
330 2974 564 3044 memoravit:
587 2987 627 3044 ut
644 2987 716 3044 tarn
734 2995 883 3042 occursu
900 2994 967 3044 suo
985 2995 1093 3068 quem
1112 2971 1323 3044 salutatione
1336 2982 1507 3066 quantam
1518 2991 1600 3063 erga
1619 2991 1678 3042 eas
1689 2968 1798 3040 solli·

208 3091 401 3163 citudinem
421 3107 457 3164 et
473 3091 621 3188 gratiam
638 3090 786 3164 haberet
803 3089 1016 3163 ostenderet.
1039 3094 1119 3163 Non
1137 3090 1233 3160 enim
1260 3089 1336 3162 eliis
1357 3087 1544 3186 proprium
1565 3086 1784 3158 salutationis

209 3209 377 3300 verbum,
404 3211 504 3306 quod
525 3225 605 3282 est:
638 3238 657 3278 ι(
679 3214 803 3296 Arete,
826 3236 845 3276 n
869 3231 954 3280 eum
975 3206 1125 3304 legimus
1149 3207 1366 3304 protulisse:
1389 3206 1462 3276 imo
1491 3208 1552 3276 etl
1574 3204 1783 3278 salutatione

167 3311 172 3320 ⁸
209 3345 309 3402 antea
323 3329 516 3428 discipulos
528 3329 742 3416 inhibuisse,
764 3351 876 3424 quum
894 3327 945 3401 eis
961 3326 1114 3404 diceret⁸
1134 3353 1142 3395 ε
1166 3353 1185 3392 o
1200 3328 1244 3396 Et
1265 3325 1446 3396 neminem
1464 3324 1640 3420 perviam
1658 3323 1796 3398 saluta.

210 3449 337 3521 veritis.
366 3478 386 3518 n
424 3449 533 3535 Quasi
566 3447 636 3518 hoc
673 3445 897 3543 privilegium
929 3469 1026 3518 nunc
1062 3468 1175 3540 usque
1206 3443 1345 3518 devotis
1383 3443 1523 3514 seminis
1565 3458 1781 3531 reservaret,

207 3565 305 3660 quod
328 3591 392 3666 per
418 3566 646 3662 semetipsum
668 3566 720 3636 eis
743 3563 943 3652 exhiberet,
970 3561 1244 3634 immortalitatis
1269 3561 1381 3658 gloria
1406 3560 1482 3656 jam
1508 3561 1653 3658 potitus.
1675 3567 1785 3632 Arno

207 3709 351 3781 quoque
368 3683 618 3780 Apostolorum
636 3707 748 3778 quum
767 3683 919 3755 referent
936 3682 1054 3754 surim
1076 3695 1159 3777 post
1175 3681 1422 3754 ascensionem
1439 3679 1585 3750 Domini
1603 3678 1785 3775 apostolos

206 3827 230 3872 a
258 3817 381 3876 monte
413 3802 541 3874 Oliveti
569 3800 790 3874 Hierusalem
832 3799 1006 3887 rediisse,
1036 3813 1072 3868 et
1099 3797 1190 3868 illius
1218 3798 1433 3871 sacrosancti
1464 3810 1665 3868 conventus
1707 3796 1785 3868 reli·

204 3923 349 4016 gionem
368 3921 553 4018 diligenter·
573 3919 794 4009 descrihant,
816 3943 891 3991 non
913 3933 967 3992 est
981 3916 1181 3988 devotionis
1198 3932 1401 3988 sanctarum
1419 3915 1609 3990 mulierum
1622 3939 1785 4010 perseve-

203 4045 320 4118 rantia
338 4045 586 4140 pretermissa,
614 4067 726 4139 quum
745 4041 892 4114 dicitur⁷
909 4067 917 4108 ε
941 4067 958 4106 «
975 4038 1020 4108 Hi
1036 4051 1137 4108 erant
1153 4060 1278 4109 omnes
1291 4050 1556 4134 perseverantes
1571 4038 1784 4108 unanimiter

199 4163 244 4232 in
266 4162 485 4236 orationibus
511 4185 593 4234 cum
623 4159 845 4247 mulieribus,
876 4173 911 4230 et
928 4158 1038 4230 Maria
1060 4169 1172 4230 matre
1189 4159 1283 4229 Jesu.
1304 4184 1322 4224 »
1352 4160 1398 4228 Ut
1418 4170 1537 4226 autem
1562 4154 1607 4228 de
1630 4155 1784 4228 Hebraeis

199 4282 514 4376 praetermittemus
534 4281 690 4369 leminis,
711 4303 790 4376 quae
807 4278 924 4376 primo
943 4299 1121 4351 conversae
1139 4274 1186 4346 ad
1205 4272 1314 4349 fidem
1333 4274 1473 4348 vivente
1491 4272 1608 4346 adhuc
1626 4276 1783 4344 Domino

197 4399 243 4468 in
258 4423 379 4487 carne,
395 4414 430 4470 et
441 4398 672 4497 predicante,
690 4398 840 4472 sormam
852 4395 957 4490 hujus
969 4393 1147 4491 religionis
1160 4391 1436 4481 inchoaverunt,
1453 4391 1498 4464 de
1513 4390 1627 4462 viduis
1638 4416 1783 4487 quoque

194 4521 430 4608 Greeomm,
451 4544 529 4616 quae
547 4517 592 4590 ab
610 4517 779 4616 apostolis
791 4530 914 4615 postea
927 4529 1097 4612 susceptae
1110 4527 1193 4584 suut
1204 4509 1490 4599 consideremus3
1507 4524 1640 4606 quanta
1652 4509 1784 4581 scilicet

193 4637 405 4733 diligentia,
426 4653 558 4734 quanta
568 4662 656 4710 cura
668 4636 714 4709 ab
726 4633 895 4734 apostolis
907 4649 943 4706 et
956 4634 1039 4731 ipsae
1050 4645 1204 4706 tractatae
1218 4631 1308 4722 sint,
1328 4653 1440 4726 quum
1452 4628 1497 4699 ad
1510 4625 1783 4700 ministrandum

191 4759 256 4830 eis
285 4757 555 4854 gloriosissimus
579 4757 720 4854 signifer
745 4755 944 4830 christianae
968 4752 1099 4826 mititte
1115 4750 1317 4848 Stephanus
1339 4763 1580 4847 protomartyr
1607 4772 1691 4820 eum
1708 4749 1784 4844 qui·

189 4877 360 4950 busdam
377 4877 679 4975 aliisspiritalibus
689 4876 772 4949 viris
790 4873 835 4948 ab
847 4874 931 4971 ipsis
942 4871 1111 4970 apostolis
1125 4870 1229 4944 fuerit
1241 4869 1464 4944 constitutus.
1483 4866 1586 4940 Unde
1598 4868 1634 4940 in
1647 4865 1782 4942 eisdem

227 5195 239 5221 ⁴
266 5190 976 5260 narrt..cap.uvm,v.sernq.-¹tuo.,cap.u,
1009 5181 1781 5248 v.n.-·sicu.-1m0etattdd.-ttuc.,op.x,v.t

186 5297 213 5329 v.
231 5281 282 5328 to.
301 5276 438 5339 -⁸llaro.,
449 5292 503 5343 cap.
516 5294 604 5341 mm.
617 5279 632 5326 b
643 5286 668 5328 et
680 5279 704 5326 7.
715 5274 854 5334 -‘Joau.,
866 5287 920 5337 cap.
934 5289 976 5335 xx,
1011 5299 1039 5309 -
1052 5271 1125 5323 'Aet
1138 5275 1231 5335 docet„
1240 5285 1296 5336 cap.
1312 5286 1335 5330 r,
1348 5285 1372 5320 r.
1387 5271 1425 5320 tt.
