4510 6108
643 605 686 678 ΙΝ
711 603 1015 676 CONVEllSlONE
1039 602 1191 676 SANC'l'l
1217 603 1347 675 PAULI
1372 604 1534 676 SERMO.
1784 608 1870 684 '543

340 773 359 816 u
376 747 446 818 Sed
467 771 584 844 neque
599 745 670 819 hoc
692 746 861 819 abhorret
882 770 903 818 a
919 744 1044 836 Paulo,
1064 746 1163 844 quod
1180 747 1389 822 rhinoceros
1405 749 1512 822 buxei
1527 750 1658 822 coloris
1675 751 1819 842 dicitur,
1835 769 1871 826 et

288 865 563 964 elephantorum
580 882 721 938 ventres
738 891 852 938 cornu
865 866 967 938 ferire
978 866 1198 965 perhibetur.
1218 869 1311 955 Quia
1326 871 1424 941 enim
1436 872 1556 942 vivere
1572 870 1640 942 sub
1656 872 1774 968 rigore
1785 872 1871 970 legis

284 987 454 1074 assuevit,
465 987 595 1056 arctius
602 987 639 1056 in
648 985 709 1057 illo
719 987 852 1057 caeteris
865 985 1028 1058 custodia
1041 989 1146 1060 unius
1159 988 1329 1087 cujusque
1342 991 1482 1062 virtutis
1492 985 1654 1062 mollivit.
1667 992 1764 1078 Quid
1773 993 1869 1064 enim

289 1128 353 1200 per
373 1103 532 1176 colorem
553 1104 726 1195 buxeum,
744 1107 813 1178 nisi
833 1105 1055 1178 abstinentiae
1070 1106 1186 1205 pallor
1202 1110 1430 1207 exprimitur?
1447 1111 1512 1181 Cui
1536 1111 1613 1208 ipse
1637 1135 1675 1182 se
1698 1113 1871 1184 tenaciter

288 1223 468 1296 adhaerere
484 1239 632 1298 testatur
652 1225 799 1298 dicens¹
819 1255 827 1297 :
849 1255 868 1294 κ
888 1228 1029 1324 Castigo
1054 1252 1185 1326 corpus
1206 1253 1349 1316 meum,
1373 1244 1409 1301 et
1430 1229 1467 1301 in
1493 1217 1700 1303 servitutem
1725 1231 1867 1328 redigO,

290 1371 308 1410 a
328 1367 373 1414 ne
385 1343 474 1415 forte
488 1369 601 1440 quum
614 1343 690 1416 aliis
703 1344 974 1443 predicaverim,
986 1347 1061 1443 ipse
1073 1345 1247 1444 reprobus
1259 1345 1403 1418 efficiar.
1422 1375 1440 1416 n
1457 1349 1530 1434 Qui
1545 1347 1675 1420 divinae
1692 1347 1778 1446 legis
1794 1375 1871 1422 eru·

287 1462 423 1536 ditione
434 1465 614 1563 praeditus,
628 1466 717 1538 dum
726 1466 878 1540 aliorum
896 1466 1088 1564 ingluviem
1098 1465 1292 1563 redarguit,
1305 1492 1420 1540 cornu
1436 1467 1646 1566 elephantos
1655 1470 1692 1541 iu
1706 1486 1869 1542 ventrem

287 1582 377 1655 ferit.
398 1589 438 1655 ln
454 1600 687 1682 ventremque
699 1584 908 1684 elephantos
921 1601 1162 1685 percusserat,
1175 1611 1288 1683 quum
1305 1585 1493 1662 dicebat':
1514 1615 1532 1654 α
1551 1587 1652 1660 Multi
1668 1588 1866 1678 ambulant,

256 1753 261 1764 .
287 1730 305 1768 a
325 1727 416 1800 quos
432 1727 523 1802 saepe
539 1703 703 1776 dicebam
719 1703 834 1775 vobis.
855 1707 957 1776 Nunc
975 1719 1095 1776 autem
1118 1718 1154 1776 et
1176 1704 1265 1776 flens
1284 1703 1389 1794 dico,
1409 1705 1573 1777 inimicos
1590 1707 1705 1778 crucis
1721 1707 1864 1779 Christi.

287 1850 305 1888 a
324 1825 488 1908 Quorum
505 1823 586 1895 finis
603 1824 784 1913 interitus,
803 1849 959 1920 quorum
976 1827 1071 1894 Deus
1087 1838 1213 1895 venter
1228 1837 1298 1913 est,
1311 1837 1347 1895 et
1362 1822 1475 1920 gloria
1491 1824 1528 1894 iu
1545 1823 1756 1896 confusione
1772 1828 1870 1924 ipso-

287 1969 304 2008 «
323 1965 416 2014 rum.
440 1971 457 2010 n
479 1949 523 2015 Et
550 1948 744 2016 rursum³z
773 1973 790 2012 κ
811 1944 1024 2040 Hujusmodi
1049 1944 1190 2016 Christo
1217 1946 1374 2018 Domino
1400 1970 1476 2016 non
1502 1946 1679 2036 serviunt,
1707 1944 1771 2016 sed
1796 1971 1863 2018 suo

285 2089 304 2128 «
322 2063 451 2133 ventri.
467 2067 620 2136 »Cornu
636 2089 702 2136 suo
720 2065 826 2161 igitur
841 2063 1091 2136 rhinocerotus
1107 2063 1172 2135 iste
1189 2089 1264 2135 uon
1277 2065 1353 2160 jam
1365 2064 1545 2152 homines,
1564 2063 1627 2136 sed
1642 2064 1774 2137 bestias
1790 2089 1868 2162 per·

282 2179 371 2251 cutit
396 2207 404 2251 ε
427 2182 574 2278 quando
599 2181 676 2255 illas
701 2181 828 2256 Paulus
854 2181 1026 2254 doctrina
1050 2206 1121 2253 suae
1147 2180 1356 2254 tortitudine
1383 2206 1611 2280 nequaquam
1635 2180 1866 2280 perimendos

281 2297 433 2372 humiles
445 2301 604 2400 impetit,
624 2302 687 2375 sed
704 2303 878 2402 superbos
894 2302 1029 2374 ventris
1045 2301 1200 2373 cultores
1217 2300 1349 2373 occidit
1364 2304 1387 2372 ⁴.
1408 2329 1425 2368 n

330 2419 438 2506 Quod
457 2423 487 2492 si
507 2422 556 2495 'de
576 2424 744 2522 praedicta
766 2423 834 2496 Job
856 2422 995 2519 gentilis
1017 2421 1109 2519 regis
1133 2421 1324 2520 prophetia
1344 2423 1494 2496 transire
1520 2421 1566 2494 ad
1582 2423 1865 2520 patriarcharum
1945 2427 1948 2434 ”

281 2537 337 2610 vel
353 2541 611 2639 prophetarum
627 2545 794 2617 vaticinia
804 2545 925 2640 juvat,
943 2544 1101 2642 primum
1116 2541 1205 2614 illud
1222 2541 1328 2614 nobis
1345 2543 1522 2631 occurrit,
1545 2542 1645 2641 quod
1662 2543 1697 2614 in
1716 2543 1864 2616 benedi·

280 2661 399 2732 ctione
417 2664 601 2735 novissimi
618 2679 653 2735 et
671 2663 889 2736 dilectissimi
906 2662 969 2734 filii
985 2663 1040 2736 sui
1056 2663 1260 2758 Benjamin‚
1282 2661 1393 2734 Jacob
1411 2660 1613 2761 patriarcha
1629 2657 1807 2760 praedixit,
1827 2664 1863 2734 in

279 2793 366 2878 typo
380 2780 545 2854 videlicet
560 2782 666 2880 hujus
683 2783 849 2882 apostoli,
869 2783 930 2880 qui
945 2780 1100 2855 detribu
1116 2782 1322 2877 Benjamin‚
1340 2782 1432 2852 sicut
1448 2781 1597 2878 ipsemet
1614 2782 1758 2868 asserit,
1783 2781 1860 2852 fuit.

281 2927 299 2966 c<
319 2901 517 2997 Benjamin‚
528 2931 545 2970 n
556 2904 701 2999 iuquit⁸,
717 2932 734 2972 α
751 2901 856 3001 lupus
872 2926 1002 3000 rapax:
1020 2925 1127 2974 mane
1138 2898 1305 2972 comedet
1317 2899 1493 2998 praedam,
1512 2912 1549 2970 et
1563 2923 1711 2996 vespere
1728 2898 1864 2971 dividet

276 3019 407 3117 spolia,
434 3049 452 3089 n
478 3023 535 3094 vel
559 3021 758 3095 secundum
782 3022 889 3095 aliam
917 3021 1205 3109 translationem,
1231 3048 1249 3088 κ
1276 3017 1413 3098 dividet
1437 3042 1547 3089 escas.
1574 3045 1593 3086 n
1617 3017 1720 3090 Libet
1741 3033 1860 3089 autem

276 3163 419 3236 eaquae
444 3139 490 3212 de
513 3142 698 3239 Benjamin
718 3141 862 3214 luerunt
895 3141 998 3214 altius
1023 3155 1205 3238 repetere,
1225 3152 1265 3210 ut
1288 3138 1389 3236 quod
1413 3161 1572 3233 congrue
1593 3135 1732 3232 singula
1752 3134 1861 3210 Paulo

276 3257 390 3355 aptari
407 3261 564 3356 possint,
581 3259 766 3333 evidenter
782 3275 964 3360 appareat.
992 3259 1177 3356 Benjamin
1204 3282 1288 3353 ergo
1313 3257 1407 3328 iuter
1430 3256 1553 3327 fratres
1575 3254 1807 3343 novissimus,
1826 3268 1861 3325 et

275 3379 371 3476 patri
385 3380 599 3471 carissimus,
619 3396 770 3453 matrem
786 3405 889 3452 suam
906 3378 1037 3452 Rachel
1054 3376 1236 3486 nascendo
1253 3377 1418 3476 peremit.
1437 3379 1524 3462 Quae
1538 3373 1685 3472 quidem
1703 3375 1860 3446 moriens

274 3522 360 3571 cum
376 3498 574 3594 Benjamin‚
591 3499 629 3570 id
640 3512 692 3570 est
705 3499 819 3570 filium
835 3499 971 3570 doloris
987 3497 1070 3584 mei,
1085 3496 1318 3592 nuncupavit,
1334 3498 1437 3564 Pater
1450 3518 1536 3564 vero
1554 3506 1679 3591 postea
1695 3516 1860 3564 commu·

276 3632 372 3708 taus,
391 3619 509 3716 ipsum
525 3619 729 3716 Benjamin‚
749 3619 786 3690 id
803 3633 856 3690 est
872 3617 986 3690 filium
1007 3616 1154 3706 dextrae,
1173 3615 1327 3690 vocavit.
1349 3613 1532 3710 Benjamin
1554 3614 1693 3710 itaque,
1713 3612 1857 3702 fratres,

275 3739 426 3811 fratrum
450 3741 679 3830 novissimus,
706 3755 741 3812 et
762 3740 854 3838 patri
871 3739 1119 3812 dilectissimus
1135 3735 1263 3808 Paulus
1288 3737 1364 3834 ipse
1385 3750 1454 3824 est,
1478 3736 1540 3832 qui
1564 3735 1757 3808 novissime
1777 3751 1860 3834 post

275 3858 457 3958 apostolos
474 3863 586 3932 aDeo
608 3873 772 3948 vocatus,
800 3872 900 3928 tanto
917 3856 1030 3928 extitit
1045 3860 1122 3927 Deo
1143 3854 1273 3942 carior,
1291 3869 1428 3950 quanto
1454 3854 1491 3925 in
1518 3854 1653 3925 meritis
1670 3853 1735 3924 suit
1751 3853 1860 3926 excel·
1960 3867 1970 3874 '

273 3975 416 4050 lentior.
438 3982 490 4050 De
507 4003 580 4075 quo
598 3978 835 4073 Hieronymus
854 3973 1130 4045 ατΙΡαιιίἱηιιιηο
1149 3999 1159 4040 .·
1181 3999 1198 4038 a
1213 3970 1354 4059 Paulus,
1368 3972 1497 4067 inquit,
1516 3971 1730 4042 novissimus
1745 3972 1782 4042 in
1800 3996 1859 4043 or-

272 4095 375 4188 dine,
395 4099 531 4196 primus
547 4097 583 4169 in
601 4097 734 4169 meritis
750 4110 819 4184 est;
838 4097 922 4192 quia
935 4092 1015 4193 plus
1032 4090 1201 4164 omnibus
1216 4090 1405 4198 laboravit.
1421 4118 1438 4157 n
1451 4093 1600 4162 Constat
1612 4090 1758 4186 insuper
1774 4115 1857 4162 eum

273 4241 348 4288 non
372 4217 490 4290 solum
514 4231 724 4314 martyrem,
749 4214 869 4286 sedet
894 4213 1068 4309 virginem
1093 4212 1270 4298 extitisse3
1296 4223 1337 4280 ut
1362 4233 1440 4307 quae
1465 4209 1503 4279 in
1526 4212 1630 4278 Petro
1656 4221 1691 4277 et
1718 4211 1856 4281 loanne

272 4339 437 4437 apostolo
468 4338 588 4410 divisae
611 4338 779 4410 videntur
804 4337 1016 4407 meritorum
1041 4333 1184 4432 palmae,
1209 4334 1246 4403 in
1272 4331 1351 4429 ipso
1380 4329 1603 4427 reperiantur
1637 4327 1850 4422 conjunctae.

271 4461 325 4530 De
356 4460 589 4558 prerogativa
620 4473 739 4530 autem
770 4454 950 4552 virginalis
977 4453 1103 4553 palmae
1128 4453 1237 4551 ipsius
1262 4451 1350 4523 illud
1382 4465 1435 4522 est
1463 4447 1638 4520 Ambrosii
1669 4448 1706 4558 in
1737 4450 1853 4546 prima

271 4577 323 4649 ad
333 4579 548 4650 θονίηιήίοε1
568 4606 576 4649 :
596 4579 685 4650 Dico
702 4590 821 4649 autem
837 4601 912 4647 non
931 4575 1068 4672 nuptis,
1088 4587 1156 4646 etc.
1179 4600 1187 4643 :
1209 4599 1226 4640 a
1243 4576 1324 4645 Non
1343 4570 1499 4643 diceret:
1521 4574 1694 4640 «Bonum
1722 4582 1775 4640 est
1800 4569 1853 4640 in·

273 4726 292 4764 a
307 4699 427 4797 nuptis
443 4713 483 4771 ut
499 4699 570 4772 sint
586 4699 677 4769 sicut
692 4711 728 4768 et
743 4721 827 4792 ego,
847 4724 863 4763 n
882 4695 950 4767 nisi
966 4708 1058 4766 esset
1072 4695 1209 4790 integer
1224 4716 1395 4790 corpore,
1414 4714 1481 4762 nec
1495 4687 1629 4760 diceret
1646 4714 1653 4757 :
1677 4714 1695 4756 a
1715 4689 1851 4759 Omnes

304 4936 440 4990 ‘Corinth
459 4941 487 5001 l,
507 4956 564 5007 erp.
580 4957 622 5003 rx,
642 4956 666 4992 r.
686 4937 903 5002 at.-·¹t’tttp.,
916 4952 971 5006 cap.
991 4954 1035 5001 ru,
1079 4927 1851 5003 ornatum11,p.5oa.-¹opp.t.tt‚intppen-

269 5037 294 5071 v·
315 5021 356 5080 18.
367 5023 419 5060 -”
431 5023 513 5084 Rom„
529 5039 584 5092 cap.
603 5041 658 5087 xrr,
674 5040 697 5076 r.
717 5027 756 5074 tt.
767 5049 798 5060 -
811 5021 857 5074 ⁴S.
872 5022 944 5088 (treg-
959 5021 1033 5078 tor..
1075 5021 1144 5081 dice,
1155 5022 1204 5073 col.
1220 5022 1276 5071 1³8.
1288 5019 1468 5074 commentaria
1480 5017 1524 5067 ista
1537 5016 1562 5065 in
1574 5013 1691 5080 epistolas
1707 5011 1772 5064 beati
1784 5011 1850 5064 Pauli

268 5103 313 5156 ttb.
325 5105 415 5170 lllllll,
428 5118 483 5177 etp.
496 5126 527 5160 rr
541 5120 566 5162 et
576 5127 613 5176 sq.
631 5111 692 5174 opp.
708 5120 725 5160 1.
744 5109 767 5171 Ι,
786 5109 835 5160 col.
857 5109 898 5158 1111
916 5117 941 5158 et
952 5123 990 5174 sq.
1004 5131 1035 5144 -
1075 5117 1159 5162 sancto
1171 5103 1298 5164 Ambrosio
1308 5102 1366 5153 olim
1379 5101 1482 5161 tributa,
1495 5107 1616 5172 quotquot
1628 5113 1694 5149 nuuc
1704 5096 1749 5148 riri
1761 5097 1849 5148 cruditi

269 5188 388 5252 'Genus
399 5207 454 5261 etp.
465 5211 537 5260 xux,
547 5211 572 5247 r.
585 5197 661 5246 2t.-
671 5193 681 5222 ⁸
691 5195 729 5244 Ad
740 5195 871 5244 Paulinum
880 5194 952 5260 epist.
966 5207 1034 5254 xnx,
1074 5190 1188 5251 audium,
1202 5187 1282 5248 eidem
1295 5185 1434 5254 abjudicata
1444 5185 1536 5244 volunt.

407 5275 419 5327 1
1411 5309 1414 5316 ·
1668 5263 1711 5331 6⁶
