4522 6104
541 543 718 618 CONTRA
742 543 962 633 QUEMDAM
987 541 1242 618 CANONICUM
1266 541 1551 614 REGULAREM.
1766 540 1831 614 tat

254 685 457 782 cuicunque
474 688 760 787 contemplativa
776 687 970 787 supplicat,
990 702 1031 759 ut
1049 687 1278 785 suscipiendo
1298 687 1458 783 regimen
1478 687 1641 786 ipsorum
1656 709 1719 760 eos
1740 686 1787 759 ad
1803 711 1840 760 se

253 803 304 874 sic
321 802 499 878 admittat.
516 807 624 894 Quod
641 823 676 880 et
692 809 767 906 ipse
783 807 944 880 Christus
955 807 993 878 in
1010 807 1182 880 membris
1192 808 1265 880 suis
1280 831 1384 904 agere
1395 806 1539 896 dicitur,
1551 831 1625 904 quo
1643 807 1840 905 inspirante

254 921 291 995 id
317 925 450 1020 agitur,
478 941 514 998 et
538 927 605 998 sub
630 929 731 1024 cujus
758 928 907 1000 nomine
931 942 968 999 et
991 928 1202 1000 auctoritate
1226 927 1298 998 hoc
1323 925 1548 1024 imploratur.
1576 924 1733 998 Perfecta
1752 950 1839 1000 vero

254 1043 375 1116 anima
391 1044 452 1117 illa
468 1047 626 1143 quietem
641 1072 744 1120 suam
760 1046 992 1120 vehementer
1007 1047 1170 1144 diligens,
1188 1047 1276 1118 dum
1292 1045 1454 1118 laborem
1468 1044 1610 1142 refugit,
1625 1069 1671 1116 ne
1687 1043 1840 1118 aliorum

253 1162 353 1236 lucro
367 1164 623 1240 detrimentum
635 1170 794 1242 incurrat
803 1194 875 1242 suae
884 1168 1127 1266 perfectionis,
1140 1194 1283 1265 surgere
1296 1169 1342 1240 de
1354 1167 1484 1240 lectulo
1494 1169 1625 1258 renuit,
1638 1181 1674 1239 et
1682 1169 1838 1265 Sponsa,

253 1299 293 1357 ut
303 1285 441 1358 dictum
454 1303 520 1376 est,
538 1290 685 1362 instanti
702 1289 790 1362 dicit
809 1318 817 1362 ε
840 1320 858 1359 a
872 1289 1073 1388 Exspoliavi
1090 1313 1148 1362 me
1165 1291 1285 1362 tunica
1301 1312 1380 1360 mea
1394 1345 1404 1379 ,
1418 1317 1436 1356 u
1455 1288 1527 1360 hoc
1543 1303 1609 1378 est,
1628 1288 1840 1360 exteriorem

252 1427 376 1477 curam
392 1408 660 1482 mundanarum
677 1411 861 1484 actionum
877 1436 919 1482 ex
935 1425 1023 1482 voto
1039 1410 1239 1508 postposui.
1264 1410 1416 1481 Interior
1432 1410 1566 1506 quippe
1581 1409 1688 1480 vestis
1704 1421 1740 1480 et
1755 1407 1839 1480 sub·

154 1571 157 1577 -
252 1525 361 1616 tilior,
380 1541 433 1599 est
449 1529 619 1622 interula;
638 1531 793 1603 exterior
804 1547 842 1603 et
857 1532 1028 1628 grossior,
1048 1531 1182 1602 tunica.
1204 1529 1308 1602 Unde
1322 1530 1417 1601 bene
1432 1530 1492 1600 hic
1509 1544 1670 1620 ornatus,
1683 1543 1843 1601 contem·

251 1645 422 1744 plativus3
445 1647 504 1721 ille
519 1676 607 1723 vero
627 1650 791 1742 habitus,
812 1652 1047 1748 assignandus
1065 1667 1119 1724 est
1137 1652 1286 1724 activus.
1314 1651 1359 1722 Hi
1378 1650 1512 1748 quippe
1531 1647 1692 1722 claustris
1706 1675 1744 1722 se
1760 1673 1840 1720 mo·

252 1765 395 1837 nasticis
416 1766 641 1841 recludentes
658 1784 759 1842 tanto
776 1771 939 1843 subtilius
961 1785 1068 1868 atque
1084 1770 1274 1869 perfectius
1296 1770 1428 1841 summi
1449 1768 1593 1841 luminis
1609 1767 1841 1867 splendorem

250 1884 558 1983 contemplantur,
576 1902 714 1987 quanto
731 1888 777 1961 ab
794 1890 1028 1962 exterioribus
1051 1890 1169 1962 saeculi
1190 1891 1285 1962 curis
1307 1888 1459 1987 amplius
1474 1903 1557 1961 sunt
1573 1889 1716 1960 remoti.
1739 1891 1842 1960 Hanc

251 2005 413 2103 profecto
430 2033 599 2081 curarum
615 1987 903 2109 occupationem,
918 2036 1028 2110 quam
1044 2011 1184 2084 Martha
1200 2012 1354 2111 proximi
1367 2009 1689 2082 necessitudinibus
1706 2011 1842 2109 impen-

250 2125 316 2216 dit,
335 2128 449 2226 etqui
464 2129 601 2227 populo
623 2147 781 2228 praesunt
797 2146 982 2220 exercent,
1011 2132 1112 2228 quasi
1135 2131 1295 2204 tunicam
1319 2155 1500 2204 resumere
1524 2133 1664 2231 Sponsa
1691 2130 1838 2226 refugit,
1905 2181 1907 2184 -

249 2271 362 2344 quum
378 2273 400 2320 a
416 2250 722 2348 contemplatione
738 2252 785 2322 ad
801 2231 981 2322 actionem
1003 2250 1120 2321 redire
1140 2249 1343 2324 nullatenus
1359 2252 1563 2349 acquiescit.
1586 2251 1690 2322 Unde
1706 2267 1742 2321 et
1760 2275 1843 2323 cau·

248 2391 327 2440 sam
352 2385 547 2442 annectens
572 2371 650 2442 ait:
673 2371 788 2443 «Lavi
813 2372 924 2468 pedes
950 2394 1069 2460 meos,
1096 2370 1284 2467 quomodo
1309 2370 1509 2468 inquinabo
1531 2370 1632 2442 illos?
1645 2399 1663 2438 »
1688 2371 1843 2444 Affectus

248 2491 383 2590 quippe
396 2491 522 2582 nostri,
537 2490 668 2589 quibus
680 2490 726 2563 ad
743 2481 920 2589 quidlibet
936 2491 1117 2588 agendum
1134 2490 1323 2581 trahimur,
1341 2491 1444 2589 quasi
1455 2491 1604 2588 quidam
1619 2490 1730 2589 pedes
1742 2507 1839 2580 sunt,

248 2611 379 2708 quibus
398 2610 578 2684 ducimur.
603 2616 693 2684 Istos
708 2611 818 2710 pedes
835 2609 964 2700 abluit,
984 2611 1047 2708 qui
1064 2634 1085 2682 a
1101 2611 1196 2682 curis
1211 2610 1329 2682 saeculi
1347 2626 1508 2682 mentem
1524 2610 1691 2701 retrahit,
1709 2611 1841 2712 quihus

249 2731 389 2803 animus
404 2757 470 2831 per
485 2732 628 2804 diversa
643 2731 814 2821 diffusus,
832 2728 978 2802 difficile
994 2745 1108 2802 estne
1128 2730 1255 2802 saltem
1271 2731 1531 2826 cogitationum
1547 2729 1696 2802 maculis
1712 2731 1838 2830 aliqui·

247 2849 315 2922 hus
332 2867 569 2951 respergatur,
587 2851 644 2924 vel
660 2851 881 2950 quandoque
897 2851 1002 2922 cedat
1017 2849 1290 2922 tentationibus.
1315 2850 1424 2937 Quod
1444 2853 1584 2948 Sponsa
1606 2849 1839 2926 considerans

247 2970 293 3045 de
309 2972 440 3046 lectulo
457 2974 568 3073 pedes
583 2972 629 3047 ad
641 2989 774 3046 terram
786 2973 970 3074 deponere
986 2971 1155 3071 trepidat,
1173 2973 1245 3044 hoc
1261 2987 1368 3045 estse
1384 2974 1515 3045 iterum
1531 2973 1837 3072 implicamentis,

247 3092 336 3165 dum
351 3093 492 3166 nullum
509 3120 530 3167 a
545 3092 713 3166 sordibus
729 3117 857 3166 vacare
873 3092 995 3165 locum
1011 3107 1110 3178 extra
1127 3091 1299 3164 lectulum
1314 3118 1420 3165 suum
1437 3093 1563 3166 credit.
1588 3098 1676 3182 Quae
1691 3095 1839 3169 tandem

246 3213 388 3310 Sponso
404 3213 559 3286 instante
575 3211 622 3284 de
639 3212 771 3284 lectulo
788 3237 932 3308 surgere
953 3211 1193 3311 compellitur,
1215 3215 1316 3302 etei,
1336 3213 1427 3285 sicut
1442 3212 1649 3311 postulavit,
1669 3215 1806 3314 aperire
1827 3245 1836 3287 :

246 3332 293 3404 de
313 3359 387 3430 quo
407 3359 521 3433 quum
543 3359 627 3406 eum
648 3349 770 3406 tenere
786 3331 910 3424 vellet,
934 3347 1060 3430 atque,
1078 3346 1118 3403 ut
1134 3331 1239 3404 solita
1255 3332 1387 3424 fuerat,
1406 3333 1733 3432 comprehendere,
1751 3335 1838 3408 suh·

242 3453 408 3549 junctum
433 3458 505 3526 est¹
521 3482 530 3528 z
549 3482 568 3524 n
580 3460 624 3526 At
639 3453 697 3525 ille
718 3453 960 3525 declinaverat
975 3467 1083 3552 atque
1098 3453 1300 3525 transierat.
1315 3481 1333 3522 u
1360 3455 1441 3524 Non
1458 3455 1556 3526 enim
1571 3454 1622 3528 ita
1635 3454 1674 3525 in
1690 3454 1839 3555 publico

245 3575 335 3648 sicut
351 3577 389 3646 in
407 3575 550 3649 occulto
566 3581 663 3649 Deus
680 3577 834 3649 inveniri
851 3590 970 3674 potest
989 3603 997 3646 ε
1016 3600 1084 3647 nec
1100 3574 1304 3648 sollicitudo
1319 3575 1466 3648 Marthae
1479 3577 1576 3649 circa
1590 3575 1746 3675 plurima
1762 3593 1839 3650 tur·

245 3696 337 3770 hatae
352 3695 495 3769 Christo
507 3677 670 3770 assistere
685 3696 780 3769 valet
796 3695 954 3784 assidue,
973 3720 1040 3766 nec
1054 3697 1149 3766 curis
1165 3695 1284 3767 sarculi
1295 3721 1397 3769 mens
1409 3699 1547 3770 intenta
1562 3699 1600 3770 in
1616 3702 1695 3770 Deo
1705 3701 1839 3798 poterit

243 3815 390 3913 vigilare
406 3816 539 3912 quieta.
560 3813 665 3886 Unde
682 3815 805 3913 etipse
820 3817 982 3911 Sponsus
998 3838 1073 3910 quo
1090 3813 1256 3886 devotius
1272 3839 1436 3907 oremus,
1456 3818 1589 3890 ostium
1602 3818 1760 3892 cubiculi
1775 3819 1839 3894 ad·
1876 3805 1881 3815 ¹

244 3950 369 4008 monet
385 3934 504 4008 claudi
524 3963 532 4006 ε
551 3934 711 4033 alioquin
729 3933 887 4006 declinat
906 3948 942 4005 et
960 3933 1089 4005 transit
1105 3957 1127 4005 a
1143 3932 1263 4024 nohis,
1282 3935 1368 4032 quia
1383 3959 1457 4032 quo
1474 3937 1594 4008 minus
1607 3938 1642 4008 ei
1652 3963 1834 4033 vacamus,

245 4079 289 4129 eo
306 4058 417 4154 magis
433 4057 480 4130 ab
498 4058 577 4156 ipso
594 4055 810 4146 deserimur,
824 4069 861 4126 et
875 4053 922 4127 ab
940 4054 1016 4151 ejus
1034 4055 1153 4151 gratiae
1169 4052 1276 4126 donis
1293 4056 1446 4154 amplius
1459 4055 1699 4130 destituimur.
1719 4061 1836 4132 Etiam

244 4181 384 4276 Sponsa
409 4178 485 4275 ejus
512 4175 559 4248 ad
588 4174 775 4275 publicum
803 4173 849 4246 de
874 4187 1014 4247 secreto
1043 4173 1192 4248 thalami
1216 4189 1455 4273 transgressa,
1483 4190 1661 4273 quantum
1686 4175 1732 4248 de
1755 4203 1836 4277 per·

244 4294 398 4368 sectione
409 4319 476 4368 sua
486 4320 554 4395 pro
564 4294 672 4366 lucris
687 4293 841 4366 aliorum
854 4293 996 4384 minuit,
1012 4293 1164 4392 reperit3
1179 4308 1215 4366 et
1228 4295 1330 4367 tanto
1337 4295 1456 4393 magis
1469 4295 1608 4368 accedit
1618 4295 1832 4393 periculum,

243 4429 381 4513 quanto
398 4414 444 4487 de
459 4414 659 4487 commissis
677 4413 866 4486 animabus
882 4413 997 4510 major
1010 4413 1062 4485 illi
1077 4427 1241 4513 superest
1255 4414 1444 4487 reddenda
1459 4416 1565 4490 ratio.
1580 4414 1751 4506 httende,
1770 4415 1836 4488 ob·

243 4557 346 4608 sacro
371 4536 496 4627 frater,
523 4537 576 4608 tui
601 4535 740 4608 ordinis
766 4534 977 4632 dignitatem
993 4549 1029 4608 et
1045 4533 1155 4607 officii
1174 4535 1442 4628 conditionem,
1460 4537 1498 4608 in
1519 4563 1594 4638 quo
1611 4555 1647 4612 et
1662 4541 1836 4615 minuitur

244 4656 425 4746 meritum,
442 4671 478 4728 et
494 4655 658 4728 imminet
673 4655 888 4754 periculum.
906 4655 998 4728 Vide
1014 4655 1103 4754 quid
1118 4655 1164 4728 sit
1175 4655 1358 4756 profectus
1374 4656 1568 4755 dignitatis,
1582 4659 1646 4731 uhi
1662 4660 1834 4759 perfectio

242 4775 380 4848 tollitur
395 4774 595 4874 religionis,
615 4775 678 4848 ubi
693 4776 810 4872 major
829 4774 928 4874 apud
943 4775 1127 4872 saeculum,
1143 4777 1265 4848 minor
1280 4774 1321 4848 fit
1336 4779 1434 4876 apud
1450 4783 1585 4871 Deum,
1606 4794 1643 4853 et
1659 4804 1765 4878 grave
1780 4783 1835 4854 sui

242 4895 393 4968 sustinet
417 4895 661 4997 dispendium.
689 4899 811 4988 Liam,
835 4920 945 4994 quam
967 4896 1116 4989 duxisti,
1145 4898 1279 4996 gaudes
1305 4923 1380 4972 esse
1403 4899 1621 4975 fecundam:
1645 4901 1709 4976 sed
1733 4902 1836 4978 doles
1965 4947 1971 4964 .

279 5167 286 5195 ⁸
306 5167 412 5229 cantic,
425 5184 482 5235 cap.
496 5185 522 5233 t,
537 5187 561 5222 r.
573 5169 599 5224 6.
