4536 6102
448 544 519 618 638
1047 539 1174 612 PETRI
1200 538 1431 614 ABAELARUl

448 711 508 760 sus
526 704 754 782 nequaquam
771 679 913 752 levitate
934 682 989 754 sui
1012 667 1311 780 eas'suspendere
1333 680 1389 754 vel
1410 695 1608 754 sustentare
1632 679 1839 779 impeditur.
1859 683 1931 754 Nec
1955 681 2027 756 ullo

449 803 561 878 modo
577 801 651 874 labi
667 824 761 898 aqua
776 798 835 872 illa
851 799 1066 872 circumfusa
1081 815 1219 899 posset,
1239 824 1311 899 qua
1332 779 1492 898 undique
1514 801 1634 897 ignem
1659 814 1694 872 et
1719 823 1838 874 aerem
1863 800 2025 889 cohibet,

449 926 566 997 donec
583 922 616 994 ei
632 921 723 1018 ignis
740 918 796 992 vel
813 944 874 992 aer
890 919 930 994 iu
946 918 1102 1018 aliquam
1119 935 1258 1018 partem
1273 920 1437 1010 cederet,
1456 922 1631 1018 quoniam
1647 917 1767 992 locum
1784 921 1891 992 unius
1904 945 2028 1018 corpo·

446 1046 496 1116 ris
513 1041 717 1115 nullatenus
733 1039 884 1112 alterum
902 1064 1079 1139 occupare
1090 1054 1228 1139 potest,
1247 1041 1314 1112 nisi
1331 1040 1393 1112 illo
1409 1041 1573 1139 primitus
1589 1041 1683 1112 inter
1698 1039 1902 1113 recedente.
1923 1041 2028 1112 Undi-

337 1247 341 1256 ,
448 1191 519 1262 que
537 1187 624 1236 vero
643 1186 703 1234 aer
719 1161 795 1258 ipse
816 1174 851 1230 et
868 1160 977 1256 ignis,
995 1185 1041 1232 ne
1059 1154 1226 1232 devolare
1242 1160 1400 1232 fortassis
1415 1161 1574 1258 possint,
1593 1159 1906 1232 circumstantibus
1931 1162 2028 1257 aquis

449 1267 758 1379 comprimuntur3
775 1291 811 1350 et
824 1278 983 1375 undique
1004 1278 1246 1377 superpositas
1257 1277 1394 1350 habent
1406 1302 1536 1375 aquas,
1551 1276 1738 1376 quomodo
1751 1279 1788 1350 in
1805 1279 1907 1350 omni
1923 1276 2028 1374 globo

449 1427 528 1500 quae
544 1399 719 1473 exteriora
735 1411 819 1468 sunt
835 1398 1022 1495 superiora
1038 1411 1134 1470 sunt.
1155 1403 1201 1469 Ut
1225 1412 1346 1470 autem
1370 1397 1540 1472 cohibere
1565 1397 1625 1470 illa
1645 1412 1681 1469 et
1696 1399 1931 1496 comprimere
1944 1423 2027 1497 pos·

449 1523 539 1612 sint,
559 1516 695 1616 aliquid
711 1517 891 1613 gravitatis
904 1516 1019 1588 inesse
1036 1539 1180 1588 necesse
1196 1530 1267 1606 est,
1285 1530 1321 1588 et
1337 1517 1386 1589 ita
1402 1515 1606 1608 moderate,
1626 1530 1666 1590 ut
1682 1517 1728 1590 ab
1743 1516 1811 1590 illis
1827 1531 1957 1614 queant
1971 1543 2029 1588 su·

337 1633 339 1646 '
449 1640 609 1714 stentari.
629 1641 777 1730 Constat
795 1658 904 1725 vero,
924 1649 964 1707 ut
979 1635 1116 1707 dictum
1132 1650 1205 1725 est,
1220 1636 1295 1709 duo
1309 1651 1450 1710 tautum
1461 1636 1637 1710 elementa
1653 1637 1773 1733 gravia
1788 1662 1882 1725 esse,
1900 1651 2028 1708 terram

450 1761 583 1834 scilicet
598 1773 706 1854 atque
722 1780 874 1855 aquam,
892 1770 927 1829 et
943 1771 1076 1828 terram
1092 1757 1293 1852 graviorem
1307 1781 1413 1856 aqua.
1432 1757 1537 1832 Unde
1553 1773 1594 1830 ut
1608 1758 1829 1831 moderatior
1844 1772 1937 1830 esset
1953 1783 2030 1855 gra·

398 1891 403 1900 '
451 1882 554 1968 vitas,
577 1901 707 1974 aquam
722 1876 842 1974 potius
858 1897 968 1970 quam
983 1888 1116 1946 terram
1131 1875 1328 1974 superponi
1344 1877 1517 1976 oportuit,
1532 1902 1613 1974 quae
1627 1849 1665 1949 et
1680 1875 1816 1950 facilius
1827 1878 2028 1966 sustentari,

450 2025 472 2072 a
488 1997 625 2070 levibus
641 1995 771 2095 potuit.
788 1994 951 2091 Denique
967 1993 1005 2064 in
1022 1993 1078 2066 his
1094 1993 1321 2092 corporibus,
1334 2020 1414 2092 quae
1425 2021 1470 2068 ex
1481 2011 1637 2094 quatuor
1652 2011 1819 2069 constant
1833 1995 2028 2086 elementis,

450 2137 523 2194 tam
540 2118 706 2192 animatis
721 2140 831 2213 quam
847 2115 1073 2205 inanimatis,
1093 2114 1173 2212 quis
1194 2115 1454 2189 rationabiliter
1474 2142 1604 2215 negare
1626 2117 1756 2217 possit,
1778 2117 1855 2190 haec
1878 2132 2031 2215 quatuor

450 2243 626 2313 elementa
642 2236 702 2309 tali
720 2235 789 2306 sibi
805 2235 917 2307 modo
934 2233 1112 2334 copulari,
1132 2248 1172 2307 ut
1188 2235 1370 2308 nonnullae
1384 2236 1568 2336 particulae
1582 2234 1758 2310 leviorum
1773 2236 2030 2309 elementorum

451 2357 629 2456 aliquibus
646 2355 827 2456 particulis
846 2355 1050 2451 graviorum
1070 2357 1341 2454 supponantur?
1358 2360 1439 2429 Non
1455 2357 1553 2430 enim
1569 2353 1717 2453 alicujus
1737 2357 1857 2452 magni
1872 2357 2031 2454 corporis

451 2481 636 2553 inferiores
652 2491 771 2577 partes
787 2477 837 2548 ita
852 2501 999 2576 prorsus
1012 2477 1108 2574 ignei
1127 2477 1185 2548 vel
1201 2479 1287 2550 aerii
1301 2478 1469 2562 elementi
1485 2478 1706 2552 admixtione
1728 2478 1872 2576 penitus
1891 2493 2027 2566 carent,

450 2601 542 2673 sicut
557 2623 624 2671 nec
640 2597 842 2696 superiores
855 2596 902 2668 ab
915 2620 1010 2695 aqua
1026 2611 1062 2669 et
1078 2610 1173 2669 terra
1189 2621 1336 2696 prorsus
1351 2612 1436 2670 sunt
1452 2595 1649 2689 immunes3
1664 2596 1728 2670 sed
1744 2611 1819 2670 tam
1833 2597 2030 2695 superiores

449 2744 559 2818 quam
576 2718 761 2790 inferiores
777 2714 884 2812 hujus
900 2716 1063 2814 corporis
1079 2730 1197 2815 partes
1218 2742 1261 2789 ex
1280 2731 1437 2815 quatuor
1455 2730 1624 2790 constant
1646 2715 1851 2806 elementis,
1876 2739 2031 2812 congrua

421 2885 424 2891 -
449 2837 607 2938 quadarn
624 2835 777 2908 naturali
795 2833 1044 2906 moderatione
1069 2833 1137 2906 sibi
1155 2833 1348 2932 colligatis,
1362 2835 1462 2931 juxta
1480 2834 1569 2907 illud
1581 2835 1682 2934 quod
1698 2835 1745 2908 ad
1758 2840 1875 2906 Deum
1889 2834 2029 2922 dicitur,

454 2987 470 3025 n
488 2958 551 3054 qui
567 2956 727 3028 numeris
753 2953 930 3026 elementa
956 2953 1055 3050 ligas.
1075 2983 1092 3024 n
1115 2955 1212 3042 Quid
1237 2979 1324 3052 ergo
1345 2956 1478 3027 mirum
1504 2957 1535 3028 si
1559 2956 1596 3028 in
1621 2957 1884 3054 compositione
1908 2955 2031 3028 mundi

450 3102 544 3176 aqua
568 3078 650 3174 igne
674 3072 732 3147 vel
757 3099 838 3146 aere
865 3075 1007 3171 gravior
1029 3075 1225 3173 superponi
1244 3075 1364 3174 potuit
1390 3074 1474 3167 illis,
1493 3090 1530 3148 et
1550 3075 1597 3148 ab
1618 3075 1669 3148 eis
1691 3075 1799 3148 etiarn
1824 3077 2033 3148 sustentari?

500 3193 669 3268 Nonnulli
686 3206 804 3265 autem
822 3215 933 3291 aquas
950 3191 1027 3266 illas
1047 3193 1249 3292 superiores
1270 3192 1408 3289 glaciali
1428 3193 1659 3266 concretione
1679 3191 1848 3266 solidatas
1870 3209 1976 3290 atque
1996 3195 2030 3266 iu

451 3314 656 3414 crystallum
672 3313 874 3385 induruisse
888 3311 1153 3385 adstruxerunt.
1173 3311 1282 3400 Quod
1298 3311 1445 3409 quidem
1460 3313 1490 3384 si
1505 3313 1556 3385 ita
1572 3328 1648 3401 est,
1666 3328 1804 3410 quanto
1828 3315 1940 3409 magis
1952 3327 2031 3385 sunt

450 3437 589 3525 solidae,
608 3449 709 3508 tanto
735 3434 983 3505 vehementius
999 3431 1212 3504 conclusum
1227 3433 1347 3529 ignem
1365 3448 1401 3505 et
1416 3417 1536 3506 aerem
1559 3409 1732 3506 cohibent
1756 3459 1803 3506 ne
1828 3433 1949 3532 aliquo
1973 3433 2032 3506 ab

450 3555 618 3643 eosdem,
644 3569 681 3625 et
707 3566 808 3624 tanto
830 3551 956 3623 fortius
977 3550 1024 3624 ab
1046 3551 1131 3650 ipsis
1153 3567 1418 3642 sustentantur3
1452 3553 1526 3624 imo
1551 3551 1710 3626 fortassis
1734 3562 1802 3625 neo
1817 3553 1894 3651 jam
1914 3553 1961 3625 ab
1985 3554 2034 3626 eis

450 3674 640 3748 sustentari
660 3697 719 3744 eas
733 3695 877 3744 necesse
893 3686 959 3761 est,
973 3695 1053 3769 quae
1063 3672 1140 3768 jam
1156 3671 1274 3745 fluidae
1290 3698 1366 3745 non
1382 3688 1486 3764 sunt,
1502 3672 1565 3746 sed
1584 3674 1621 3746 in
1639 3673 1847 3771 crystallum
1862 3674 2029 3747 solidate.

452 3793 556 3864 Unde
566 3791 740 3889 Josephus
756 3789 1128 3889 Antr'qm‘tatum'libro
1143 3793 1281 3891 primo:
1304 3791 1490 3870 «Secunda
1498 3792 1556 3864 die
1572 3791 1703 3864 coelum
1715 3817 1825 3892 super
1832 3793 1956 3866 omnia
1964 3791 2033 3864 col·
2135 3833 2140 3843 ·

452 3914 602 4003 locavit,
624 3937 778 4010 eumque
793 3911 840 3984 ab
857 3911 933 3984 aliis
949 3910 1171 4009 distinguens
1188 3913 1224 3984 in
1243 3911 1434 4010 semflpso
1457 3913 1694 3985 constitutum
1711 3937 1787 3985 esse
1806 3913 1981 4012 percepit;
1998 3927 2034 3983 et

451 4036 483 4106 ei
500 4031 704 4131 crystallum
732 4029 998 4126 circumfigens,
1025 4029 1217 4103 humidum
1242 4055 1319 4104 esse
1342 4046 1378 4103 et
1398 4030 1552 4130 pluviale
1568 4029 1615 4104 ad
1636 4031 1825 4104 utilitatem
1841 4055 1921 4129 quae
1939 4029 1979 4100 tit
1992 4055 2033 4100 ex

450 4155 627 4228 imbribus
652 4169 753 4226 terrae
780 4176 939 4249 congrue
965 4150 1157 4224 fabricatus
1185 4165 1250 4224 est.
1269 4181 1286 4220 n
1312 4152 1552 4250 Hieronymus
1574 4149 1626 4222 ad
1648 4155 1828 4224 Oceanum
1848 4148 1895 4222 de
1932 4149 2034 4220 unius

452 4277 571 4348 uxoris
587 4277 666 4346 viro
683 4302 691 4345 :
713 4303 731 4342 e
748 4277 844 4345 inter
860 4270 991 4343 coelum
1007 4285 1044 4342 et
1060 4285 1193 4342 terram
1211 4270 1370 4343 medium
1388 4272 1560 4343 extruitur
1583 4269 1869 4356 firmamentum,
1889 4283 1927 4342 et
1937 4268 2034 4365 juxta

452 4393 611 4472 hebraici
636 4391 811 4464 sermonis
835 4387 1090 4487 etymologiam
1118 4387 1266 4480 coelum,
1289 4389 1327 4462 id
1358 4404 1412 4462 est
1432 4393 1585 4462 samaim
1604 4413 1648 4462 ex
1672 4389 1774 4487 aquis
1801 4388 1948 4461 sortitur
1969 4370 2034 4456 'vo-

452 4512 637 4602 cabulum,
663 4527 704 4584 ut
727 4536 828 4610 aquae
849 4535 929 4609 quae
951 4535 1060 4610 super
1083 4509 1192 4583 coelos
1214 4512 1356 4583 suntin
1383 4511 1507 4584 laudes
1526 4511 1674 4584 Domini
1689 4524 1914 4610 separentur.
1934 4505 2035 4580 Unde

451 4649 487 4706 et
503 4632 667 4706 Ezechiel
682 4631 891 4731 crystallum
906 4647 1014 4730 super
1034 4629 1222 4703 cherubim
1246 4629 1388 4704 videtur
1415 4647 1619 4722 extensum,
1638 4630 1677 4704 id
1704 4644 1757 4702 est
1780 4643 1975 4728 compactae
2000 4643 2037 4699 et

453 4755 636 4826 densiores
662 4777 774 4851 aquae.
796 4781 815 4821 n
830 4750 924 4824 Beda
942 4749 985 4822 de
1002 4777 1122 4824 rerum
1139 4753 1288 4838 Naturfs
1303 4779 1313 4821 :
1329 4781 1347 4820 n
1363 4751 1501 4824 Coelum
1522 4751 1714 4848 superioris
1739 4748 1864 4822 circuli
1890 4749 2036 4821 virtutes

453 4875 615 4956 continet
639 4873 836 4970 angelicas,
861 4895 940 4968 quae
961 4869 1008 4943 ad
1030 4897 1097 4944 nos
1121 4885 1289 4944 exeuntes
1309 4871 1462 4945 aetherea
1482 4893 1636 4970 corpora
1656 4883 1822 4958 sumunt,
1842 4883 1883 4940 ut
1898 4869 2036 4967 possint

452 4990 662 5063 hominibus
677 4992 785 5064 etiam
802 4991 841 5063 in
857 4989 999 5062 edendo
1016 4989 1179 5081 similari,
1196 4991 1394 5089 eademque
1410 4989 1460 5063 ibi
1477 5013 1626 5063 reversae
1637 4988 1838 5088 deponunt.
1853 4992 1930 5059 lfoc
1941 4991 2038 5057 Deus

450 5111 555 5208 aquis
571 5108 775 5207 glacialibus
788 5109 1017 5208 temperavit,
1031 5134 1078 5183 ne
1096 5108 1265 5183 inferiora
1284 5109 1518 5182 succenderet
1535 5107 1729 5198 elementa,
1743 5105 1875 5180 dehinc
1890 5103 2039 5187 inferius
