4486 6100
1038 591 1167 666 PETRI
1192 589 1424 664 sumntum

1097 1057 1364 1174 VERSUS
1394 1100 1397 1106 ’

1009 1311 1155 1384 PETRI
1184 1307 1452 1382 ABAELARDI

836 1537 912 1627 Al)
946 1533 1344 1626 Asrnnnsulun
1380 1531 1579 1624 FILIUM
1593 1516 1620 1622 ¹.

1167 1867 1299 1882 m

475 2175 603 2237 Carmen
616 2171 709 2249 illud,
725 2171 814 2255 cujus
827 2171 948 2234 initium
965 2168 1065 2232 iuerat
1082 2186 1102 2231 a
1121 2163 1322 2249 scriptoribus
1336 2165 1479 2227 Historia
1493 2164 1674 2228 litteraria'
1688 2164 1752 2247 jam
1764 2163 1939 2245 vulgatum,
1955 2165 2023 2246 pri-

433 2295 486 2339 mo
500 2273 614 2358 publici
628 2276 706 2356 juris
719 2274 793 2338 lecit
804 2277 838 2336 l).
857 2275 912 2336 Th.
928 2272 1062 2354 Wright,
1075 2291 1092 2335 e
1104 2269 1225 2334 duobus
1236 2268 1341 2332 llusaei
1354 2267 1522 2331 Britannici
1536 2265 1707 2345 codicibus,
1719 2266 1816 2330 altero
1828 2266 2025 2348 Burneiensi,

432 2380 529 2441 altero
537 2377 727 2442 Cottoniensi
738 2377 884 2441 erutumt
897 2379 1056 2442 Postremo
1069 2374 1246 2458 nuperrime
1255 2373 1440 2436 recensitum
1451 2370 1510 2434 tuit
1519 2369 1559 2434 ad
1572 2369 1664 2434 fidem
1674 2370 1791 2434 codicis
1802 2389 1820 2434 o
1830 2370 2026 2435 Bibliotheca

433 2482 535 2547 Sancti
557 2481 745 2559 sodomam,
765 2480 877 2544 saeculo
900 2493 967 2544 ιιιιι1
987 2487 1132 2562 vergente
1154 2477 1291 2556 exarati,
1314 2486 1345 2540 et
1369 2476 1403 2540 in
1424 2475 1523 2540 lucem
1544 2475 1634 2538 tertio
1655 2473 1808 2559 prolatum
1831 2485 1879 2539 est
1903 2477 1938 2539 in
1956 2477 2027 2539 Dia-
2133 2528 2138 2536 .

432 2585 478 2648 rio
499 2583 547 2647 cni
570 2584 676 2647 titulus
690 2592 737 2647 est
754 2583 965 2664 Biblioiithne
977 2583 1015 2646 de
1029 2583 1130 2645 l'ecoie
1148 2581 1201 2644 des
1216 2580 1343 2644 Clarias
1351 2579 1372 2640 ⁸.
1393 2581 1478 2642 Nora
1496 2585 1599 2641 autem
1612 2578 1672 2641 ista
1685 2577 1779 2641 editio
1793 2597 1812 2641 a
1826 2577 2027 2660 praecedenti-

432 2687 491 2750 bns
504 2686 634 2750 multum
649 2685 819 2767 discrepat,
833 2681 1031 2766 quamplura
1045 2682 1217 2760 addantur,
1233 2681 1411 2744 omittantur
1429 2679 1593 2755 nonnulla,
1609 2687 1692 2742 totus
1706 2676 1784 2741 ordo
1798 2679 1946 2743 carminis
1956 2699 2027 2764 per-

432 2795 577 2851 mutetur.
598 2787 734 2851 Alterum
753 2785 862 2850 hunc'
854 2784 948 2866 igitur
968 2793 1087 2848 textum
1106 2783 1204 2867 priori
1222 2780 1446 2864 subjiciendum
1469 2799 1538 2845 esse
1555 2779 1715 2857 duximus,
1735 2779 1841 2844 addita
1856 2779 2025 2847 lectionum

431 2890 576 2954 rametate
596 2891 727 2972 quesn
745 2887 800 2951 Th.
817 2886 939 2968 Wrigbt
952 2886 1044 2950 nobis
1059 2883 1276 2969 suppeditavit.

470 2993 642 3056 Verisimile
657 3001 704 3056 est
723 2989 915 3055 Abalardum
929 2989 1083 3074 Dysiiclro
1102 2991 1246 3070 Dionysii
1269 2989 1395 3052 Catonis
1408 2988 1447 3050 de
1462 2987 1598 3050 Meridies
1613 2987 1656 3049 ud
1664 2987 1771 3067 filium
1791 2987 1941 3052 imitanda
1965 2987 2028 3052 sibi

367 3125 370 3132 ¹
430 3095 630 3178 proposuisse
642 3094 734 3158 bisin
747 3093 887 3157 versibus
901 3093 969 3176 qui,
984 3092 1134 3155 memoria
1145 3090 1212 3172 ejus
1229 3087 1432 3152 commendeti
1445 3097 1553 3171 postea
1563 3106 1600 3150 ac
1616 3087 1748 3170 vulgati,
1760 3089 1904 3172 exemplo
1918 3088 2026 3160 forsan

431 3199 573 3279 luemnt,
593 3199 638 3261 uti
659 3206 763 3262 censet
780 3197 920 3278 Wright‚
942 3195 1111 3259 innumeris
1132 3191 1309 3276 hujusmodi
1329 3191 1485 3275 opusculis
1504 3210 1573 3275 quae
1594 3189 1716 3273 media,
1736 3202 1771 3255 ut
1789 3200 1920 3271 vocant,
1935 3201 2027 3257 astate

430 3299 552 3363 fuerunt
565 3300 746 3412 composita.
761 3299 897 3381 scriptor
909 3315 981 3359 vero
993 3295 1117 3379 quidam
1130 3295 1301 3359 recentior⁸
1314 3293 1543 3357 contenditboc
1553 3312 1678 3357 carmen
1690 3312 1769 3378 opus
1782 3313 1851 3358 esse
1866 3311 2030 3358 commen·

430 3401 530 3463 titium
537 3400 727 3484 ,spessimo
747 3397 881 3481 quodam
896 3397 1000 3461 fictum
1015 3405 1159 3476 auctore,
1174 3397 1242 3480 qni,
1257 3414 1318 3478 quo
1332 3395 1443 3458 melius
1456 3395 1619 3478 praeoeptis
1630 3395 1695 3459 suis
1709 3396 1837 3478 gratiam
1851 3395 2027 3476 legentium

429 3505 623 3583 conciliaret,
645 3503 793 3567 illustrem
813 3496 914 3576 *rm
935 3501 1090 3566 induxerit
1111 3521 1148 3564 ea
1168 3501 1381 3585 proferentem.
1409 3497 1540 3562 Dubium
1564 3507 1666 3562 tamen
1689 3498 1783 3562 nobis
1802 3498 1926 3563 ridetur
1948 3501 2031 3584 quin

430 3607 510 3671 hanc
522 3607 710 3690 opinionem,
725 3603 865 3690 quamvis
876 3623 939 3666 non
950 3603 1073 3668 indocte
1086 3610 1323 3686 propugnatum,
1339 3597 1545 3683 approbent
1524 3619 1547 3663 11
1561 3601 1615 3683 qni
1634 3600 1778 3665 noverint
1790 3609 1905 3684 quanta
1917 3603 1959 3666 sit
1971 3618 2029 3665 co-

430 3709 533 3774 dicum
547 3707 730 3786 auctoritas,
743 3715 775 3769 et
792 3724 884 3790 quam
896 3705 975 3770 levis
988 3705 1052 3769 sint
1066 3705 1126 3769 ista
1139 3712 1335 3786 argumenta,
1350 3721 1419 3786 qum
1438 3703 1583 3787 quisque,
1603 3711 1638 3765 nt
1658 3701 1752 3782 libet,
1777 3702 1862 3768 ducit
1880 3723 1921 3792 ιιι
1940 3706 2032 3788 ipso-

350 3868 357 3882 .
430 3830 499 3876 rum
511 3829 639 3894 operum
655 3809 734 3891 stylo
747 3827 784 3872 ac
797 3827 919 3890 genere.

470 3919 558 3980 bom.
572 3914 740 3991 Gerraim‘,
750 3911 977 3996 nescioquibns
990 3911 1272 3996 repertisindiciis,
1287 3911 1665 3975 rersnsoddsirnlobinm
1675 3839 2031 3982 affirmatabbbaelardo

430 4018 621 4102 compositos
632 4017 728 4082 inisse
742 4016 817 4080 dum
831 4024 968 4079 maneret
981 4015 1013 4078 in
1030 4014 1150 4080 abbatia
1165 4016 1268 4078 Sancti
1281 4013 1429 4096 Dionysii.

429 4357 567 4415 Astralabi
581 4355 637 4428 fili,
649 4355 710 4411 vita
722 4351 842 4410 dulcedo
855 4364 990 4428 paterna,
1246 4352 1342 4423 Quum
1353 4349 1407 4407 tibi
1420 4347 1542 4406 defuerit
1553 4349 1654 4432 qnod
1641 4348 1744 4421 discas,
1758 4351 1864 4411 discere
1878 4375 1973 4425 cessa,

462 4449 601 4504 Doctrina
616 4443 710 4503 studio
724 4463 811 4520 panca
824 4443 954 4519 relinqno
965 4454 1030 4500 ture.
1282 4439 1341 4496 Nec
1355 4440 1408 4496 tibi
1423 4438 1586 4495 cessandum
1599 4438 1704 4497 dixeris
1716 4459 1776 4500 esse
1789 4445 1878 4519 prius.

428 4539 519 4613 Major
531 4537 658 4594 discendi
671 4536 724 4592 tibi
739 4536 776 4591 sit
790 4553 874 4610 qnam
888 4553 956 4590 cura
969 4531 1104 4602 docendi,
1246 4532 1329 4588 Disce
1341 4531 1392 4586 diu
1406 4531 1540 4605 firmaque
1554 4531 1607 4587 tibi
1620 4531 1755 4608 tardaque
1768 4534 1878 4604 docere,

462 4631 538 4686 Hinc
552 4628 613 4684 aliis
624 4629 729 4684 etenim
745 4625 871 4701 proficis,
886 4623 952 4680 inde
964 4625 1028 4682 tihi.
1197 4627 1200 4634 '
1283 4625 1379 4700 Atque
1391 4621 1426 4677 ad
1438 4620 1617 4679 scribendum
1629 4641 1665 4678 ne
1675 4623 1732 4679 cito
1745 4622 1880 4699 prosilias.

462 4863 603 4916 *siccat
613 4865 712 4917 Cotton.
725 4859 1205 4929 -sadtitnlusnonidemubiqneoo-
1244 4860 1422 4922 in-8⁰,tl,
1447 4861 1735 4929 p.15·21.-Ssc
1757 4873 1849 4916 uma·
1866 4863 1903 4927 ll,
1921 4882 1952 4930 p.
1981 4869 2038 4920 toa

428 4949 512 5002 currit.
534 4947 593 5000 sert
613 4947 675 5002 (lod.
694 4947 851 5000 Bnrneiemis
871 4947 988 5000 Doctrina
1007 4950 1118 5014 mopiam·
1137 4946 1206 4998 Petri
1246 4957 1369 5015 atsqn-
1379 4947 1505 4999 ‘Joumol
1525 4951 1568 5000 dm
1584 4959 1683 5000 carunto
1703 4951 1733 5000 da
1754 4947 1912 5003 Nomndir.
1935 4951 2039 5020 Caen,

428 5036 564 5094 Aboelordi,
574 5033 667 5084 etCod
677 5032 760 5084 Sancti
773 5031 905 5084 Andomari
918 5032 1051 5083 Sententiae
1060 5032 1129 5082 Petri
1137 5033 1208 5084 Aba
1250 5033 1326 5094 tati,
1347 5033 1473 5084 in·8⁰.—
1482 5031 1550 5085 ‘Via
1569 5033 1723 5096 u'Abuimrd,
1741 5033 1823 5098 Paris,
1847 5037 1926 5098 llio,
1942 5039 2039 5095 ivel.

429 5123 547 5172 lardi.-
560 5117 654 5170 'Tum
671 5117 732 5181 llll,
752 5133 777 5183 p.
802 5119 902 5168 134.-
914 5117 1068 5180 'Reliionioe
1085 5120 1205 5184 ριιιᾳιιω.
1247 5118 1317 5169 in-12
1326 5117 1512 5184 „,..rlprro

430 5205 477 5257 lid.
496 5203 545 5257 Th.
562 5203 661 5270 Wright
675 5200 738 5255 etl.
752 5203 780 5254 0.
796 5201 924 5290 liallirrell.
940 5200 1060 5264 bondon,
1080 5201 1207 5262 ratast,
