4522 6102
476 637 522 707 96
905 635 1032 704 PETlll
1060 631 1291 706 ABAELluot
1319 633 1374 704 ET
1398 635 1623 707 HELOlSSAE

474 777 671 846 miserrima
695 787 729 843 et
755 767 953 870 pauperum
974 772 1103 844 Christi
1129 773 1291 869 religioni
1313 775 1453 871 penitus
1475 777 1652 846 contraria
1672 792 1771 848 tanto
1796 793 1847 848 est
1865 779 1966 850 silere
1984 777 2049 852 ho·

473 896 606 965 nestius
633 906 767 987 quanto
792 889 891 986 loqui
919 890 1070 989 turpius.
1100 893 1171 978 Qui
1198 893 1339 988 penitus
1363 891 1583 987 judaizantes
1617 895 1914 966 consuetudinem
1947 921 2047 969 suam

472 1027 669 1109 sequuntur
686 1035 752 1108 pro
778 1009 915 1105 regula,
937 1024 972 1080 et
994 1009 1132 1080 irritum
1152 1009 1310 1081 fecerunt
1329 1009 1537 1082 mandatum
1550 1013 1615 1082 Dei
1631 1037 1694 1109 per
1716 1013 1923 1086 traditiones
1943 1041 2045 1106 suas3

469 1157 544 1206 uon
562 1130 662 1228 quod
675 1129 821 1218 debeat,
843 1128 907 1199 sed
924 1128 1024 1226 quod
1038 1127 1148 1199 soleat
1162 1128 1403 1217 attendentes,
1423 1152 1556 1225 quum,
1578 1145 1617 1201 ut
1630 1131 1754 1202 beatus
1768 1134 1874 1204 etiam
1888 1136 2049 1207 meminit

470 1251 712 1346 Augustinus¹,
729 1249 906 1318 Dominus
918 1247 1047 1318 dixerit
1058 1250 1087 1316 ¹:
1103 1277 1121 1314 «
1137 1251 1211 1344 Ego
1225 1272 1303 1318 sum
1317 1249 1462 1336 veritas,
1483 1277 1500 1314 u
1514 1272 1588 1319 non
1604 1275 1611 1318 ε
1659 1274 1704 1321 σο
1718 1275 1798 1322 sum
1810 1252 2043 1325 consuetudo.

467 1377 604 1440 Horum
623 1367 863 1455 orationibus,
887 1391 966 1463 quae
984 1381 1107 1464 aperto
1126 1367 1257 1439 scilicet
1270 1365 1360 1437 fiunt
1378 1369 1488 1456 ostio,
1504 1370 1565 1464 qui
1578 1369 1730 1440 voluerit
1748 1395 1785 1440 se
1804 1373 2042 1443 commendet.

467 1494 537 1559 Vos
562 1503 683 1559 autem
701 1509 779 1582 quae
801 1487 838 1555 in
861 1485 1066 1556 cubiculum
1083 1485 1234 1557 coelestis
1255 1487 1345 1582 regis
1363 1485 1408 1556 ab
1430 1487 1508 1585 ipso
1527 1487 1756 1576 introductae,
1782 1502 1887 1585 atque
1912 1491 1948 1559 in
1971 1491 2044 1584 ejus

464 1607 685 1706 amplexibus
703 1606 941 1701 quiescentes,
963 1604 1083 1675 clauso
1102 1629 1242 1703 semper
1261 1607 1353 1675 ostio
1373 1606 1406 1676 ei
1421 1619 1502 1677 totae
1520 1607 1668 1696 vacatis,
1689 1621 1823 1703 quanto
1844 1607 2044 1679 familiarius

464 1734 496 1800 ei
515 1728 718 1815 adhaeretis,
738 1728 838 1822 juxta
861 1726 949 1800 illud
963 1726 1161 1824 apostoli³:
1187 1728 1291 1812 «Qui
1313 1726 1469 1797 adhaeret
1493 1728 1649 1798 Domino
1665 1753 1756 1798 unus
1777 1730 1919 1826 spiritus
1939 1745 2006 1817 est,
2024 1761 2041 1795 x

464 1862 565 1917 tanto
584 1846 767 1944 puriorem
785 1859 820 1916 et
838 1841 1075 1915 efficaciorem
1093 1842 1225 1915 habere
1247 1841 1462 1914 confidimus
1487 1843 1708 1936 orationem,
1731 1860 1767 1916 et
1785 1844 1834 1915 ob
1851 1846 1921 1917 hoc
1938 1846 2042 1917 vehe-

464 1967 617 2036 mentius
635 1987 756 2033 earum
776 1963 1008 2059 efflagitamus
1026 1987 1145 2060 opem.
1163 1967 1260 2050 Quas
1278 1963 1384 2033 etiam
1406 1977 1504 2034 tanto
1523 1961 1686 2034 devotius
1702 1989 1770 2062 pro
1792 1989 1849 2034 me
1870 1964 2043 2035 faciendas

464 2110 539 2156 esse
558 2083 756 2171 credimus,
773 2098 909 2180 quanto
929 2083 1063 2178 majore
1081 2107 1148 2153 nos
1165 2083 1318 2153 invicem
1332 2081 1502 2153 charitate
1515 2083 1669 2179 colligati
1683 2107 1817 2152 sumus.

511 2203 618 2289 Quod
648 2225 734 2273 vero
758 2203 941 2272 mentione
968 2200 1114 2299 periculi
1138 2201 1174 2270 in
1197 2224 1271 2296 quo
1293 2199 1438 2289 laboro,
1464 2200 1520 2271 vel
1546 2202 1671 2271 mortis
1693 2225 1802 2297 quam
1824 2203 1952 2290 timeo,
1982 2227 2041 2272 vos

463 2323 643 2393 commovi
658 2375 667 2411 ,
686 2321 786 2416 juxta
797 2323 911 2417 ipsam
923 2344 1068 2416 quoque
1082 2335 1179 2390 tuam
1198 2319 1394 2390 factumest
1407 2320 1689 2391 exhortationem
1703 2375 1712 2408 ,
1735 2322 1807 2390 imo
1820 2321 1928 2390 etiam
1946 2321 2043 2416 adju·

463 2445 650 2512 rationem.
673 2440 731 2510 sic
754 2441 849 2510 enim
875 2439 1008 2537 prima,
1039 2462 1148 2534 quam
1165 2437 1211 2508 ad
1236 2463 1294 2508 me
1310 2437 1485 2527 direxisti,
1506 2438 1665 2534 quodam
1686 2439 1766 2508 loco
1792 2440 1951 2509 continet
1969 2441 2041 2536 epi-

461 2562 550 2631 stola
574 2588 581 2628 :
606 2589 623 2626 o
648 2565 715 2630 Per
734 2561 851 2656 ipsum
874 2560 991 2655 itaque
1014 2561 1076 2656 qui
1102 2575 1135 2630 te
1157 2558 1224 2629 slbi
1246 2558 1364 2630 adhue
1384 2584 1532 2656 quoquo
1554 2559 1665 2630 modo
1690 2560 1842 2656 protegit
1863 2559 2040 2630 Christum

461 2680 708 2765 obsecramus,
731 2691 906 2772 quatenus
928 2675 1110 2747 ancillulas
1133 2678 1241 2773 ipsius
1259 2691 1295 2746 et
1314 2691 1390 2746 tuas
1409 2677 1541 2747 crebris
1563 2675 1684 2746 litteris
1698 2676 1744 2747 de
1761 2674 1835 2763 his,
1858 2677 1895 2746 in
1914 2677 2041 2772 quibus

460 2797 579 2866 adhuc
602 2797 771 2883 fluctuas,
796 2795 985 2889 naufragiis
1005 2793 1198 2866 certificare
1218 2794 1371 2889 digneris
1393 2821 1401 2863 ι
1424 2810 1463 2863 ut
1481 2819 1547 2864 uos
1565 2795 1689 2865 saltem
1712 2819 1790 2891 quae
1808 2794 1871 2866 tibi
1889 2793 1971 2865 solae
1989 2821 2041 2866 re-

461 2916 673 3000 mansimus,
691 2912 827 2983 doloris
846 2912 903 2982 vel
917 2911 1034 3008 gaudii
1057 2912 1246 3009 participes
1263 2911 1408 2982 habeas.
1425 2912 1549 2983 Solent
1564 2912 1660 2983 enim
1679 2912 1814 2984 dolenti
1834 2913 2040 2984 nonnullam

460 3035 584 3103 afferre
614 3031 896 3102 consolationem
924 3031 986 3126 qui
1013 3031 1224 3120 condolent,
1252 3045 1286 3102 et
1312 3030 1499 3127 quodlibet
1526 3055 1618 3102 onus
1648 3031 1809 3129 pluribus
1835 3035 2039 3131 impositum

460 3154 571 3222 levius
594 3154 785 3221 sustinetur
807 3152 880 3220 sive
903 3150 1070 3221 defertur.
1092 3179 1109 3214 n
1131 3150 1227 3235 Quid
1247 3151 1352 3245 igitur
1376 3153 1511 3247 arguis,
1541 3151 1641 3247 quod
1659 3176 1723 3221 vos
1749 3153 1933 3224 anxietatis
1957 3179 2039 3225 mete

460 3272 647 3368 participes
666 3270 750 3357 feci,
772 3269 817 3340 ad
830 3269 928 3364 quod
941 3293 998 3339 me
1018 3268 1217 3363 adjurando
1236 3269 1462 3366 compulisti?
1482 3269 1662 3366 Numquid
1680 3272 1717 3340 in
1737 3285 1832 3342 tanta
1852 3273 1950 3361 vitae,
1969 3297 2039 3369 qua

460 3392 618 3476 crucior,
636 3387 884 3484 desperatione
904 3385 1058 3482 gaudere
1071 3411 1137 3456 vos
1150 3387 1338 3458 convenit?
1361 3392 1432 3459 Nec
1450 3387 1584 3460 doloris
1603 3391 1725 3477 sociae,
1744 3390 1807 3460 sed
1825 3391 1945 3486 gaudii
1965 3407 2039 3461 tan·

460 3522 537 3576 turn
558 3507 663 3577 vultis
684 3529 776 3594 esse,
800 3529 867 3574 nec
881 3505 966 3574 llere
981 3517 1063 3574 c'um
1086 3503 1271 3594 flentibus,
1292 3503 1354 3575 sed
1372 3506 1526 3601 gaudere
1553 3531 1636 3578 cum
1659 3507 1919 3604 gaudentibus?
1940 3507 2039 3579 Nulla

460 3629 574 3722 major
589 3651 756 3698 verorum
771 3641 804 3696 et
825 3624 994 3696 salsorum
1006 3622 1204 3694 differentia
1218 3640 1271 3695 est
1282 3627 1496 3715 amicorum,
1515 3651 1624 3723 quam
1638 3627 1739 3723 quod
1753 3627 1803 3697 illi
1817 3627 2035 3717 adversitati,

457 3749 514 3817 isti
528 3747 752 3846 prosperitati
763 3771 800 3816 se
812 3747 960 3816 sociant.
976 3745 1138 3832 Quiesce,
1153 3743 1317 3834 obsecro,
1331 3743 1376 3815 ab
1387 3746 1442 3816 bis
1457 3746 1561 3817 dictis
1569 3797 1578 3830 ,
1594 3760 1629 3817 et
1642 3746 1849 3841 hujusmodi
1862 3749 2038 3844 querimo-

459 3871 535 3938 nias
559 3891 765 3965 compesce,
791 3889 869 3961 quae
888 3889 909 3935 a
928 3863 1119 3934 visceribus
1138 3863 1318 3936 charitatis
1339 3864 1534 3937 absistunt*
1552 3865 1767 3960 longissime.
1793 3871 1858 3937 Aut
1875 3867 1904 3935 si
1921 3866 2038 3936 adhue

457 3988 493 4055 in
518 3986 573 4055 his
594 3985 805 4073 offenderis,
830 4009 888 4054 me
915 3984 1089 4054 tamenin
1112 3997 1211 4053 tanto
1236 3982 1383 4080 periculi
1404 3985 1559 4081 positum
1583 3982 1751 4074 articulo,
1778 3999 1812 4054 et
1832 3984 2037 4079 quotidiana

458 4105 706 4201 desperatione
729 4103 827 4190 vitae,
857 4101 903 4172 de
923 4102 1034 4171 salute
1055 4101 1181 4170 animae
1199 4099 1390 4170 sollicitum
1411 4125 1486 4172 esse
1508 4103 1693 4189 convenit,
1715 4117 1751 4171 et
1770 4102 1815 4172 de
1833 4103 1928 4198 ipsa,
1950 4103 2037 4172 dum

456 4222 556 4310 licet,
578 4223 780 4320 providere.
797 4225 868 4292 Nec
887 4235 945 4306 tu,
964 4220 993 4292 si
1012 4242 1070 4288 me
1084 4241 1167 4288 vere
1185 4217 1316 4314 diligis,
1336 4219 1430 4289 hanc
1443 4243 1587 4290 exosam
1599 4220 1862 4316 providentiam
1875 4219 2033 4291 habebis.

457 4346 551 4430 Quin
564 4345 671 4413 etiam
685 4343 833 4437 siquam
846 4339 892 4411 de
905 4339 1026 4409 diviua
1044 4361 1126 4432 erga
1140 4359 1197 4407 me
1210 4337 1450 4408 misericordia
1469 4362 1569 4435 spem
1588 4337 1756 4420 haberes,
1775 4353 1873 4408 tauto
1887 4339 2037 4435 amplius

457 4461 501 4530 ab
520 4461 625 4556 hujus
636 4461 714 4530 vitae
727 4459 893 4530 aerumuis
907 4457 1047 4528 liberari
1059 4480 1116 4525 me
1129 4479 1296 4552 cuperes,
1318 4471 1452 4552 quanto
1467 4481 1526 4527 eas
1539 4459 1715 4556 conspicis
1727 4455 2033 4528 intolerabiliores.

457 4583 600 4649 Certum
618 4580 752 4676 quippe
770 4576 832 4647 tibi
846 4591 917 4663 est,
938 4574 1037 4670 quod
1058 4573 1216 4668 quisquis
1235 4573 1282 4642 ab
1294 4573 1362 4644 hac
1378 4576 1447 4646 vita
1467 4599 1524 4644 me
1545 4574 1688 4662 liberet,
1710 4574 1908 4646 amaximis
1922 4577 2037 4672 poenis
2143 4573 2151 4582 ’

457 4713 566 4767 eruet.
585 4703 680 4783 Quas
697 4712 820 4793 postea
837 4695 1018 4766 incurram
1037 4693 1211 4762 incertum
1229 4709 1300 4780 est,
1324 4693 1385 4763 sed
1405 4718 1426 4763 a
1448 4692 1589 4791 quantis
1607 4693 1770 4764 absolvar
1790 4692 1940 4763 dubium
1959 4719 2033 4764 non

457 4832 520 4886 est.
547 4817 673 4885 Omnis
690 4816 763 4885 rita
784 4815 909 4884 misera
920 4811 1121 4907 jucundum
1136 4813 1269 4882 exitum
1283 4810 1411 4900 habet,
1432 4827 1468 4882 et
1485 4812 1690 4908 quicunque
1708 4811 1861 4882 aliorum
1882 4813 2036 4884 anxieta-

457 4936 549 5006 tibus
576 4961 658 5005 vere
681 4934 946 5032 compatiuntur
972 4947 1007 5002 et
1027 4931 1238 5020 condolent,
1261 4956 1319 5002 eas
1339 4931 1432 5002 finiri
1455 4931 1697 5020 desiderant‘,
1724 4947 1864 5003 etcum
1894 4933 2036 5004 damnis

490 5129 496 5154 ⁸
520 5131 578 5190 opp.
600 5128 712 5186 Parisiis,
736 5128 812 5184 teat,
833 5127 926 5186 insol,
952 5139 969 5176 ι.
990 5127 1037 5186 lll,
1057 5126 1105 5174 col.
1130 5127 1227 5172 182.-
1261 5139 1286 5172 r.
1307 5125 1344 5172 ll.
1363 5150 1388 5160 —
1404 5121 1413 5147 ¹
1429 5123 1510 5187 longo
1532 5126 1619 5174 uberent
1641 5127 1765 5191 interuallo
1786 5121 1855 5172 llllS.
1873 5122 2036 5172 -⁵Sunuuo

457 5213 569 5268 ⁸locu,
590 5225 645 5276 cap.
665 5227 720 5270 xxv,
743 5227 766 5258 r.
791 5212 827 5260 16.
848 5237 875 5246 -
899 5210 1030 5259 'canath
1059 5205 1086 5265 l,
1109 5222 1164 5271 cap.
1189 5224 1227 5264 vr,
1262 5203 1549 5256 ardoreoestuantllllS.
