4536 6102
633 605 678 678 ΙΝ
701 601 858 676 Natat}
882 598 1033 674 stct't
1059 596 1272 672 STEPHANI
1296 596 1459 669 SERMO·
1764 599 1833 672 555

257 759 325 817 stat
341 769 417 820 esse
431 761 603 845 tanquam
618 746 773 846 propriis
789 742 950 842 partibus
965 741 1136 814 libidinis.
1155 739 1263 827 Quod
1278 738 1466 836 diligeutm
1484 737 1658 810 maximus
1668 737 1727 810 ille
1740 738 1836 810 ebri-

255 867 453 938 stianorum
478 865 715 965 philosophus
736 866 908 960 Origenes
927 862 1132 950 attendens,
1156 860 1334 958 corporali
1351 883 1495 958 quoque
1516 857 1634 954 gladio
1651 861 1688 931 in
1705 877 1834 934 semet·

255 985 334 1084 ipso
354 1011 451 1078 usus,
470 1013 597 1060 manus
617 987 685 1060 sibi
700 987 834 1097 inlerrg
846 985 1024 1074 sustinuit,
1043 1009 1116 1081 quo
1132 984 1210 1054 sinc
1225 982 1428 1081 suspicione
1443 982 1653 1053 inlamiaead
1670 983 1836 1057 mulieres

256 1130 402 1204 quoque
421 1107 647 1179 instruendas
672 1105 824 1177 liberum
845 1128 1025 1176 aceessum
1042 1115 1163 1200 posset
1181 1101 1326 1172 babere.
1345 1104 1396 1170 Ex
1412 1100 1530 1198 primo
1547 1125 1692 1197 quoque
1707 1103 1837 1174 Dialo-

252 1247 379 1321 gorum
394 1225 489 1297 beati
505 1227 668 1323 Gregorii
685 1225 795 1298 libro¹
813 1223 1004 1301 didicimus
1019 1221 1260 1295 venerabilem
1279 1220 1462 1319 Equitium
1478 1220 1662 1311 abbatem,
1682 1237 1723 1292 ut
1738 1222 1837 1295 lenti·

256 1367 384 1418 narum
400 1369 545 1444 quoque
561 1346 785 1418 monasteriis
801 1368 949 1445 praeesse
965 1341 1130 1429 deberet,
1151 1341 1198 1412 ab
1213 1339 1340 1436 angelo
1357 1339 1553 1437 pervisum
1567 1339 1618 1411 ita
1633 1340 1836 1438 spiritaliter

256 1463 529 1536 eunuchisaturn
545 1489 642 1555 esse,
667 1479 708 1536 ut
722 1465 901 1536 incentiva
915 1463 1033 1534 carnis
1047 1460 1179 1558 quibus
1200 1461 1317 1558 primo
1335 1459 1488 1555 graviter
1507 1459 1765 1551 incestabatur,
1785 1463 1836 1532 sio

256 1585 292 1688 in
309 1579 357 1688 qo²
370 1585 512 1682 penitus
529 1587 818 1680 extinguerentur
834 1609 875 1657 ac
891 1585 920 1656 si
936 1585 1087 1655 omnino
1103 1582 1273 1680 deinceps
1288 1581 1423 1653 viveret
1445 1581 1522 1652 sine
1538 1605 1635 1652 sexu.

303 1707 393 1776 Sunt
418 1705 480 1805 qui
503 1729 611 1803 super
641 1705 758 1776 femur
778 1704 934 1777 alienum
954 1703 1074 1801 potius
1096 1725 1206 1798 quam
1230 1724 1338 1797 super
1363 1723 1470 1770 suum
1495 1697 1653 1793 gladium
1677 1698 1834 1788 habeut,

254 1847 369 1919 quum
392 1823 501 1920 aliqui
525 1847 600 1894 non
627 1837 700 1894 tam
723 1823 818 1894 bene
841 1822 1001 1893 viventes
1022 1845 1132 1918 quam
1150 1819 1401 1917 praedicantes,
1420 1818 1572 1890 aliorum
1597 1819 1838 1890 incestuosam

255 1942 366 2012 vitam
387 1943 501 2037 magia
520 1943 704 2037 corrigunt
726 1965 836 2038 quarn
864 1941 1062 2039 propriam.
1085 1940 1243 2010 limores
1269 1939 1438 2010 nocturni
1469 1952 1553 2008 sunt
1581 1935 1837 2009 sollicitudines

253 2073 460 2130 sanctorum
481 2060 527 2131 de
548 2059 765 2157 quibuslibet
789 2058 924 2130 diaboli
948 2057 1103 2130 vitandis
1123 2057 1275 2128 insidiis.
1297 2061 1483 2153 Tanquam
1503 2056 1601 2126 enim
1620 2056 1657 2126 in
1682 2054 1845 2129 tenebris·

254 2179 372 2249 omnis
387 2178 560 2251 insidians
572 2179 669 2267 latet,
684 2195 720 2250 et
730 2179 876 2276 perlecti
890 2177 1053 2276 quilibet,
1067 2179 1129 2274 qui
1139 2178 1215 2273 jam
1230 2176 1417 2250 manifeste
1427 2177 1590 2248 vicerunt
1602 2191 1835 2265 tentamenta,

254 2295 300 2368 de
320 2296 376 2368 his
402 2311 564 2395 superest
588 2312 628 2368 ut
648 2299 806 2393 cogitent
825 2322 905 2395 quae
925 2287 1039 2394 magis
1057 2281 1142 2368 sunt
1161 2295 1319 2386 occulta,
1348 2311 1384 2368 et
1411 2294 1589 2368 difficilius
1615 2295 1838 2394 deprehendi

254 2430 416 2512 possunt.
437 2417 541 2488 Unde
567 2431 604 2489 et
627 2417 827 2490 secundum
851 2431 1008 2489 veterem
1030 2415 1222 2488 Ezechielis
1242 2414 1532 2503 translationem,
1550 2429 1590 2485 ut
1614 2415 1740 2488 beatus
1762 2442 1837 2490 me·

253 2535 357 2605 minit
372 2537 581 2632 Gregorius,
599 2553 721 2610 sancta
736 2536 796 2609 illa
815 2553 971 2634 quatuor
986 2536 1154 2609 animalia
1168 2535 1293 2608 oculos
1314 2535 1353 2606 in
1368 2535 1479 2606 dorso
1498 2533 1632 2606 habere
1654 2536 1835 2610 dicarem.
1916 2559 1922 2575 ·

253 2654 361 2742 Quod
379 2655 455 2753 ipse
470 2655 657 2753 diligenter
675 2681 880 2755 exponens,
899 2658 970 2728 ait¹
987 2685 995 2728 :
1014 2685 1032 2724 n
1047 2662 1092 2727 Et
1106 2656 1182 2728 baec
1197 2655 1345 2754 quidem
1358 2629 1444 2727 vitia
1459 2679 1538 2751 quae
1554 2656 1744 2728 virtutibus
1761 2656 1840 2728 fini·

253 2773 340 2845 tima
356 2788 457 2864 sunt,
477 2776 604 2871 majori
621 2775 860 2847 sollicitudine
878 2775 1141 2848 consideranda
1157 2790 1258 2864 sunt,
1278 2799 1324 2846 ne
1339 2799 1404 2873 per
1418 2775 1574 2872 speciem
1598 2773 1732 2847 fallant.
1754 2803 1772 2844 a
1794 2779 1838 2849 Et

252 2909 336 2990 post
355 2895 498 2992 aliqua:
521 2923 540 2963 a
555 2899 606 2968 Ea
621 2897 719 2968 enim
740 2921 819 2994 quae
836 2897 873 2968 in
890 2896 979 2970 facie
995 2911 1095 2986 sunt,
1120 2919 1212 2994 saepe
1233 2895 1343 2967 etiam
1358 2909 1563 2993 peccatores
1580 2894 1761 2966 custodire
1776 2921 1836 2968 so·

252 3012 340 3084 lent.
360 3016 449 3086 Justi
472 3030 592 3088 autern
614 3017 751 3113 quiase
768 3017 856 3088 etin
875 3016 925 3088 eis
940 3015 1169 3104 custodiunt,
1189 3039 1268 3112 quae
1290 3016 1326 3085 in
1353 3028 1524 3112 promptu
1540 3028 1576 3085 et
1595 3014 1633 3084 in
1650 3014 1739 3085 facie
1758 3039 1834 3088 non

252 3131 434 3222 videntur,
452 3134 489 3204 in
513 3134 629 3205 dorsis
649 3134 774 3207 oculos
793 3135 949 3224 habent,
968 3137 1054 3232 quia
1067 3149 1104 3206 et
1121 3159 1163 3207 ea
1180 3158 1260 3231 quae
1274 3134 1312 3204 in
1329 3132 1441 3205 oculis
1461 3146 1546 3204 sunt
1564 3131 1781 3222 discutiunt,
1800 3149 1838 3206 et

252 3251 299 3322 ab
315 3251 371 3326 bis
392 3277 430 3324 se
449 3254 658 3326 custodiunt
678 3279 757 3351 quae
778 3255 902 3327 latent.
923 3284 942 3324 a
964 3260 1111 3328 Pensate
1136 3255 1273 3352 itaque,
1296 3251 1530 3326 dilectissimae
1547 3277 1707 3344 sorores,
1726 3278 1837 3350 quam

251 3369 415 3467 obsequii
430 3373 547 3443 vicem
561 3365 618 3444 his
633 3388 708 3445 tarn
726 3374 873 3470 egregiis
890 3373 1060 3446 ministris
1075 3373 1207 3445 referre
1222 3370 1401 3461 debeatis,
1415 3387 1451 3443 et
1466 3386 1567 3443 tanto
1585 3373 1711 3468 majori
1728 3372 1837 3457 devo-

252 3489 351 3562 tione
364 3491 524 3564 natalitia
539 3493 700 3589 ipsorum
716 3492 910 3582 celebrate,
928 3491 1065 3590 quanto
1080 3491 1245 3563 fidelibus
1261 3491 1317 3563 bis
1336 3492 1421 3563 viris
1437 3490 1742 3589 dispensatoribus
1755 3517 1832 3566 am·

253 3610 346 3707 plim
362 3599 444 3682 estis
460 3610 636 3683 obnoxiae.
653 3612 866 3710 Perpendite
880 3626 918 3683 et
932 3628 1068 3710 quanto
1078 3637 1144 3684 vos
1159 3612 1301 3685 honore
1317 3611 1440 3684 divina
1455 3613 1568 3708 gratia
1577 3587 1834 3703 sublimaverit,

252 3729 317 3826 qui
334 3741 399 3801 vos
414 3733 572 3826 primum
591 3755 673 3802 suas
690 3747 726 3802 et
741 3732 976 3828 postmodum
991 3731 1240 3830 apostolorum
1254 3729 1381 3804 habuit
1397 3732 1590 3822 diaconas,
1619 3755 1734 3828 quum
1759 3747 1833 3806 tem

254 3849 322 3920 illis
340 3873 450 3947 quam
471 3849 545 3922 istis
569 3852 699 3923 sanctis
720 3850 838 3922 viduis
854 3852 900 3922 de
923 3852 997 3923 suis
1016 3849 1244 3924 facultatibus
1265 3865 1405 3923 constet
1425 3852 1655 3924 ministrasse.
1680 3850 1784 3924 Unde
1801 3865 1837 3924 et

251 3973 348 4069 ipsas
360 3986 435 4044 tam
447 3972 618 4044 diaconas
630 3996 739 4070 qnam
751 3972 970 4045 diaconissas
982 3973 1176 4070 antiquitus
1188 3970 1367 4070 appellare
1378 3971 1546 4044 doctores
1560 3973 1674 4043 sancti
1689 3996 1839 4046 consue·

252 4087 349 4164 iere.
369 4097 423 4164 De
447 4115 600 4190 quarum
616 4093 724 4164 etiam
740 4093 871 4164 mensis
892 4093 984 4164 ordo
1006 4093 1216 4164 diaconatus
1231 4093 1269 4162 in
1285 4089 1462 4189 predictis
1476 4089 1561 4161 viris
1576 4091 1765 4186 incoeptus,
1789 4090 1836 4162 ad

253 4209 473 4284 dominicam
489 4210 608 4286 altaris
627 4235 790 4284 mensam
808 4211 1044 4310 postmodum
1059 4217 1118 4283 est
1127 4209 1335 4300 mandatus,
1354 4209 1477 4306 utqui
1498 4207 1734 4280 diaconarum
1758 4207 1834 4281 sue·

252 4343 334 4400 rant
350 4330 516 4420 diaconi,
534 4355 633 4403 nunc
647 4329 762 4402 levitae
777 4329 978 4404 efficiantur
992 4329 1136 4402 Clnisti.
1159 4327 1298 4418 Quibus
1321 4329 1454 4427 pariter
1475 4341 1511 4398 ct
1536 4326 1685 4398 feminas
1709 4327 1748 4396 iu
1763 4325 1834 4398 boc

252 4446 463 4521 diaconatus
480 4449 608 4522 ordine
625 4449 671 4522 ab
694 4449 859 4548 apostolo
880 4451 1089 4545 conjunctas
1104 4473 1198 4538 esse,
1216 4447 1382 4519 doctores
1397 4447 1511 4519 sancti
1522 4444 1644 4516 mttltis
1659 4437 1833 4544 profiten-

252 4581 311 4638 tur
339 4569 378 4640 in
400 4569 501 4642 locis.
527 4571 598 4656 Qui
625 4567 672 4641 ad
699 4573 881 4642 Romanos
906 4570 1094 4669 epistolam
1120 4567 1331 4642 scribens‘:
1353 4564 1635 4661 «,Commend0,
1656 4591 1674 4630 a
1697 4563 1831 4660 inquit,

255 4686 389 4760 «vobis
404 4688 562 4761 Phoeben
573 4711 736 4760 sororem
746 4703 924 4779 nostram,
942 4715 1022 4787 quae
1034 4703 1088 4760 est
1099 4690 1136 4760 in
1154 4688 1350 4760 ministerio
1364 4684 1537 4774 ecclesie,
1552 4705 1631 4780 quae
1644 4696 1698 4752 est
1712 4679 1833 4752 Chen·

252 4808 335 4879 cris.
362 4836 379 4876 a
408 4813 526 4896 Quem
545 4807 692 4906 quidem
709 4809 830 4880 locum
852 4809 1084 4881 Cassiodorus
1104 4809 1141 4880 in
1162 4807 1270 4902 hujus
1293 4805 1449 4905 epistolae
1469 4801 1737 4875 commentariis
1759 4801 1832 4874 suis

252 4949 453 5024 exponens:
469 4957 486 4996 u
497 4926 690 5024 Significat,
700 4955 718 4995 a
730 4929 858 5025 inquit,
877 4928 1141 5000 «diaconissam
1150 4924 1255 4996 fuisse
1267 4925 1389 4998 matris
1402 4921 1569 5011 ecclesie,
1580 4919 1681 5017 quod
1693 4919 1730 4990 in
1741 4943 1826 5016 par·

289 5197 297 5224 ¹
316 5197 379 5278 Cap.
390 5213 423 5263 n,
436 5199 498 5270 opp.
513 5210 532 5251 t.
545 5200 581 5261 ll,
592 5201 640 5253 col.
659 5199 774 5254 tab-⁸
785 5199 875 5257 flomil.
887 5199 947 5263 llll,
962 5205 987 5254 ta
1001 5199 1169 5260 Ezechielem,
1181 5197 1243 5264 opp.
1254 5206 1272 5248 t
1284 5197 1309 5259 l,
1321 5195 1370 5249 col.
1387 5191 1608 5252 tare.-·tt0n.,
1623 5207 1679 5258 aaa.
1690 5205 1747 5251 xri,
1761 5205 1786 5242 r.
1802 5189 1826 5240 t.
