<?xml version="1.0" encoding="UTF-8"?>
<!DOCTYPE html PUBLIC "-//W3C//DTD XHTML 1.0 Transitional//EN"
    "http://www.w3.org/TR/xhtml1/DTD/xhtml1-transitional.dtd">
<html xmlns="http://www.w3.org/1999/xhtml" xml:lang="en" lang="en">
 <head>
  <title>
</title>
<meta http-equiv="Content-Type" content="text/html;charset=utf-8" />
  <meta name='ocr-system' content='tesseract 3.04.00' />
  <meta name='ocr-capabilities' content='ocr_page ocr_carea ocr_par ocr_line ocrx_word'/>
</head>
<body>
  <div class='ocr_page' id='page_1' title='image "./petriablardiope01despgoog_0157.png"; bbox 0 0 4522 6102; ppageno 0'>
   <div class='ocr_carea' id='block_1_1' title="bbox 351 653 1628 730">
    <p class='ocr_par' dir='ltr' id='par_1_1' title="bbox 351 653 1628 730">
     <span class='ocr_line' id='line_1_1' title="bbox 351 653 1628 730; baseline 0.001 -6"><span class='ocrx_word' id='word_1_1' title='bbox 351 673 354 682; x_wconf 81' lang='grc'><strong>’</strong></span> <span class='ocrx_word' id='word_1_2' title='bbox 480 657 551 728; x_wconf 74' lang='lat' dir='ltr'>tta</span> <span class='ocrx_word' id='word_1_3' title='bbox 916 655 1043 726; x_wconf 80' lang='lat' dir='ltr'>PETRI</span> <span class='ocrx_word' id='word_1_4' title='bbox 1069 653 1302 728; x_wconf 80' lang='lat' dir='ltr'>ABAELAllDl</span> <span class='ocrx_word' id='word_1_5' title='bbox 1323 655 1380 730; x_wconf 85' lang='grc' dir='ltr'>ΕΤ</span> <span class='ocrx_word' id='word_1_6' title='bbox 1403 654 1628 728; x_wconf 84' lang='lat' dir='ltr'><strong>HELOISSAE</strong></span> 
     </span>
    </p>
   </div>
   <div class='ocr_carea' id='block_1_2' title="bbox 469 795 2060 3061">
    <p class='ocr_par' dir='ltr' id='par_1_2' title="bbox 469 795 2060 3061">
     <span class='ocr_line' id='line_1_2' title="bbox 477 795 2054 896; baseline 0.003 -29"><span class='ocrx_word' id='word_1_7' title='bbox 477 799 548 887; x_wconf 84' lang='lat' dir='ltr'>vit,</span> <span class='ocrx_word' id='word_1_8' title='bbox 571 811 606 869; x_wconf 89' lang='lat' dir='ltr'>et</span> <span class='ocrx_word' id='word_1_9' title='bbox 623 797 736 894; x_wconf 83' lang='lat' dir='ltr'>ipsam</span> <span class='ocrx_word' id='word_1_10' title='bbox 748 796 893 867; x_wconf 88' lang='lat' dir='ltr'>Domini</span> <span class='ocrx_word' id='word_1_11' title='bbox 906 812 1057 870; x_wconf 88' lang='lat' dir='ltr'>matrem</span> <span class='ocrx_word' id='word_1_12' title='bbox 1070 795 1117 868; x_wconf 88' lang='lat' dir='ltr'>ad</span> <span class='ocrx_word' id='word_1_13' title='bbox 1129 796 1430 894; x_wconf 87' lang='lat' dir='ltr'>magnificandum</span> <span class='ocrx_word' id='word_1_14' title='bbox 1443 822 1550 895; x_wconf 88' lang='lat' dir='ltr'>super</span> <span class='ocrx_word' id='word_1_15' title='bbox 1558 796 1630 868; x_wconf 90' lang='lat' dir='ltr'>hoe</span> <span class='ocrx_word' id='word_1_16' title='bbox 1643 798 1722 896; x_wconf 84' lang='lat' dir='ltr'>ipso</span> <span class='ocrx_word' id='word_1_17' title='bbox 1735 799 1932 871; x_wconf 92' lang='lat' dir='ltr'>Dominum</span> <span class='ocrx_word' id='word_1_18' title='bbox 1943 803 2054 872; x_wconf 90' lang='lat' dir='ltr'>conci·</span> 
     </span>
     <span class='ocr_line' id='line_1_3' title="bbox 479 915 2050 1020; baseline 0.003 -31"><span class='ocrx_word' id='word_1_19' title='bbox 479 918 575 989; x_wconf 90' lang='lat' dir='ltr'>tavit.</span> <span class='ocrx_word' id='word_1_20' title='bbox 609 915 845 988; x_wconf 87' lang='lat' dir='ltr'>Excellentius</span> <span class='ocrx_word' id='word_1_21' title='bbox 869 932 987 989; x_wconf 90' lang='lat' dir='ltr'>autem</span> <span class='ocrx_word' id='word_1_22' title='bbox 1014 917 1209 1015; x_wconf 87' lang='lat' dir='ltr'>proplretiae</span> <span class='ocrx_word' id='word_1_23' title='bbox 1227 916 1366 989; x_wconf 91' lang='lat' dir='ltr'>donum</span> <span class='ocrx_word' id='word_1_24' title='bbox 1390 919 1427 990; x_wconf 93' lang='lat' dir='ltr'>in</span> <span class='ocrx_word' id='word_1_25' title='bbox 1453 916 1631 990; x_wconf 80' lang='lat' dir='ltr'>Elisabeth</span> <span class='ocrx_word' id='word_1_26' title='bbox 1655 917 1796 992; x_wconf 86' lang='lat' dir='ltr'>videtur</span> <span class='ocrx_word' id='word_1_27' title='bbox 1819 920 2050 1020; x_wconf 87' lang='lat' dir='ltr'>completum,</span> 
     </span>
     <span class='ocr_line' id='line_1_4' title="bbox 476 1037 2053 1136; baseline 0.002 -27"><span class='ocrx_word' id='word_1_28' title='bbox 476 1050 693 1135; x_wconf 92' lang='lat' dir='ltr'>conceptum</span> <span class='ocrx_word' id='word_1_29' title='bbox 709 1037 826 1109; x_wconf 90' lang='lat' dir='ltr'>statim</span> <span class='ocrx_word' id='word_1_30' title='bbox 838 1038 904 1108; x_wconf 94' lang='lat' dir='ltr'>Dei</span> <span class='ocrx_word' id='word_1_31' title='bbox 913 1037 1027 1109; x_wconf 87' lang='lat' dir='ltr'>filium</span> <span class='ocrx_word' id='word_1_32' title='bbox 1040 1062 1245 1135; x_wconf 78' lang='lat' dir='ltr'><strong>agnoscere,</strong></span> <span class='ocrx_word' id='word_1_33' title='bbox 1261 1062 1371 1135; x_wconf 90' lang='lat' dir='ltr'>quam</span> <span class='ocrx_word' id='word_1_34' title='bbox 1384 1039 1421 1110; x_wconf 94' lang='lat' dir='ltr'>in</span> <span class='ocrx_word' id='word_1_35' title='bbox 1436 1043 1572 1111; x_wconf 82' lang='lat' dir='ltr'>loanne</span> <span class='ocrx_word' id='word_1_36' title='bbox 1586 1039 1702 1136; x_wconf 91' lang='lat' dir='ltr'>ipsum</span> <span class='ocrx_word' id='word_1_37' title='bbox 1712 1039 1927 1135; x_wconf 87' lang='lat' dir='ltr'>jamdudum</span> <span class='ocrx_word' id='word_1_38' title='bbox 1937 1055 2053 1114; x_wconf 90' lang='lat' dir='ltr'>natum</span> 
     </span>
     <span class='ocr_line' id='line_1_5' title="bbox 476 1157 2051 1260; baseline 0.003 -31"><span class='ocrx_word' id='word_1_39' title='bbox 476 1157 678 1230; x_wconf 82' lang='lat' dir='ltr'><strong>ostendere.</strong></span> <span class='ocrx_word' id='word_1_40' title='bbox 703 1158 801 1229; x_wconf 89' lang='lat' dir='ltr'>Sicut</span> <span class='ocrx_word' id='word_1_41' title='bbox 823 1158 929 1254; x_wconf 90' lang='lat' dir='ltr'>igitur</span> <span class='ocrx_word' id='word_1_42' title='bbox 946 1158 1094 1230; x_wconf 89' lang='lat' dir='ltr'>Mariam</span> <span class='ocrx_word' id='word_1_43' title='bbox 1122 1157 1367 1256; x_wconf 89' lang='lat' dir='ltr'>Magdalcnam</span> <span class='ocrx_word' id='word_1_44' title='bbox 1391 1158 1637 1258; x_wconf 89' lang='lat' dir='ltr'>apostolorum</span> <span class='ocrx_word' id='word_1_45' title='bbox 1662 1157 1814 1232; x_wconf 85' lang='lat' dir='ltr'>dicimus</span> <span class='ocrx_word' id='word_1_46' title='bbox 1837 1160 2051 1260; x_wconf 88' lang='lat' dir='ltr'>apostolam,</span> 
     </span>
     <span class='ocr_line' id='line_1_6' title="bbox 475 1276 2054 1377; baseline 0.003 -29"><span class='ocrx_word' id='word_1_47' title='bbox 475 1278 527 1348; x_wconf 87' lang='lat' dir='ltr'>sic</span> <span class='ocrx_word' id='word_1_48' title='bbox 546 1301 614 1348; x_wconf 89' lang='lat' dir='ltr'>nec</span> <span class='ocrx_word' id='word_1_49' title='bbox 633 1278 738 1349; x_wconf 91' lang='lat' dir='ltr'>istam</span> <span class='ocrx_word' id='word_1_50' title='bbox 765 1276 1025 1376; x_wconf 90' lang='lat' dir='ltr'>prophetarum</span> <span class='ocrx_word' id='word_1_51' title='bbox 1049 1276 1168 1349; x_wconf 87' lang='lat' dir='ltr'><strong>dicere</strong></span> <span class='ocrx_word' id='word_1_52' title='bbox 1194 1276 1398 1350; x_wconf 92' lang='lat' dir='ltr'>dubitemus</span> <span class='ocrx_word' id='word_1_53' title='bbox 1423 1278 1656 1376; x_wconf 90' lang='lat' dir='ltr'>prophetam,</span> <span class='ocrx_word' id='word_1_54' title='bbox 1680 1279 1754 1352; x_wconf 87' lang='lat' dir='ltr'>sive</span> <span class='ocrx_word' id='word_1_55' title='bbox 1777 1280 1894 1377; x_wconf 85' lang='lat' dir='ltr'>ipsam</span> <span class='ocrx_word' id='word_1_56' title='bbox 1919 1279 2054 1352; x_wconf 89' lang='lat' dir='ltr'>beatam</span> 
     </span>
     <span class='ocr_line' id='line_1_7' title="bbox 474 1395 2055 1498; baseline 0.003 -31"><span class='ocrx_word' id='word_1_57' title='bbox 474 1396 622 1468; x_wconf 89' lang='lat' dir='ltr'>viduam</span> <span class='ocrx_word' id='word_1_58' title='bbox 641 1401 798 1484; x_wconf 84' lang='lat' dir='ltr'>Annam,</span> <span class='ocrx_word' id='word_1_59' title='bbox 820 1395 865 1468; x_wconf 90' lang='lat' dir='ltr'>de</span> <span class='ocrx_word' id='word_1_60' title='bbox 883 1421 954 1494; x_wconf 88' lang='lat' dir='ltr'>qua</span> <span class='ocrx_word' id='word_1_61' title='bbox 972 1421 1079 1495; x_wconf 87' lang='lat' dir='ltr'>supra</span> <span class='ocrx_word' id='word_1_62' title='bbox 1092 1397 1196 1469; x_wconf 90' lang='lat' dir='ltr'>latius</span> <span class='ocrx_word' id='word_1_63' title='bbox 1208 1412 1328 1470; x_wconf 90' lang='lat' dir='ltr'>actum</span> <span class='ocrx_word' id='word_1_64' title='bbox 1346 1413 1410 1470; x_wconf 89' lang='lat' dir='ltr'>est.</span> <span class='ocrx_word' id='word_1_65' title='bbox 1426 1398 1534 1486; x_wconf 90' lang='lat' dir='ltr'>Quod</span> <span class='ocrx_word' id='word_1_66' title='bbox 1548 1400 1577 1470; x_wconf 89' lang='lat' dir='ltr'>si</span> <span class='ocrx_word' id='word_1_67' title='bbox 1594 1397 1687 1470; x_wconf 90' lang='lat' dir='ltr'>hanc</span> <span class='ocrx_word' id='word_1_68' title='bbox 1704 1399 1900 1498; x_wconf 81' lang='lat' dir='ltr'>prophetiae</span> <span class='ocrx_word' id='word_1_69' title='bbox 1913 1403 2055 1497; x_wconf 88' lang='lat' dir='ltr'>gratiam</span> 
     </span>
     <span class='ocr_line' id='line_1_8' title="bbox 475 1514 2055 1619; baseline 0.004 -32"><span class='ocrx_word' id='word_1_70' title='bbox 475 1541 588 1614; x_wconf 90' lang='lat' dir='ltr'>usque</span> <span class='ocrx_word' id='word_1_71' title='bbox 607 1514 653 1588; x_wconf 92' lang='lat' dir='ltr'>ad</span> <span class='ocrx_word' id='word_1_72' title='bbox 666 1515 812 1614; x_wconf 84' lang='lat' dir='ltr'>gentiles</span> <span class='ocrx_word' id='word_1_73' title='bbox 829 1517 937 1588; x_wconf 91' lang='lat' dir='ltr'>etiam</span> <span class='ocrx_word' id='word_1_74' title='bbox 955 1517 1206 1606; x_wconf 83' lang='lat' dir='ltr'>extendamus,</span> <span class='ocrx_word' id='word_1_75' title='bbox 1227 1517 1352 1614; x_wconf 83' lang='lat' dir='ltr'>sibylla</span> <span class='ocrx_word' id='word_1_76' title='bbox 1365 1532 1462 1588; x_wconf 89' lang='lat' dir='ltr'>vates</span> <span class='ocrx_word' id='word_1_77' title='bbox 1480 1519 1516 1588; x_wconf 93' lang='lat' dir='ltr'>in</span> <span class='ocrx_word' id='word_1_78' title='bbox 1537 1517 1696 1590; x_wconf 91' lang='lat' dir='ltr'>medium</span> <span class='ocrx_word' id='word_1_79' title='bbox 1718 1519 1907 1617; x_wconf 90' lang='lat' dir='ltr'>procedat,</span> <span class='ocrx_word' id='word_1_80' title='bbox 1928 1535 1964 1593; x_wconf 89' lang='lat' dir='ltr'>et</span> <span class='ocrx_word' id='word_1_81' title='bbox 1981 1547 2055 1619; x_wconf 82' lang='lat' dir='ltr'>qua</span> 
     </span>
     <span class='ocr_line' id='line_1_9' title="bbox 474 1638 2053 1743; baseline 0.003 -31"><span class='ocrx_word' id='word_1_82' title='bbox 474 1643 506 1712; x_wconf 88' lang='lat' dir='ltr'>ei</span> <span class='ocrx_word' id='word_1_83' title='bbox 525 1639 571 1712; x_wconf 89' lang='lat' dir='ltr'>de</span> <span class='ocrx_word' id='word_1_84' title='bbox 585 1639 725 1714; x_wconf 89' lang='lat' dir='ltr'>Christo</span> <span class='ocrx_word' id='word_1_85' title='bbox 740 1638 892 1712; x_wconf 89' lang='lat' dir='ltr'>revelata</span> <span class='ocrx_word' id='word_1_86' title='bbox 903 1654 986 1712; x_wconf 90' lang='lat' dir='ltr'>sunt</span> <span class='ocrx_word' id='word_1_87' title='bbox 1000 1638 1167 1738; x_wconf 78' lang='lat' dir='ltr'>proferat.</span> <span class='ocrx_word' id='word_1_88' title='bbox 1183 1643 1274 1712; x_wconf 92' lang='lat' dir='ltr'>Cum</span> <span class='ocrx_word' id='word_1_89' title='bbox 1288 1665 1360 1739; x_wconf 92' lang='lat' dir='ltr'>qua</span> <span class='ocrx_word' id='word_1_90' title='bbox 1370 1641 1401 1712; x_wconf 93' lang='lat' dir='ltr'>si</span> <span class='ocrx_word' id='word_1_91' title='bbox 1412 1642 1597 1714; x_wconf 88' lang='lat' dir='ltr'>universos</span> <span class='ocrx_word' id='word_1_92' title='bbox 1609 1641 1833 1716; x_wconf 88' lang='lat' dir='ltr'>conferamus</span> <span class='ocrx_word' id='word_1_93' title='bbox 1845 1644 2053 1743; x_wconf 82' lang='lat' dir='ltr'>prophetas,</span> 
     </span>
     <span class='ocr_line' id='line_1_10' title="bbox 472 1757 2057 1859; baseline 0.004 -30"><span class='ocrx_word' id='word_1_94' title='bbox 472 1761 592 1858; x_wconf 89' lang='lat' dir='ltr'>ipsum</span> <span class='ocrx_word' id='word_1_95' title='bbox 606 1760 712 1830; x_wconf 93' lang='lat' dir='ltr'>etiam</span> <span class='ocrx_word' id='word_1_96' title='bbox 727 1760 882 1848; x_wconf 83' lang='lat' dir='ltr'>Esaiam,</span> <span class='ocrx_word' id='word_1_97' title='bbox 899 1757 975 1855; x_wconf 90' lang='lat' dir='ltr'>qui,</span> <span class='ocrx_word' id='word_1_98' title='bbox 992 1774 1031 1830; x_wconf 91' lang='lat' dir='ltr'>ut</span> <span class='ocrx_word' id='word_1_99' title='bbox 1045 1759 1283 1855; x_wconf 85' lang='lat' dir='ltr'>Hieronymus</span> <span class='ocrx_word' id='word_1_100' title='bbox 1294 1760 1445 1849; x_wconf 87' lang='lat' dir='ltr'>asserit¹,</span> <span class='ocrx_word' id='word_1_101' title='bbox 1461 1785 1535 1831; x_wconf 94' lang='lat' dir='ltr'>non</span> <span class='ocrx_word' id='word_1_102' title='bbox 1554 1776 1626 1832; x_wconf 92' lang='lat' dir='ltr'>tam</span> <span class='ocrx_word' id='word_1_103' title='bbox 1638 1759 1814 1859; x_wconf 90' lang='lat' dir='ltr'>propheta</span> <span class='ocrx_word' id='word_1_104' title='bbox 1825 1786 1934 1859; x_wconf 92' lang='lat' dir='ltr'>quam</span> <span class='ocrx_word' id='word_1_105' title='bbox 1950 1787 2057 1836; x_wconf 83' lang='lat' dir='ltr'>evan·</span> 
     </span>
     <span class='ocr_line' id='line_1_11' title="bbox 474 1875 2052 1980; baseline 0.001 -29"><span class='ocrx_word' id='word_1_106' title='bbox 474 1880 594 1976; x_wconf 81' lang='lat' dir='ltr'>gelista</span> <span class='ocrx_word' id='word_1_107' title='bbox 607 1878 780 1951; x_wconf 88' lang='lat' dir='ltr'>dicendus</span> <span class='ocrx_word' id='word_1_108' title='bbox 790 1895 859 1968; x_wconf 74' lang='lat' dir='ltr'>cst,</span> <span class='ocrx_word' id='word_1_109' title='bbox 874 1875 1118 1952; x_wconf 88' lang='lat' dir='ltr'>videbimusin</span> <span class='ocrx_word' id='word_1_110' title='bbox 1128 1878 1197 1950; x_wconf 91' lang='lat' dir='ltr'>hae</span> <span class='ocrx_word' id='word_1_111' title='bbox 1207 1903 1352 1976; x_wconf 89' lang='lat' dir='ltr'>quoque</span> <span class='ocrx_word' id='word_1_112' title='bbox 1364 1881 1474 1976; x_wconf 85' lang='lat' dir='ltr'>gratia</span> <span class='ocrx_word' id='word_1_113' title='bbox 1485 1880 1655 1952; x_wconf 84' lang='lat' dir='ltr'>feminam</span> <span class='ocrx_word' id='word_1_114' title='bbox 1667 1881 1751 1952; x_wconf 81' lang='lat' dir='ltr'>viris</span> <span class='ocrx_word' id='word_1_115' title='bbox 1761 1879 1867 1979; x_wconf 90' lang='lat' dir='ltr'>longe</span> <span class='ocrx_word' id='word_1_116' title='bbox 1878 1897 2052 1980; x_wconf 71' lang='lat' dir='ltr'>praestare.</span> 
     </span>
     <span class='ocr_line' id='line_1_12' title="bbox 474 1997 2058 2097; baseline 0.001 -26"><span class='ocrx_word' id='word_1_117' title='bbox 474 2003 527 2071; x_wconf 90' lang='lat' dir='ltr'>De</span> <span class='ocrx_word' id='word_1_118' title='bbox 545 2022 616 2097; x_wconf 89' lang='lat' dir='ltr'>qua</span> <span class='ocrx_word' id='word_1_119' title='bbox 634 1999 865 2095; x_wconf 87' lang='lat' dir='ltr'>Augustinus,</span> <span class='ocrx_word' id='word_1_120' title='bbox 890 2011 1015 2070; x_wconf 91' lang='lat' dir='ltr'>contra</span> <span class='ocrx_word' id='word_1_121' title='bbox 1040 1997 1189 2070; x_wconf 78' lang='lat' dir='ltr'>haereses</span> <span class='ocrx_word' id='word_1_122' title='bbox 1214 1999 1459 2071; x_wconf 90' lang='lat' dir='ltr'>testimonium</span> <span class='ocrx_word' id='word_1_123' title='bbox 1485 1999 1693 2096; x_wconf 89' lang='lat' dir='ltr'>proferens,</span> <span class='ocrx_word' id='word_1_124' title='bbox 1717 1999 1800 2072; x_wconf 78' lang='lat' dir='ltr'>ait²t</span> <span class='ocrx_word' id='word_1_125' title='bbox 1829 2029 1847 2069; x_wconf 88' lang='grc' dir='ltr'>ιι</span> <span class='ocrx_word' id='word_1_126' title='bbox 1864 2001 2058 2072; x_wconf 79' lang='lat' dir='ltr'>Audiamus</span> 
     </span>
     <span class='ocr_line' id='line_1_13' title="bbox 474 2117 2058 2218; baseline 0.001 -25"><span class='ocrx_word' id='word_1_127' title='bbox 474 2120 562 2218; x_wconf 92' lang='lat' dir='ltr'>quid</span> <span class='ocrx_word' id='word_1_128' title='bbox 575 2121 682 2192; x_wconf 88' lang='lat' dir='ltr'>ctiam</span> <span class='ocrx_word' id='word_1_129' title='bbox 695 2117 827 2216; x_wconf 86' lang='lat' dir='ltr'>Sibylla</span> <span class='ocrx_word' id='word_1_130' title='bbox 839 2134 938 2192; x_wconf 80' lang='lat' dir='ltr'>vates</span> <span class='ocrx_word' id='word_1_131' title='bbox 951 2143 1077 2190; x_wconf 92' lang='lat' dir='ltr'>eorum</span> <span class='ocrx_word' id='word_1_132' title='bbox 1090 2120 1138 2191; x_wconf 90' lang='lat' dir='ltr'>de</span> <span class='ocrx_word' id='word_1_133' title='bbox 1156 2119 1286 2192; x_wconf 88' lang='lat' dir='ltr'>eodem</span> <span class='ocrx_word' id='word_1_134' title='bbox 1303 2119 1400 2191; x_wconf 90' lang='lat' dir='ltr'>dicat</span> <span class='ocrx_word' id='word_1_135' title='bbox 1414 2174 1422 2191; x_wconf 92' lang='lat'>.</span> <span class='ocrx_word' id='word_1_136' title='bbox 1441 2118 1604 2212; x_wconf 90' lang='lat' dir='ltr'>«Alium,</span> <span class='ocrx_word' id='word_1_137' title='bbox 1621 2120 1754 2217; x_wconf 89' lang='lat' dir='ltr'>inquit,</span> <span class='ocrx_word' id='word_1_138' title='bbox 1770 2120 1871 2193; x_wconf 89' lang='lat' dir='ltr'>dedit</span> <span class='ocrx_word' id='word_1_139' title='bbox 1883 2123 2058 2194; x_wconf 90' lang='lat' dir='ltr'>Dominus</span> 
     </span>
     <span class='ocr_line' id='line_1_14' title="bbox 476 2237 2057 2337; baseline 0.004 -30"><span class='ocrx_word' id='word_1_140' title='bbox 476 2270 494 2308; x_wconf 77' lang='grc' dir='ltr'>ιι</span> <span class='ocrx_word' id='word_1_141' title='bbox 512 2238 719 2312; x_wconf 87' lang='lat' dir='ltr'>hominibus</span> <span class='ocrx_word' id='word_1_142' title='bbox 737 2238 901 2311; x_wconf 86' lang='lat' dir='ltr'>fidelibus</span> <span class='ocrx_word' id='word_1_143' title='bbox 920 2237 1125 2312; x_wconf 89' lang='lat' dir='ltr'>colendum.</span> <span class='ocrx_word' id='word_1_144' title='bbox 1148 2267 1165 2306; x_wconf 86' lang='grc' dir='ltr'>ιι</span> <span class='ocrx_word' id='word_1_145' title='bbox 1182 2243 1272 2310; x_wconf 91' lang='lat' dir='ltr'>ltem</span> <span class='ocrx_word' id='word_1_146' title='bbox 1288 2265 1296 2310; x_wconf 92' lang='lat'><strong>:</strong></span> <span class='ocrx_word' id='word_1_147' title='bbox 1312 2241 1440 2337; x_wconf 81' lang='lat' dir='ltr'>«lpse⁸</span> <span class='ocrx_word' id='word_1_148' title='bbox 1457 2253 1560 2310; x_wconf 91' lang='lat' dir='ltr'>tuum</span> <span class='ocrx_word' id='word_1_149' title='bbox 1584 2263 1761 2336; x_wconf 84' lang='lat' dir='ltr'>cognosce</span> <span class='ocrx_word' id='word_1_150' title='bbox 1778 2242 1973 2313; x_wconf 92' lang='lat' dir='ltr'>Dominum</span> <span class='ocrx_word' id='word_1_151' title='bbox 1993 2243 2057 2314; x_wconf 90' lang='lat' dir='ltr'>Dei</span> 
     </span>
     <span class='ocr_line' id='line_1_15' title="bbox 476 2358 2058 2460; baseline 0.002 -30"><span class='ocrx_word' id='word_1_152' title='bbox 476 2393 494 2431; x_wconf 83' lang='grc' dir='ltr'>ιι</span> <span class='ocrx_word' id='word_1_153' title='bbox 510 2361 624 2433; x_wconf 79' lang='lat' dir='ltr'>silium</span> <span class='ocrx_word' id='word_1_154' title='bbox 635 2385 748 2432; x_wconf 80' lang='lat' dir='ltr'>esse.»</span> <span class='ocrx_word' id='word_1_155' title='bbox 761 2359 838 2432; x_wconf 91' lang='lat' dir='ltr'>Alio</span> <span class='ocrx_word' id='word_1_156' title='bbox 852 2359 934 2431; x_wconf 92' lang='lat' dir='ltr'>loco</span> <span class='ocrx_word' id='word_1_157' title='bbox 943 2358 1056 2430; x_wconf 87' lang='lat' dir='ltr'>filium</span> <span class='ocrx_word' id='word_1_158' title='bbox 1068 2361 1135 2432; x_wconf 92' lang='lat' dir='ltr'>Dei</span> <span class='ocrx_word' id='word_1_159' title='bbox 1146 2358 1350 2456; x_wconf 91' lang='lat' dir='ltr'>symbolum</span> <span class='ocrx_word' id='word_1_160' title='bbox 1360 2359 1526 2458; x_wconf 89' lang='lat' dir='ltr'>appellat,</span> <span class='ocrx_word' id='word_1_161' title='bbox 1539 2359 1577 2431; x_wconf 93' lang='lat' dir='ltr'>id</span> <span class='ocrx_word' id='word_1_162' title='bbox 1591 2375 1644 2432; x_wconf 89' lang='lat' dir='ltr'>est</span> <span class='ocrx_word' id='word_1_163' title='bbox 1652 2359 1904 2432; x_wconf 87' lang='lat' dir='ltr'>consiliarium.</span> <span class='ocrx_word' id='word_1_164' title='bbox 1916 2363 1959 2432; x_wconf 88' lang='lat' dir='ltr'>Et</span> <span class='ocrx_word' id='word_1_165' title='bbox 1973 2386 2058 2460; x_wconf 90' lang='lat' dir='ltr'>pro-</span> 
     </span>
     <span class='ocr_line' id='line_1_16' title="bbox 474 2478 2059 2581; baseline -0.001 -28"><span class='ocrx_word' id='word_1_166' title='bbox 474 2483 582 2581; x_wconf 88' lang='lat' dir='ltr'>pheta</span> <span class='ocrx_word' id='word_1_167' title='bbox 595 2481 714 2554; x_wconf 83' lang='lat' dir='ltr'>dicit‘:</span> <span class='ocrx_word' id='word_1_168' title='bbox 730 2509 748 2549; x_wconf 85' lang='grc' dir='ltr'>ιι</span> <span class='ocrx_word' id='word_1_169' title='bbox 760 2478 950 2552; x_wconf 91' lang='lat' dir='ltr'>Vocabunt</span> <span class='ocrx_word' id='word_1_170' title='bbox 968 2503 1101 2552; x_wconf 91' lang='lat' dir='ltr'>nomen</span> <span class='ocrx_word' id='word_1_171' title='bbox 1115 2479 1190 2576; x_wconf 92' lang='lat' dir='ltr'>ejus</span> <span class='ocrx_word' id='word_1_172' title='bbox 1204 2478 1387 2570; x_wconf 84' lang='lat' dir='ltr'>mirabilis,</span> <span class='ocrx_word' id='word_1_173' title='bbox 1405 2479 1663 2552; x_wconf 85' lang='lat' dir='ltr'>consiliarius.»</span> <span class='ocrx_word' id='word_1_174' title='bbox 1678 2483 1731 2552; x_wconf 92' lang='lat' dir='ltr'>De</span> <span class='ocrx_word' id='word_1_175' title='bbox 1744 2503 1815 2577; x_wconf 90' lang='lat' dir='ltr'>qua</span> <span class='ocrx_word' id='word_1_176' title='bbox 1826 2505 1947 2552; x_wconf 88' lang='lat' dir='ltr'>rursus</span> <span class='ocrx_word' id='word_1_177' title='bbox 1962 2479 2059 2552; x_wconf 91' lang='lat' dir='ltr'>idem</span> 
     </span>
     <span class='ocr_line' id='line_1_17' title="bbox 474 2598 2059 2701; baseline 0 -29"><span class='ocrx_word' id='word_1_178' title='bbox 474 2617 575 2701; x_wconf 91' lang='lat' dir='ltr'>pater</span> <span class='ocrx_word' id='word_1_179' title='bbox 598 2599 813 2698; x_wconf 81' lang='lat' dir='ltr'>Augustinus</span> <span class='ocrx_word' id='word_1_180' title='bbox 830 2601 867 2672; x_wconf 90' lang='lat' dir='ltr'>in</span> <span class='ocrx_word' id='word_1_181' title='bbox 888 2602 998 2671; x_wconf 81' lang='lat' dir='ltr'>xvllt</span> <span class='ocrx_word' id='word_1_182' title='bbox 1016 2598 1060 2670; x_wconf 76' lang='lat' dir='ltr'>de</span> <span class='ocrx_word' id='word_1_183' title='bbox 1079 2602 1225 2670; x_wconf 81' lang='lat' dir='ltr'>Ciuitate</span> <span class='ocrx_word' id='word_1_184' title='bbox 1238 2603 1348 2671; x_wconf 77' lang='lat' dir='ltr'>Dei⁸2</span> <span class='ocrx_word' id='word_1_185' title='bbox 1368 2629 1385 2670; x_wconf 85' lang='grc' dir='ltr'>ιι</span> <span class='ocrx_word' id='word_1_186' title='bbox 1399 2603 1468 2690; x_wconf 88' lang='lat' dir='ltr'>Eo,</span> <span class='ocrx_word' id='word_1_187' title='bbox 1487 2629 1504 2666; x_wconf 83' lang='grc' dir='ltr'>ιι</span> <span class='ocrx_word' id='word_1_188' title='bbox 1520 2600 1654 2697; x_wconf 91' lang='lat' dir='ltr'>inquit,</span> <span class='ocrx_word' id='word_1_189' title='bbox 1676 2629 1694 2668; x_wconf 86' lang='grc' dir='ltr'>ιι</span> <span class='ocrx_word' id='word_1_190' title='bbox 1708 2615 1870 2698; x_wconf 90' lang='lat' dir='ltr'>tempore</span> <span class='ocrx_word' id='word_1_191' title='bbox 1891 2599 2059 2672; x_wconf 91' lang='lat' dir='ltr'>nonnulli</span> 
     </span>
     <span class='ocr_line' id='line_1_18' title="bbox 474 2718 2059 2818; baseline -0.002 -25"><span class='ocrx_word' id='word_1_192' title='bbox 474 2720 637 2818; x_wconf 87' lang='lat' dir='ltr'>sibyllam</span> <span class='ocrx_word' id='word_1_193' title='bbox 656 2718 864 2817; x_wconf 76' lang='lat' dir='ltr'>erythraeam</span> <span class='ocrx_word' id='word_1_194' title='bbox 888 2719 1115 2792; x_wconf 86' lang='lat' dir='ltr'>vaticinatam</span> <span class='ocrx_word' id='word_1_195' title='bbox 1134 2720 1251 2792; x_wconf 85' lang='lat' dir='ltr'>ierunt</span> <span class='ocrx_word' id='word_1_196' title='bbox 1271 2720 1402 2817; x_wconf 90' lang='lat' dir='ltr'>(quam</span> <span class='ocrx_word' id='word_1_197' title='bbox 1428 2719 1576 2817; x_wconf 90' lang='lat' dir='ltr'>quidam</span> <span class='ocrx_word' id='word_1_198' title='bbox 1596 2721 1707 2817; x_wconf 89' lang='lat' dir='ltr'>magis</span> <span class='ocrx_word' id='word_1_199' title='bbox 1725 2719 1876 2792; x_wconf 90' lang='lat' dir='ltr'>credunt</span> <span class='ocrx_word' id='word_1_200' title='bbox 1895 2744 1973 2794; x_wconf 88' lang='lat' dir='ltr'>esse</span> <span class='ocrx_word' id='word_1_201' title='bbox 1995 2745 2059 2792; x_wconf 87' lang='lat' dir='ltr'>cu·</span> 
     </span>
     <span class='ocr_line' id='line_1_19' title="bbox 472 2839 2060 2939; baseline -0.003 -24"><span class='ocrx_word' id='word_1_202' title='bbox 472 2841 648 2939; x_wconf 82' lang='lat' dir='ltr'>marram).</span> <span class='ocrx_word' id='word_1_203' title='bbox 669 2847 713 2913; x_wconf 91' lang='lat' dir='ltr'>Et</span> <span class='ocrx_word' id='word_1_204' title='bbox 732 2856 816 2914; x_wconf 91' lang='lat' dir='ltr'>sunt</span> <span class='ocrx_word' id='word_1_205' title='bbox 840 2841 916 2938; x_wconf 89' lang='lat' dir='ltr'>ejus</span> <span class='ocrx_word' id='word_1_206' title='bbox 937 2841 1061 2938; x_wconf 83' lang='lat' dir='ltr'>viginti</span> <span class='ocrx_word' id='word_1_207' title='bbox 1080 2855 1116 2914; x_wconf 91' lang='lat' dir='ltr'>ct</span> <span class='ocrx_word' id='word_1_208' title='bbox 1137 2855 1274 2939; x_wconf 88' lang='lat' dir='ltr'>septem</span> <span class='ocrx_word' id='word_1_209' title='bbox 1298 2866 1438 2931; x_wconf 89' lang='lat' dir='ltr'>versus;</span> <span class='ocrx_word' id='word_1_210' title='bbox 1459 2841 1540 2938; x_wconf 92' lang='lat' dir='ltr'>qui,</span> <span class='ocrx_word' id='word_1_211' title='bbox 1568 2842 1659 2912; x_wconf 91' lang='lat' dir='ltr'>sicut</span> <span class='ocrx_word' id='word_1_212' title='bbox 1679 2863 1741 2913; x_wconf 88' lang='lat' dir='ltr'>eos</span> <span class='ocrx_word' id='word_1_213' title='bbox 1768 2840 1916 2937; x_wconf 86' lang='lat' dir='ltr'>quidam</span> <span class='ocrx_word' id='word_1_214' title='bbox 1940 2839 2060 2912; x_wconf 90' lang='lat' dir='ltr'>latinis</span> 
     </span>
     <span class='ocr_line' id='line_1_20' title="bbox 469 2961 1327 3061; baseline 0.002 -25"><span class='ocrx_word' id='word_1_215' title='bbox 469 2964 628 3037; x_wconf 86' lang='lat' dir='ltr'>versibus</span> <span class='ocrx_word' id='word_1_216' title='bbox 645 2963 978 3061; x_wconf 87' lang='lat' dir='ltr'>estinterpretatus,</span> <span class='ocrx_word' id='word_1_217' title='bbox 998 2961 1070 3033; x_wconf 90' lang='lat' dir='ltr'>hoc</span> <span class='ocrx_word' id='word_1_218' title='bbox 1088 2962 1298 3034; x_wconf 86' lang='lat' dir='ltr'>continent:</span> <span class='ocrx_word' id='word_1_219' title='bbox 1324 3027 1327 3038; x_wconf 93' lang='lat'>.</span> 
     </span>
    </p>
   </div>
   <div class='ocr_carea' id='block_1_3' title="bbox 846 3123 1605 3410">
    <p class='ocr_par' dir='ltr' id='par_1_3' title="bbox 846 3123 1605 3410">
     <span class='ocr_line' id='line_1_21' title="bbox 846 3123 1506 3205; baseline -0.002 -18"><span class='ocrx_word' id='word_1_220' title='bbox 846 3125 957 3188; x_wconf 85' lang='lat' dir='ltr'>ludicii</span> <span class='ocrx_word' id='word_1_221' title='bbox 972 3126 1094 3205; x_wconf 81' lang='lat' dir='ltr'>signum</span> <span class='ocrx_word' id='word_1_222' title='bbox 1109 3125 1199 3187; x_wconf 88' lang='lat' dir='ltr'>tellus</span> <span class='ocrx_word' id='word_1_223' title='bbox 1213 3123 1325 3187; x_wconf 87' lang='lat' dir='ltr'>sudore</span> <span class='ocrx_word' id='word_1_224' title='bbox 1340 3123 1506 3186; x_wconf 84' lang='lat' dir='ltr'>madescet.</span> 
     </span>
     <span class='ocr_line' id='line_1_22' title="bbox 846 3223 1499 3306; baseline -0.002 -17"><span class='ocrx_word' id='word_1_225' title='bbox 846 3227 872 3290; x_wconf 84' lang='lat' dir='ltr'>t:</span> <span class='ocrx_word' id='word_1_226' title='bbox 887 3225 966 3288; x_wconf 89' lang='lat' dir='ltr'>coelo</span> <span class='ocrx_word' id='word_1_227' title='bbox 980 3245 1035 3288; x_wconf 86' lang='lat' dir='ltr'>rex</span> <span class='ocrx_word' id='word_1_228' title='bbox 1048 3224 1190 3288; x_wconf 84' lang='lat' dir='ltr'>adveniet</span> <span class='ocrx_word' id='word_1_229' title='bbox 1204 3223 1499 3306; x_wconf 68' lang='lat' dir='ltr'>persecuturum,</span> 
     </span>
     <span class='ocr_line' id='line_1_23' title="bbox 847 3326 1605 3410; baseline -0.001 -19"><span class='ocrx_word' id='word_1_230' title='bbox 847 3327 968 3391; x_wconf 86' lang='lat' dir='ltr'>Scilicet</span> <span class='ocrx_word' id='word_1_231' title='bbox 980 3328 1013 3390; x_wconf 89' lang='lat' dir='ltr'>in</span> <span class='ocrx_word' id='word_1_232' title='bbox 1026 3345 1118 3390; x_wconf 88' lang='lat' dir='ltr'>carne</span> <span class='ocrx_word' id='word_1_233' title='bbox 1131 3345 1267 3410; x_wconf 68' lang='lat' dir='ltr'>presens</span> <span class='ocrx_word' id='word_1_234' title='bbox 1279 3337 1314 3390; x_wconf 94' lang='lat' dir='ltr'>ut</span> <span class='ocrx_word' id='word_1_235' title='bbox 1323 3326 1442 3408; x_wconf 88' lang='lat' dir='ltr'>judicat</span> <span class='ocrx_word' id='word_1_236' title='bbox 1456 3327 1574 3390; x_wconf 92' lang='lat' dir='ltr'>orbem.</span> <span class='ocrx_word' id='word_1_237' title='bbox 1592 3352 1605 3380; x_wconf 71' lang='grc' dir='ltr'>ι</span> 
     </span>
    </p>
   </div>
   <div class='ocr_carea' id='block_1_4' title="bbox 464 3478 2068 4898">
    <p class='ocr_par' dir='ltr' id='par_1_4' title="bbox 464 3478 2068 4898">
     <span class='ocr_line' id='line_1_24' title="bbox 515 3478 2063 3578; baseline 0.001 -25"><span class='ocrx_word' id='word_1_238' title='bbox 515 3486 680 3570; x_wconf 91' lang='lat' dir='ltr'>Quorum</span> <span class='ocrx_word' id='word_1_239' title='bbox 692 3478 839 3578; x_wconf 91' lang='lat' dir='ltr'>quidem</span> <span class='ocrx_word' id='word_1_240' title='bbox 848 3504 1014 3550; x_wconf 90' lang='lat' dir='ltr'>versuum</span> <span class='ocrx_word' id='word_1_241' title='bbox 1029 3478 1152 3577; x_wconf 88' lang='lat' dir='ltr'>primae</span> <span class='ocrx_word' id='word_1_242' title='bbox 1166 3478 1288 3552; x_wconf 83' lang='lat' dir='ltr'>litterae</span> <span class='ocrx_word' id='word_1_243' title='bbox 1299 3481 1336 3550; x_wconf 92' lang='lat' dir='ltr'>in</span> <span class='ocrx_word' id='word_1_244' title='bbox 1350 3503 1464 3576; x_wconf 78' lang='lat' dir='ltr'>graeco</span> <span class='ocrx_word' id='word_1_245' title='bbox 1482 3479 1693 3576; x_wconf 84' lang='lat' dir='ltr'>conjunctae,</span> <span class='ocrx_word' id='word_1_246' title='bbox 1711 3481 1747 3551; x_wconf 93' lang='lat' dir='ltr'>id</span> <span class='ocrx_word' id='word_1_247' title='bbox 1760 3495 1907 3551; x_wconf 91' lang='lat' dir='ltr'>sonant:</span> <span class='ocrx_word' id='word_1_248' title='bbox 1928 3511 1946 3548; x_wconf 83' lang='grc' dir='ltr'>ιι</span> <span class='ocrx_word' id='word_1_249' title='bbox 1956 3485 2063 3555; x_wconf 86' lang='lat' dir='ltr'>lesus</span> 
     </span>
     <span class='ocr_line' id='line_1_25' title="bbox 467 3597 2064 3698; baseline 0.001 -25"><span class='ocrx_word' id='word_1_250' title='bbox 467 3601 627 3674; x_wconf 91' lang='lat' dir='ltr'>Christus</span> <span class='ocrx_word' id='word_1_251' title='bbox 641 3597 734 3671; x_wconf 87' lang='lat' dir='ltr'>filius</span> <span class='ocrx_word' id='word_1_252' title='bbox 741 3599 807 3671; x_wconf 92' lang='lat' dir='ltr'>Dei</span> <span class='ocrx_word' id='word_1_253' title='bbox 824 3599 1014 3670; x_wconf 81' lang='lat' dir='ltr'>salvator.»</span> <span class='ocrx_word' id='word_1_254' title='bbox 1031 3599 1139 3671; x_wconf 86' lang='lat' dir='ltr'>lnicrt</span> <span class='ocrx_word' id='word_1_255' title='bbox 1152 3599 1259 3670; x_wconf 91' lang='lat' dir='ltr'>etiam</span> <span class='ocrx_word' id='word_1_256' title='bbox 1274 3601 1489 3672; x_wconf 80' lang='lat' dir='ltr'>Lactantius⁸</span> <span class='ocrx_word' id='word_1_257' title='bbox 1501 3600 1664 3698; x_wconf 87' lang='lat' dir='ltr'>quaedam</span> <span class='ocrx_word' id='word_1_258' title='bbox 1676 3599 1721 3672; x_wconf 90' lang='lat' dir='ltr'>de</span> <span class='ocrx_word' id='word_1_259' title='bbox 1733 3601 1872 3672; x_wconf 90' lang='lat' dir='ltr'>Christo</span> <span class='ocrx_word' id='word_1_260' title='bbox 1890 3603 2064 3674; x_wconf 86' lang='lat' dir='ltr'>vaticinia</span> 
     </span>
     <span class='ocr_line' id='line_1_26' title="bbox 466 3718 2063 3822; baseline 0 -28"><span class='ocrx_word' id='word_1_261' title='bbox 466 3721 619 3818; x_wconf 84' lang='lat' dir='ltr'>sibyllae:</span> <span class='ocrx_word' id='word_1_262' title='bbox 643 3750 662 3788; x_wconf 86' lang='grc' dir='ltr'>ιι</span> <span class='ocrx_word' id='word_1_263' title='bbox 673 3725 713 3791; x_wconf 91' lang='lat' dir='ltr'>ln</span> <span class='ocrx_word' id='word_1_264' title='bbox 736 3743 883 3810; x_wconf 91' lang='lat' dir='ltr'>manus,</span> <span class='ocrx_word' id='word_1_265' title='bbox 903 3749 921 3787; x_wconf 83' lang='grc' dir='ltr'>ιι</span> <span class='ocrx_word' id='word_1_266' title='bbox 951 3719 1087 3816; x_wconf 89' lang='lat' dir='ltr'>inquit,</span> <span class='ocrx_word' id='word_1_267' title='bbox 1112 3748 1130 3787; x_wconf 88' lang='grc' dir='ltr'>ιι</span> <span class='ocrx_word' id='word_1_268' title='bbox 1141 3718 1340 3791; x_wconf 87' lang='lat' dir='ltr'>infidelium</span> <span class='ocrx_word' id='word_1_269' title='bbox 1366 3735 1490 3818; x_wconf 91' lang='lat' dir='ltr'>postea</span> <span class='ocrx_word' id='word_1_270' title='bbox 1519 3720 1650 3791; x_wconf 88' lang='lat' dir='ltr'>veniet.</span> <span class='ocrx_word' id='word_1_271' title='bbox 1676 3720 1821 3803; x_wconf 90' lang='lat' dir='ltr'>Dabunt</span> <span class='ocrx_word' id='word_1_272' title='bbox 1840 3723 1916 3792; x_wconf 93' lang='lat' dir='ltr'>Deo</span> <span class='ocrx_word' id='word_1_273' title='bbox 1935 3721 2063 3822; x_wconf 86' lang='lat' dir='ltr'>alapas</span> 
     </span>
     <span class='ocr_line' id='line_1_27' title="bbox 466 3839 2064 3939; baseline -0.001 -24"><span class='ocrx_word' id='word_1_274' title='bbox 466 3841 632 3915; x_wconf 92' lang='lat' dir='ltr'>manibus</span> <span class='ocrx_word' id='word_1_275' title='bbox 659 3839 819 3928; x_wconf 88' lang='lat' dir='ltr'>incestis,</span> <span class='ocrx_word' id='word_1_276' title='bbox 847 3855 883 3911; x_wconf 95' lang='lat' dir='ltr'>et</span> <span class='ocrx_word' id='word_1_277' title='bbox 910 3840 1105 3938; x_wconf 79' lang='lat' dir='ltr'>impurato⁷</span> <span class='ocrx_word' id='word_1_278' title='bbox 1126 3863 1189 3911; x_wconf 89' lang='lat' dir='ltr'>ore</span> <span class='ocrx_word' id='word_1_279' title='bbox 1213 3854 1369 3939; x_wconf 89' lang='lat' dir='ltr'>expuent</span> <span class='ocrx_word' id='word_1_280' title='bbox 1391 3853 1586 3911; x_wconf 90' lang='lat' dir='ltr'>venenatos</span> <span class='ocrx_word' id='word_1_281' title='bbox 1608 3853 1744 3937; x_wconf 90' lang='lat' dir='ltr'>sputos.</span> <span class='ocrx_word' id='word_1_282' title='bbox 1770 3839 1877 3912; x_wconf 89' lang='lat' dir='ltr'>Dabit</span> <span class='ocrx_word' id='word_1_283' title='bbox 1900 3865 1987 3912; x_wconf 88' lang='lat' dir='ltr'>vero</span> <span class='ocrx_word' id='word_1_284' title='bbox 2012 3841 2064 3914; x_wconf 91' lang='lat' dir='ltr'>ad</span> 
     </span>
     <span class='ocr_line' id='line_1_28' title="bbox 466 3957 2064 4059; baseline 0.001 -27"><span class='ocrx_word' id='word_1_285' title='bbox 466 3962 615 4034; x_wconf 83' lang='lat' dir='ltr'>verbera</span> <span class='ocrx_word' id='word_1_286' title='bbox 640 3958 846 4058; x_wconf 80' lang='lat' dir='ltr'>suppliciter</span> <span class='ocrx_word' id='word_1_287' title='bbox 873 3974 1036 4030; x_wconf 89' lang='lat' dir='ltr'>sanctum</span> <span class='ocrx_word' id='word_1_288' title='bbox 1058 3958 1229 4042; x_wconf 88' lang='lat' dir='ltr'>dorsum,</span> <span class='ocrx_word' id='word_1_289' title='bbox 1259 3975 1295 4031; x_wconf 91' lang='lat' dir='ltr'>et</span> <span class='ocrx_word' id='word_1_290' title='bbox 1322 3957 1494 4059; x_wconf 91' lang='lat' dir='ltr'>colaphos</span> <span class='ocrx_word' id='word_1_291' title='bbox 1522 3959 1699 4057; x_wconf 91' lang='lat' dir='ltr'>accipiens</span> <span class='ocrx_word' id='word_1_292' title='bbox 1724 3958 1875 4049; x_wconf 90' lang='lat' dir='ltr'>tacebit,</span> <span class='ocrx_word' id='word_1_293' title='bbox 1905 3962 2064 4058; x_wconf 90' lang='lat' dir='ltr'>nequis</span> 
     </span>
     <span class='ocr_line' id='line_1_29' title="bbox 467 4077 2066 4178; baseline 0.001 -27"><span class='ocrx_word' id='word_1_294' title='bbox 467 4093 635 4177; x_wconf 86' lang='lat' dir='ltr'>agnoscat</span> <span class='ocrx_word' id='word_1_295' title='bbox 663 4079 763 4177; x_wconf 92' lang='lat' dir='ltr'>quod</span> <span class='ocrx_word' id='word_1_296' title='bbox 787 4077 939 4150; x_wconf 89' lang='lat' dir='ltr'>verbnm</span> <span class='ocrx_word' id='word_1_297' title='bbox 966 4077 1021 4149; x_wconf 89' lang='lat' dir='ltr'>vel</span> <span class='ocrx_word' id='word_1_298' title='bbox 1052 4078 1148 4150; x_wconf 91' lang='lat' dir='ltr'>unde</span> <span class='ocrx_word' id='word_1_299' title='bbox 1178 4079 1315 4149; x_wconf 88' lang='lat' dir='ltr'>venerit</span> <span class='ocrx_word' id='word_1_300' title='bbox 1342 4077 1462 4149; x_wconf 78' lang='lat' dir='ltr'>inferis</span> <span class='ocrx_word' id='word_1_301' title='bbox 1497 4077 1684 4175; x_wconf 91' lang='lat' dir='ltr'>loquatur,</span> <span class='ocrx_word' id='word_1_302' title='bbox 1710 4093 1746 4150; x_wconf 89' lang='lat' dir='ltr'>et</span> <span class='ocrx_word' id='word_1_303' title='bbox 1772 4081 1894 4178; x_wconf 90' lang='lat' dir='ltr'>spinea</span> <span class='ocrx_word' id='word_1_304' title='bbox 1918 4104 2066 4153; x_wconf 89' lang='lat' dir='ltr'>corona</span> 
     </span>
     <span class='ocr_line' id='line_1_30' title="bbox 466 4196 2067 4297; baseline 0 -25"><span class='ocrx_word' id='word_1_305' title='bbox 466 4197 725 4272; x_wconf 82' lang='lat' dir='ltr'>coronabitur⁸.</span> <span class='ocrx_word' id='word_1_306' title='bbox 748 4197 800 4269; x_wconf 94' lang='lat' dir='ltr'>Ad</span> <span class='ocrx_word' id='word_1_307' title='bbox 819 4196 939 4270; x_wconf 93' lang='lat' dir='ltr'>cibum</span> <span class='ocrx_word' id='word_1_308' title='bbox 961 4214 1081 4269; x_wconf 88' lang='lat' dir='ltr'>autem</span> <span class='ocrx_word' id='word_1_309' title='bbox 1104 4196 1169 4288; x_wconf 77' lang='lat' dir='ltr'>tet,</span> <span class='ocrx_word' id='word_1_310' title='bbox 1189 4196 1288 4268; x_wconf 88' lang='lat' dir='ltr'>etad</span> <span class='ocrx_word' id='word_1_311' title='bbox 1308 4197 1402 4268; x_wconf 91' lang='lat' dir='ltr'>sitim</span> <span class='ocrx_word' id='word_1_312' title='bbox 1426 4210 1565 4268; x_wconf 89' lang='lat' dir='ltr'>acetum</span> <span class='ocrx_word' id='word_1_313' title='bbox 1591 4196 1779 4270; x_wconf 87' lang='lat' dir='ltr'>dederunt.</span> <span class='ocrx_word' id='word_1_314' title='bbox 1805 4201 1845 4270; x_wconf 91' lang='lat' dir='ltr'>ln</span> <span class='ocrx_word' id='word_1_315' title='bbox 1863 4198 2067 4297; x_wconf 89' lang='lat' dir='ltr'>hospitali-</span> 
     </span>
     <span class='ocr_line' id='line_1_31' title="bbox 466 4316 2064 4415; baseline -0.001 -22"><span class='ocrx_word' id='word_1_316' title='bbox 466 4336 575 4393; x_wconf 89' lang='lat' dir='ltr'>tatem</span> <span class='ocrx_word' id='word_1_317' title='bbox 592 4319 687 4392; x_wconf 89' lang='lat' dir='ltr'>hanc</span> <span class='ocrx_word' id='word_1_318' title='bbox 705 4317 956 4391; x_wconf 90' lang='lat' dir='ltr'>monstrabunt</span> <span class='ocrx_word' id='word_1_319' title='bbox 977 4341 1150 4389; x_wconf 90' lang='lat' dir='ltr'>mensam.</span> <span class='ocrx_word' id='word_1_320' title='bbox 1174 4321 1254 4415; x_wconf 90' lang='lat' dir='ltr'>lpsa</span> <span class='ocrx_word' id='word_1_321' title='bbox 1271 4316 1367 4388; x_wconf 90' lang='lat' dir='ltr'>enim</span> <span class='ocrx_word' id='word_1_322' title='bbox 1388 4316 1556 4415; x_wconf 89' lang='lat' dir='ltr'>insipiens</span> <span class='ocrx_word' id='word_1_323' title='bbox 1579 4342 1686 4414; x_wconf 90' lang='lat' dir='ltr'>gens,</span> <span class='ocrx_word' id='word_1_324' title='bbox 1712 4333 1813 4388; x_wconf 92' lang='lat' dir='ltr'>tuum</span> <span class='ocrx_word' id='word_1_325' title='bbox 1835 4321 1952 4389; x_wconf 92' lang='lat' dir='ltr'>Deum</span> <span class='ocrx_word' id='word_1_326' title='bbox 1978 4343 2064 4392; x_wconf 91' lang='lat' dir='ltr'>non</span> 
     </span>
     <span class='ocr_line' id='line_1_32' title="bbox 465 4435 2062 4536; baseline -0.001 -24"><span class='ocrx_word' id='word_1_327' title='bbox 465 4440 666 4514; x_wconf 88' lang='lat' dir='ltr'>intellexisti</span> <span class='ocrx_word' id='word_1_328' title='bbox 685 4438 905 4511; x_wconf 87' lang='lat' dir='ltr'>laudandum</span> <span class='ocrx_word' id='word_1_329' title='bbox 923 4436 1129 4510; x_wconf 91' lang='lat' dir='ltr'>mortalium</span> <span class='ocrx_word' id='word_1_330' title='bbox 1150 4435 1351 4527; x_wconf 90' lang='lat' dir='ltr'>mentibus,</span> <span class='ocrx_word' id='word_1_331' title='bbox 1376 4436 1439 4510; x_wconf 92' lang='lat' dir='ltr'>scd</span> <span class='ocrx_word' id='word_1_332' title='bbox 1460 4437 1569 4536; x_wconf 91' lang='lat' dir='ltr'>spinis</span> <span class='ocrx_word' id='word_1_333' title='bbox 1588 4439 1783 4528; x_wconf 87' lang='lat' dir='ltr'>coronasti,</span> <span class='ocrx_word' id='word_1_334' title='bbox 1800 4437 1845 4509; x_wconf 85' lang='lat' dir='ltr'>iel</span> <span class='ocrx_word' id='word_1_335' title='bbox 1865 4439 2062 4511; x_wconf 90' lang='lat' dir='ltr'>miscuisti.</span> 
     </span>
     <span class='ocr_line' id='line_1_33' title="bbox 464 4555 2064 4659; baseline -0.002 -26"><span class='ocrx_word' id='word_1_336' title='bbox 464 4561 601 4659; x_wconf 89' lang='lat' dir='ltr'>Templi</span> <span class='ocrx_word' id='word_1_337' title='bbox 625 4559 745 4632; x_wconf 87' lang='lat' dir='ltr'>velum</span> <span class='ocrx_word' id='word_1_338' title='bbox 769 4559 967 4649; x_wconf 91' lang='lat' dir='ltr'>scindetur,</span> <span class='ocrx_word' id='word_1_339' title='bbox 997 4572 1033 4629; x_wconf 92' lang='lat' dir='ltr'>et</span> <span class='ocrx_word' id='word_1_340' title='bbox 1059 4558 1097 4628; x_wconf 92' lang='lat' dir='ltr'>in</span> <span class='ocrx_word' id='word_1_341' title='bbox 1120 4555 1240 4628; x_wconf 89' lang='lat' dir='ltr'>medio</span> <span class='ocrx_word' id='word_1_342' title='bbox 1259 4555 1317 4628; x_wconf 91' lang='lat' dir='ltr'>die</span> <span class='ocrx_word' id='word_1_343' title='bbox 1343 4581 1415 4627; x_wconf 84' lang='lat' dir='ltr'>nox</span> <span class='ocrx_word' id='word_1_344' title='bbox 1437 4557 1504 4628; x_wconf 89' lang='lat' dir='ltr'>erit</span> <span class='ocrx_word' id='word_1_345' title='bbox 1527 4555 1641 4628; x_wconf 90' lang='lat' dir='ltr'>tribus</span> <span class='ocrx_word' id='word_1_346' title='bbox 1658 4555 1771 4648; x_wconf 90' lang='lat' dir='ltr'>horis,</span> <span class='ocrx_word' id='word_1_347' title='bbox 1799 4572 1835 4630; x_wconf 92' lang='lat' dir='ltr'>et</span> <span class='ocrx_word' id='word_1_348' title='bbox 1857 4559 2064 4651; x_wconf 89' lang='lat' dir='ltr'>morietur,</span> 
     </span>
     <span class='ocr_line' id='line_1_34' title="bbox 464 4675 2063 4776; baseline 0.001 -23"><span class='ocrx_word' id='word_1_349' title='bbox 464 4681 578 4754; x_wconf 92' lang='lat' dir='ltr'>tribus</span> <span class='ocrx_word' id='word_1_350' title='bbox 596 4680 723 4752; x_wconf 91' lang='lat' dir='ltr'>diebus</span> <span class='ocrx_word' id='word_1_351' title='bbox 750 4704 879 4750; x_wconf 90' lang='lat' dir='ltr'>somno</span> <span class='ocrx_word' id='word_1_352' title='bbox 907 4693 1092 4776; x_wconf 87' lang='lat' dir='ltr'>suscepto,</span> <span class='ocrx_word' id='word_1_353' title='bbox 1121 4692 1156 4750; x_wconf 91' lang='lat' dir='ltr'>ct</span> <span class='ocrx_word' id='word_1_354' title='bbox 1179 4691 1265 4750; x_wconf 91' lang='lat' dir='ltr'>tunc</span> <span class='ocrx_word' id='word_1_355' title='bbox 1286 4675 1333 4748; x_wconf 89' lang='lat' dir='ltr'>ab</span> <span class='ocrx_word' id='word_1_356' title='bbox 1356 4675 1475 4749; x_wconf 84' lang='lat' dir='ltr'>inieris</span> <span class='ocrx_word' id='word_1_357' title='bbox 1497 4701 1675 4774; x_wconf 86' lang='lat' dir='ltr'>regressus</span> <span class='ocrx_word' id='word_1_358' title='bbox 1698 4675 1745 4748; x_wconf 95' lang='lat' dir='ltr'>ad</span> <span class='ocrx_word' id='word_1_359' title='bbox 1769 4676 1887 4750; x_wconf 92' lang='lat' dir='ltr'>lucem</span> <span class='ocrx_word' id='word_1_360' title='bbox 1908 4678 2063 4768; x_wconf 85' lang='lat' dir='ltr'>veniet,</span> 
     </span>
     <span class='ocr_line' id='line_1_35' title="bbox 465 4797 2068 4898; baseline 0.002 -27"><span class='ocrx_word' id='word_1_361' title='bbox 465 4800 603 4898; x_wconf 90' lang='lat' dir='ltr'>primus</span> <span class='ocrx_word' id='word_1_362' title='bbox 624 4798 890 4872; x_wconf 89' lang='lat' dir='ltr'>resurrectionis</span> <span class='ocrx_word' id='word_1_363' title='bbox 907 4797 1084 4897; x_wconf 90' lang='lat' dir='ltr'>principio</span> <span class='ocrx_word' id='word_1_364' title='bbox 1106 4811 1278 4870; x_wconf 89' lang='lat' dir='ltr'>ostensus.</span> <span class='ocrx_word' id='word_1_365' title='bbox 1300 4827 1318 4865; x_wconf 82' lang='grc' dir='ltr'>ιι</span> <span class='ocrx_word' id='word_1_366' title='bbox 1344 4799 1421 4869; x_wconf 89' lang='lat' dir='ltr'>Hoc</span> <span class='ocrx_word' id='word_1_367' title='bbox 1433 4797 1595 4896; x_wconf 87' lang='lat' dir='ltr'>profecto</span> <span class='ocrx_word' id='word_1_368' title='bbox 1613 4797 1745 4895; x_wconf 73' lang='lat' dir='ltr'>sibyllae</span> <span class='ocrx_word' id='word_1_369' title='bbox 1763 4799 1992 4893; x_wconf 86' lang='lat' dir='ltr'>vaticinium,</span> <span class='ocrx_word' id='word_1_370' title='bbox 2019 4805 2068 4875; x_wconf 90' lang='lat' dir='ltr'>ni</span> 
     </span>
    </p>
   </div>
   <div class='ocr_carea' id='block_1_5' title="bbox 462 5009 2069 5330">
    <p class='ocr_par' dir='ltr' id='par_1_5' title="bbox 462 5009 2069 5330">
     <span class='ocr_line' id='line_1_36' title="bbox 498 5009 2066 5078; baseline 0.001 -16"><span class='ocrx_word' id='word_1_371' title='bbox 498 5009 508 5038; x_wconf 80' lang='lat'>¹</span> <span class='ocrx_word' id='word_1_372' title='bbox 523 5011 635 5074; x_wconf 61' lang='lat' dir='ltr'>amore.</span> <span class='ocrx_word' id='word_1_373' title='bbox 646 5011 719 5061; x_wconf 78' lang='lat' dir='ltr'>Isatoe</span> <span class='ocrx_word' id='word_1_374' title='bbox 725 5011 933 5075; x_wconf 75' lang='lat' dir='ltr'>proptetoeprot,</span> <span class='ocrx_word' id='word_1_375' title='bbox 945 5011 1007 5074; x_wconf 78' lang='lat' dir='ltr'>opp.</span> <span class='ocrx_word' id='word_1_376' title='bbox 1018 5020 1036 5061; x_wconf 90' lang='lat' dir='ltr'>t.</span> <span class='ocrx_word' id='word_1_377' title='bbox 1050 5009 1085 5063; x_wconf 90' lang='lat' dir='ltr'>lll</span> <span class='ocrx_word' id='word_1_378' title='bbox 1095 5047 1103 5074; x_wconf 91' lang='lat'>,</span> <span class='ocrx_word' id='word_1_379' title='bbox 1114 5009 1162 5062; x_wconf 84' lang='lat' dir='ltr'>eol.</span> <span class='ocrx_word' id='word_1_380' title='bbox 1176 5013 1239 5060; x_wconf 80' lang='grc'>1.-</span> <span class='ocrx_word' id='word_1_381' title='bbox 1270 5009 1389 5072; x_wconf 77' lang='lat' dir='ltr'>-‘lni.,</span> <span class='ocrx_word' id='word_1_382' title='bbox 1398 5025 1454 5078; x_wconf 81' lang='lat' dir='ltr'>cap.</span> <span class='ocrx_word' id='word_1_383' title='bbox 1463 5027 1498 5071; x_wconf 83' lang='lat' dir='ltr'>rx,</span> <span class='ocrx_word' id='word_1_384' title='bbox 1507 5025 1530 5062; x_wconf 83' lang='grc' dir='ltr'>ιι.</span> <span class='ocrx_word' id='word_1_385' title='bbox 1541 5009 1612 5060; x_wconf 76' lang='lat'>8.-⁸</span> <span class='ocrx_word' id='word_1_386' title='bbox 1620 5011 1682 5076; x_wconf 80' lang='lat' dir='ltr'>Gap.</span> <span class='ocrx_word' id='word_1_387' title='bbox 1690 5026 1762 5074; x_wconf 80' lang='grc' dir='ltr'>ιιιιι,</span> <span class='ocrx_word' id='word_1_388' title='bbox 1770 5013 1832 5077; x_wconf 78' lang='lat' dir='ltr'>opp.</span> <span class='ocrx_word' id='word_1_389' title='bbox 1842 5021 1859 5064; x_wconf 92' lang='lat' dir='ltr'>t.</span> <span class='ocrx_word' id='word_1_390' title='bbox 1870 5011 1978 5075; x_wconf 85' lang='lat' dir='ltr'>llll,col.</span> <span class='ocrx_word' id='word_1_391' title='bbox 1989 5012 2066 5069; x_wconf 76' lang='lat'>50⁴.</span> 
     </span>
     <span class='ocr_line' id='line_1_37' title="bbox 463 5093 2069 5162; baseline 0.002 -16"><span class='ocrx_word' id='word_1_392' title='bbox 463 5093 474 5123; x_wconf 83' lang='grc'><em>“</em></span> <span class='ocrx_word' id='word_1_393' title='bbox 490 5099 608 5147; x_wconf 78' lang='lat' dir='ltr'>Adversus</span> <span class='ocrx_word' id='word_1_394' title='bbox 623 5097 779 5155; x_wconf 76' lang='lat' dir='ltr'>Vlloeresca,</span> <span class='ocrx_word' id='word_1_395' title='bbox 795 5109 852 5162; x_wconf 82' lang='lat' dir='ltr'>cap.</span> <span class='ocrx_word' id='word_1_396' title='bbox 864 5111 904 5161; x_wconf 89' lang='lat' dir='ltr'>m,</span> <span class='ocrx_word' id='word_1_397' title='bbox 918 5095 980 5160; x_wconf 78' lang='lat' dir='ltr'>opp.</span> <span class='ocrx_word' id='word_1_398' title='bbox 994 5094 1094 5157; x_wconf 71' lang='lat' dir='ltr'>svnt,</span> <span class='ocrx_word' id='word_1_399' title='bbox 1106 5095 1132 5146; x_wconf 86' lang='lat' dir='ltr'>in</span> <span class='ocrx_word' id='word_1_400' title='bbox 1144 5109 1239 5161; x_wconf 79' lang='lat' dir='ltr'>appen-</span> <span class='ocrx_word' id='word_1_401' title='bbox 1271 5095 1326 5136; x_wconf 83' lang='lat'>-⁸</span> <span class='ocrx_word' id='word_1_402' title='bbox 1338 5095 1417 5146; x_wconf 80' lang='lat' dir='ltr'>lnam.</span> <span class='ocrx_word' id='word_1_403' title='bbox 1436 5098 1521 5156; x_wconf 70' lang='lat' dir='ltr'>dicta,</span> <span class='ocrx_word' id='word_1_404' title='bbox 1540 5093 1583 5145; x_wconf 86' lang='lat' dir='ltr'>lib.</span> <span class='ocrx_word' id='word_1_405' title='bbox 1603 5093 1645 5158; x_wconf 74' lang='lat' dir='ltr'>ll,</span> <span class='ocrx_word' id='word_1_406' title='bbox 1663 5109 1719 5162; x_wconf 81' lang='lat' dir='ltr'>cap.</span> <span class='ocrx_word' id='word_1_407' title='bbox 1737 5112 1805 5148; x_wconf 80' lang='grc' dir='ltr'>ιιιιι.</span> <span class='ocrx_word' id='word_1_408' title='bbox 1818 5095 1873 5136; x_wconf 85' lang='lat'>-&#39;</span> <span class='ocrx_word' id='word_1_409' title='bbox 1888 5098 1985 5162; x_wconf 66' lang='lat' dir='ltr'>lupar·</span> <span class='ocrx_word' id='word_1_410' title='bbox 1998 5097 2069 5151; x_wconf 80' lang='lat' dir='ltr'>its,</span> 
     </span>
     <span class='ocr_line' id='line_1_38' title="bbox 462 5178 1592 5247; baseline -0.002 -15"><span class='ocrx_word' id='word_1_411' title='bbox 462 5179 534 5242; x_wconf 80' lang='lat' dir='ltr'>dica,</span> <span class='ocrx_word' id='word_1_412' title='bbox 545 5179 594 5232; x_wconf 81' lang='lat' dir='ltr'>col.</span> <span class='ocrx_word' id='word_1_413' title='bbox 607 5183 632 5231; x_wconf 80' lang='lat'>8.</span> <span class='ocrx_word' id='word_1_414' title='bbox 641 5181 718 5244; x_wconf 81' lang='lat' dir='ltr'>Quem</span> <span class='ocrx_word' id='word_1_415' title='bbox 728 5180 817 5232; x_wconf 84' lang='lat' dir='ltr'>librum</span> <span class='ocrx_word' id='word_1_416' title='bbox 826 5179 960 5247; x_wconf 71' lang='lat' dir='ltr'>Augustino</span> <span class='ocrx_word' id='word_1_417' title='bbox 971 5181 1032 5233; x_wconf 79' lang='lat' dir='ltr'>labo</span> <span class='ocrx_word' id='word_1_418' title='bbox 1042 5178 1115 5233; x_wconf 78' lang='lat' dir='ltr'>tribul</span> <span class='ocrx_word' id='word_1_419' title='bbox 1125 5181 1239 5232; x_wconf 81' lang='lat' dir='ltr'>monachi</span> <span class='ocrx_word' id='word_1_420' title='bbox 1272 5179 1345 5234; x_wconf 88' lang='lat' dir='ltr'>Amb.</span> <span class='ocrx_word' id='word_1_421' title='bbox 1353 5178 1406 5220; x_wconf 84' lang='lat'>·-⁸</span> <span class='ocrx_word' id='word_1_422' title='bbox 1418 5179 1553 5232; x_wconf 74' lang='grc' dir='ltr'>θοιοιιιιιιιι</span> <span class='ocrx_word' id='word_1_423' title='bbox 1563 5179 1592 5230; x_wconf 89' lang='lat' dir='ltr'>D.</span> 
     </span>
     <span class='ocr_line' id='line_1_39' title="bbox 462 5263 1237 5330; baseline 0 -14"><span class='ocrx_word' id='word_1_424' title='bbox 462 5265 554 5318; x_wconf 81' lang='lat' dir='ltr'>ordinis</span> <span class='ocrx_word' id='word_1_425' title='bbox 562 5263 774 5318; x_wconf 79' lang='lat' dir='ltr'>Sanctibcaedicti</span> <span class='ocrx_word' id='word_1_426' title='bbox 783 5263 892 5318; x_wconf 85' lang='lat' dir='ltr'>arbitrati</span> <span class='ocrx_word' id='word_1_427' title='bbox 901 5266 1014 5318; x_wconf 75' lang='lat' dir='ltr'>sunt-¹</span> <span class='ocrx_word' id='word_1_428' title='bbox 1022 5263 1237 5330; x_wconf 66' lang='lat' dir='ltr'>[pammatii.</span> 
     </span>
    </p>
   </div>
   <div class='ocr_carea' id='block_1_6' title="bbox 0 0 2266 6102">
    <p class='ocr_par' dir='ltr' id='par_1_6' title="bbox 0 0 2266 6102">
     <span class='ocr_line' id='line_1_40' title="bbox 0 0 2266 6102; baseline 0 2"><span class='ocrx_word' id='word_1_429' title='bbox 0 0 2266 6102; x_wconf 95' lang='lat' dir='ltr'> </span> 
     </span>
    </p>
   </div>
  </div>
 </body>
</html>
