4486 6100
1065 589 1192 660 PETlll
1220 589 1454 664 ABAEL'ARDI

1280 728 1415 784 Nostrum
1426 739 1469 786 est
1480 729 1593 786 interim
1606 739 1728 786 mentem
1740 731 1860 805 erigere,

780 835 920 892 XXVIII,
1280 819 1317 876 Et
1328 820 1394 876 totis
1407 819 1525 894 patriam
1538 820 1607 876 votis
1624 830 1768 895 appetere,

1282 909 1317 965 Et
1329 909 1364 965 ad
1375 909 1529 966 Jerusalem
1542 929 1557 966 a
1571 910 1736 984 Babylonia,

468 1009 495 1065 0
513 1018 632 1083 quanta,
651 1007 743 1082 qualia
756 1017 821 1062 sunt
833 1004 879 1061 illa
893 1003 1022 1076 sabbata,
1282 999 1347 1056 Post
1364 999 1448 1076 longa
1459 1000 1571 1076 regredi
1584 1001 1697 1058 tandem
1709 1001 1800 1058 exilia.

466 1101 534 1170 Qun
546 1115 656 1170 semper
666 1095 787 1152 celebrat
799 1112 918 1169 superna
927 1095 1020 1149 curia!

466 1191 534 1260 Quae
545 1189 623 1244 fessis
635 1187 759 1262 requies,
779 1203 840 1261 quae
854 1203 959 1241 merces
978 1183 1114 1252 fortibus,
1282 1168 1343 1225 1¹5⁰
1353 1169 1489 1224 ffl0¹⁰⁸lil⁵
1501 1169 1587 1226 finitiS
1599 1169 1730 1226 ⁰¹¹tnib1¹⁸

466 1281 562 1349 Quum
574 1279 629 1333 erit
642 1277 736 1332 omnia
748 1275 823 1332 Dens
839 1276 868 1330 in
883 1275 1028 1332 omnibus!
1283 1261 1380 1317 Securi
1392 1261 1498 1316 ⁰²¹¹llc²
1510 1260 1579 1316 Sl0¹¹
1592 1260 1779 1330 0111ῑὲῧὶῐῦῡῆ

1282 1351 1316 1407 Et
1324 1350 1407 1424 juges
1422 1351 1524 1426 gratias
1533 1349 1568 1407 de
1579 1351 1660 1406 donis
1676 1351 1769 1426 gratiae

465 1448 541 1505 Vere
552 1443 704 1502 Jerusalem
718 1443 777 1499 illic
788 1454 831 1500 est
844 1443 939 1498 civitas
1279 1449 1358 1502 Beata
1374 1445 1476 1502 referet
1488 1444 1567 1519 plebs
1578 1444 1645 1513 tibi,
1665 1446 1800 1518 [Domine
1810 1444 1840 1518 1]

464 1538 553 1610 Cujus
565 1555 616 1610 pax
626 1537 703 1609 jugis
716 1547 759 1591 est
772 1553 880 1590 summa
888 1533 1065 1607 jncunditas,

466 1628 522 1682 Ubi
536 1644 593 1682 non
607 1627 737 1699 praevenit
751 1644 812 1682 rem
824 1623 1012 1692 desiderium,
1281 1616 1342 1672 lllic
1355 1635 1389 1672 ex
1401 1614 1517 1670 sabbato
1529 1613 1660 1670 succedet
1672 1613 1834 1681 sabbatum,

466 1719 524 1774 Nec
535 1716 674 1773 desiderio
687 1718 780 1772 minus
792 1726 836 1772 est
846 1715 1000 1789 premium.
1281 1716 1384 1791 Perper
1396 1715 1491 1771 laetitia
1503 1714 1748 1783 sabbatizantium,

1282 1807 1341 1879 Nec
1352 1803 1504 1862 ineffabiles
1516 1805 1662 1861 cessabunt
1670 1803 1772 1878 jubili,

466 1888 537 1958 Qul⁵
551 1888 615 1942 ΓΘΗ
636 1904 696 1961 ‘11¹²
710 1885 804 1941 curli!
820 1883 902 1959 ‘lull‘
916 1883 1068 1957 P⁸l¹ll¹¹ml
1282 1896 1362 1968 Quos
1375 1894 1584 1952 decantabimus
1598 1904 1627 1950 et
1639 1911 1690 1952 nos
1703 1904 1733 1950 et
1745 1892 1847 1966 angeli.

466 1981 534 2050 Quae
547 1979 614 2051 par!
631 1995 691 2051 que
704 1976 830 2051 requies!
847 1973 924 2049 quod
943 1971 1016 2030 illud
1035 1971 1185 2047 gandium!

468 2067 559 2140 Hujus
571 2068 720 2141 participes
733 2075 873 2140 exponant
887 2065 994 2138 gloria,
1281 2067 1400 2123 Perenni
1416 2065 1553 2130 Domino,
1567 2076 1620 2120 etc.

467 2159 511 2228 Si,
527 2168 664 2232 quantum
678 2157 816 2224 sentiunt,
832 2155 940 2230 possint
949 2153 1116 2227 exprimere.

1236 2840 1291 2919 11.

514 3123 741 3222 Tripartiturn
758 3120 938 3193 estdivini
953 3119 1069 3191 cultus
1087 3117 1257 3190 officium.
1275 3121 1409 3190 Ductor
1421 3119 1581 3216 gentium
1593 3120 1631 3190 in
1650 3119 1800 3218 epistola
1817 3122 1868 3193 ad
1890 3125 2066 3222 Ephesus
2123 3189 2129 3196 .

467 3242 647 3314 ordinavit
662 3240 801 3313 dicens¹
823 3268 831 3310 :
850 3269 867 3308 ι
891 3243 935 3310 Et
951 3239 1061 3311 nolite
1086 3238 1253 3312 inebriari
1266 3239 1350 3310 vino
1369 3240 1405 3309 in
1428 3263 1502 3336 quo
1527 3253 1581 3312 cst
1601 3239 1757 3333 luxuria,
1784 3241 1847 3315 sed
1860 3243 2068 3341 implemini

466 3365 599 3461 Spiritu
622 3361 809 3458 loquentes
835 3358 1096 3458 vobismetipsis
1121 3361 1156 3430 in
1177 3359 1322 3458 psahnis
1354 3373 1390 3430 et
1416 3359 1559 3455 hymnis
1583 3374 1620 3431 et
1651 3362 1796 3433 canticis
1821 3363 2066 3462 spiritalibus,

465 3495 648 3554 cantantes
673 3496 708 3551 et
730 3478 919 3578 psallentes
937 3480 973 3549 in
997 3477 1166 3551 cordibus
1189 3478 1313 3551 vestris
1331 3479 1502 3550 Domino.
1520 3507 1538 3546 ιι
1564 3482 1610 3552 Et
1635 3504 1758 3552 rursus
1782 3479 1834 3550 ud
1857 3482 2072 3556 colosenses

466 3601 595 3699 inquit¹
614 3628 622 3669 :
638 3596 822 3669 «Verbum
839 3596 968 3670 Christi
980 3597 1115 3670 habitet
1128 3599 1164 3668 in
1178 3596 1281 3669 vobis
1291 3596 1516 3670 abundanter
1528 3599 1565 3670 in
1575 3600 1676 3670 omni
1689 3600 1873 3699 sapientia,
1889 3601 2072 3676 docentes

466 3739 502 3794 et
519 3733 790 3794 commonentes
806 3719 1042 3816 vosmetipsos
1060 3717 1220 3816 psalmis,
1247 3718 1391 3815 hymnis
1421 3733 1457 3791 et
1470 3719 1615 3800 canticis
1632 3719 1868 3818 spiritalibus,
1896 3723 1934 3792 in
1956 3725 2074 3820 gratia

467 3853 649 3912 cantantes
666 3840 702 3909 in
721 3835 889 3910 cordibus
907 3839 1031 3910 vestris
1043 3837 1214 3910 Domino
1226 3867 1244 3904 ι

519 3959 648 4031 Psalmi
665 3982 751 4031 vero
768 3971 805 4030 et
818 3957 955 4030 cantica
980 3958 1152 4056 quoniam
1170 3982 1213 4029 ex
1230 3959 1412 4030 canonicis
1430 3959 1623 4056 antiquitus
1641 3974 1836 4060 praeparata
1863 3977 1950 4034 sunt
1980 3965 2078 4034 Scri-

469 4082 600 4178 pturis,
621 4104 688 4151 uec
705 4093 828 4150 nostro
846 4102 912 4151 nec
930 4077 1078 4174 alicujus
1092 4093 1197 4175 egent
1215 4076 1333 4150 studio
1347 4093 1386 4150 ut
1405 4077 1515 4152 modo
1532 4074 1810 4179 componantur.

518 4204 572 4273 De
591 4199 734 4297 hymnis
759 4223 844 4270 vero
871 4222 985 4295 quum
1007 4196 1096 4269 nihil
1120 4199 1158 4269 in
1179 4199 1409 4298 superpositis
1432 4198 1641 4272 distinctum
1662 4199 1838 4273 habeatur
1856 4203 2080 4301 scripturis,

470 4322 632 4419 quamvis
650 4336 687 4392 et
707 4318 872 4392 nonnulli
893 4317 1022 4417 psalmi
1044 4342 1178 4392 nomen
1200 4318 1419 4415 hymnorum
1435 4321 1509 4392 sive
1531 4321 1751 4394 canticorum
1771 4336 1993 4394 sanctorum
2022 4325 2082 4394 in·

470 4444 640 4540 scriptum
657 4441 765 4514 titulis
782 4440 955 4531 habeant,
976 4442 1109 4540 passim
1132 4465 1154 4512 a
1171 4441 1332 4541 pluribus
1349 4457 1474 4541 postea
1490 4445 1664 4543 scriptum
1682 4457 1751 4534 est,
1781 4457 1816 4515 et
1836 4468 1907 4542 pro.
1921 4460 2087 4547 tempo-

471 4588 551 4635 rum
580 4577 641 4634 aut
679 4562 850 4634 horarum
877 4585 939 4634 seu
966 4561 1193 4635 festivitatum
1227 4563 1394 4636 varietate
1423 4561 1626 4661 quibusque
1656 4565 1793 4663 proprii
1818 4563 1955 4661 hymni
1994 4583 2090 4640 sunt

471 4683 668 4772 constituti,
688 4696 724 4753 et
741 4681 808 4754 hos
825 4706 923 4753 nunc
940 4681 1085 4780 proprie
1104 4679 1259 4779 hymnos
1276 4681 1516 4781 appellamus,
1545 4683 1709 4781 quamvis
1732 4684 1935 4781 antiquitus
1950 4681 1954 4686 ’
1967 4687 2090 4760 indis-

473 4805 624 4875 ferenter
647 4801 812 4875 nonnulli
831 4816 904 4873 tam
926 4802 1080 4899 hymnos
1104 4827 1214 4899 quam
1240 4801 1397 4901 psalmos
1424 4801 1584 4876 dicerent
1607 4801 1773 4901 quaelibet
1791 4801 1927 4876 divinae
1958 4805 2095 4881 laudis

472 4923 608 4995 cantica
626 4922 793 5019 rhythmo
807 4921 863 4995 vel
884 4937 998 4996 metro
1017 4924 1228 5022 composita.
1252 4923 1355 4996 Unde
1374 4924 1552 4998 Eusebiusw
1564 4925 1783 4998 Caesariensis
1803 4924 2095 5006 Ecclesiasticoe

508 5201 515 5226 ¹
535 5198 637 5260 upum,
652 5196 1224 5264 cap-vn.18,19.-'Gntoat.,eap.ur,r.
1240 5199 1279 5247 16.
