4496 6102
446 549 517 624 aaa
1045 546 1173 621 enam
1199 503 1460 627 annuam

445 691 670 783 exhibentur,
691 717 766 764 non
788 690 921 765 exultat
940 689 1123 782 laudibus,
1142 715 1218 764 non
1240 694 1443 791 congaudet
1460 693 1697 793 gaudentibus
1719 721 1727 764 ε
1749 693 1813 768 sed
1834 694 2030 768 condolens

444 811 628 908 perituris,
648 837 740 912 quos
758 826 908 884 amorte
928 835 1097 884 revocare
1113 836 1188 883 non
1204 812 1314 906 valet,
1327 815 1402 910 jam
1421 816 1523 912 quasi
1544 830 1706 888 mortuos
1724 813 1844 888 deflet.
1862 814 2031 914 Deplorat

445 955 571 1004 eorum
587 949 739 1005 mortem
755 948 793 1005 ut
805 934 1033 1031 resipiscant,
1050 932 1205 1004 deterret
1216 959 1263 1006 ne
1277 951 1437 1032 pereant.
1459 941 1617 1009 Ventura
1635 936 1821 1009 denuntiat
1837 936 1948 1027 mala,
1968 962 2030 1035 per

444 1052 544 1148 quod
563 1052 630 1124 sibi
647 1054 838 1153 providere
857 1069 1003 1154 possent
1022 1079 1043 1124 a
1062 1077 1183 1153 poena.
1206 1054 1312 1127 Dolet
1330 1055 1432 1154 quod
1445 1081 1519 1129 uon
1545 1057 1742 1148 exauditur,
1761 1056 1869 1128 deflet
1889 1056 2029 1131 illorum

444 1197 580 1266 casum,
596 1201 669 1247 nou
683 1181 931 1275 contemptum
948 1200 1075 1266 suum,
1093 1177 1154 1272 qui
1169 1174 1305 1247 salvare
1323 1191 1487 1266 venerat,
1502 1201 1577 1248 non
1592 1177 1755 1278 perdere.
1772 1176 1877 1250 Unde
1888 1191 1922 1250 et
1934 1183 2031 1250 lesus

444 1299 591 1395 proprio
605 1299 753 1370 nomine
765 1312 818 1372 est
829 1311 988 1370 vocatus.
1002 1295 1173 1395 Deplorat
1188 1321 1394 1395 supremam
1406 1313 1443 1369 et
1454 1289 1720 1397 irreparabilem
1733 1299 1847 1398 gentis
1865 1297 1957 1370 illius
1974 1321 2031 1369 ex·

443 1421 732 1493 terminationem
745 1443 810 1519 per
823 1443 992 1492 romanos
1003 1418 1194 1517 principes,
1211 1419 1329 1490 Titum
1344 1418 1506 1492 videlicet
1521 1443 1563 1491 ac
1575 1420 1845 1519 Vespasianum,
1860 1419 2026 1491 futuram.

447 1541 488 1610 Hi
502 1555 586 1612 sunt
598 1541 672 1614 duo
689 1543 778 1633 ursi,
791 1541 853 1640 qui
867 1541 913 1612 de
925 1539 1015 1611 saltu
1029 1539 1266 1638 prodeuntes,
1281 1538 1515 1637 quadraginta
1526 1538 1620 1611 duos
1635 1563 1767 1638 pueros
1782 1538 2026 1638 perdiderunt,

444 1663 507 1758 qui
527 1662 642 1736 Eliseo
664 1662 709 1735 de
731 1662 894 1753 iericho,
920 1660 980 1732 ubi
1002 1675 1185 1732 sanaverat
1208 1684 1336 1758 aquas,
1361 1660 1567 1733 ascendenti
1590 1659 1712 1731 bethel
1734 1657 1950 1747 illudebant,
1976 1657 2029 1728 di·

444 1791 582 1856 centes¹
597 1816 605 1855 ι
623 1817 640 1854 a
659 1785 831 1876 Ascende,
847 1784 965 1874 calve,
981 1783 1146 1871 ascende,
1163 1782 1300 1854 calve.»
1316 1784 1541 1882 Ursiquippe
1555 1780 1742 1872 silvestres,
1758 1783 1937 1880 principes
1949 1793 2031 1851 sunt

445 1906 593 2002 gentiles
611 1933 631 1978 a
647 1906 834 2006 disciplina
852 1905 939 2003 legis
952 1905 1074 2014 alieni,
1094 1918 1129 1975 et
1147 1929 1167 1976 a
1185 1904 1326 1976 civitate
1340 1906 1407 1978 Dei
1423 1905 1569 1994 remoti,
1590 1917 1625 1976 et
1639 1926 1740 1974 more
1756 1901 1911 1974 ferarum
1929 1897 2031 1974 iudo·

445 2027 534 2097 miti.
554 2031 627 2098 llos
645 2052 758 2123 quum
781 2027 956 2124 gentilitas
980 2025 1106 2113 mittit,
1127 2024 1229 2120 quasi
1255 2022 1302 2095 de
1320 2024 1456 2095 inculto
1477 2021 1567 2094 saltu
1585 2020 1787 2120 prodeunt,
1808 2019 1954 2119 quiade
1970 2017 2030 2089 illo

445 2145 625 2242 prodeunt
650 2146 787 2245 populo
808 2147 871 2244 qui
892 2145 1027 2218 nullam
1049 2145 1176 2218 divinae
1195 2143 1366 2216 doctrinae
1386 2144 1561 2216 culturam
1582 2157 1743 2216 noverat.
1766 2143 1839 2229 Qui
1859 2140 1948 2212 dum
1967 2141 2031 2212 im·

445 2264 600 2337 bellione
619 2265 754 2362 judaici
772 2266 896 2366 populi
918 2289 1018 2336 suam
1035 2264 1202 2361 injuriam
1214 2263 1442 2337 intenderent
1461 2263 1659 2352 vindicare,
1679 2261 1800 2334 divina
1823 2261 1894 2332 hoc
1911 2274 2030 2331 actum

445 2398 498 2456 est
511 2384 792 2485 dispensatione,
814 2402 853 2457 ut
871 2385 1000 2457 Christi
1015 2385 1125 2483 magis
1136 2385 1302 2480 injuriam
1319 2386 1488 2484 punirent
1502 2385 1613 2482 ignari
1631 2407 1740 2481 quam
1758 2382 1955 2482 propriam.
1975 2381 2030 2451 Sic

445 2509 578 2606 quippe
597 2505 642 2578 de
657 2513 764 2579 Assur
780 2507 957 2580 Dominus
971 2507 1038 2579 ait'
1054 2533 1061 2577 :
1084 2535 1102 2575 a
1120 2511 1226 2577 Assur
1240 2507 1335 2603 virga
1347 2505 1475 2577 furoris
1491 2505 1560 2578 mei
1569 2557 1579 2590 ,
1601 2507 1674 2605 ipse
1689 2519 1809 2578 autem
1823 2529 1898 2576 non
1913 2503 1963 2576 sic
1980 2527 2030 2573 ar·

444 2624 652 2698 bitrabatur.
668 2656 686 2695 »
707 2631 829 2715 Quum
845 2628 942 2699 enim
955 2652 1021 2725 per
1032 2625 1210 2725 populum
1229 2630 1335 2697 Assur
1349 2626 1525 2698 Dominus
1547 2626 1584 2696 in
1598 2622 1735 2724 populo
1752 2648 1819 2696 suo
1837 2621 2029 2695 vindictam

445 2764 602 2839 exercet,
624 2751 701 2849 ipse
718 2757 826 2822 Assur
849 2749 950 2848 quasi
971 2749 1069 2847 virga
1093 2763 1148 2820 est
1172 2748 1230 2820 irae
1248 2748 1331 2839 Dei,
1351 2746 1423 2820 hoc
1444 2760 1497 2820 est
1515 2745 1693 2844 flagellum
1717 2744 1880 2818 vindictae
1904 2747 2025 2844 ipsius.

445 2869 552 2955 Quod
565 2885 683 2942 tamen
695 2869 767 2942 hoc
781 2871 900 2943 divina
915 2869 1180 2971 dispensatione
1197 2885 1338 2969 geratur
1356 2871 1511 2968 ignorat,
1524 2869 1607 2967 quia
1621 2868 1692 2940 hoc
1706 2881 1821 2940 totum
1835 2867 1935 2964 quod
1946 2893 2030 2967 prae·

444 2987 536 3060 valet
547 3014 621 3062 non
635 2989 763 3062 divinae
775 2988 1006 3080 ordinationi,
1020 2990 1083 3063 sed
1094 2989 1249 3089 propriis
1259 2987 1447 3062 virtutibus
1461 2987 1639 3061 adscribit.
1656 2987 1739 3059 Tale
1752 2987 1839 3085 quid
1851 3001 1887 3060 et
1900 2986 1947 3058 de
1957 2989 2029 3059 istis

443 3112 601 3182 romanis
620 3109 841 3210 principibus
864 3109 1045 3181 Psalmista
1064 3109 1286 3210 praevidens,
1307 3110 1639 3182 exterminationem
1653 3133 1724 3180 suae
1738 3109 1851 3206 gentis
1864 3107 2028 3208 deplora·

444 3226 525 3319 bat,
548 3229 598 3302 sic
617 3230 664 3302 ad
681 3254 764 3301 cum
778 3233 1024 3325 conquerens·
1040 3258 1047 3298 ε
1072 3259 1090 3297 a
1105 3233 1248 3320 Quanta
1264 3228 1476 3326 malignatus
1489 3242 1542 3300 est
1555 3228 1720 3299 inimicus
1734 3226 1770 3298 in
1785 3227 1928 3300 sancto!
1946 3257 1965 3295 a
1982 3233 2030 3300 Ac

444 3350 473 3417 si
492 3347 651 3422 diceret:
673 3354 705 3421 Ο
725 3364 876 3446 quantas
896 3348 1046 3420 malitias
1063 3363 1098 3420 et
1116 3347 1403 3420 abominationes
1421 3349 1479 3419 ille
1494 3351 1738 3420 Romanorum
1757 3348 1912 3446 populus
1932 3374 2030 3446 exer

445 3471 518 3541 cuit
538 3471 574 3540 in
597 3471 674 3569 ipso
694 3471 800 3542 etiam
822 3468 957 3566 templo
977 3484 1012 3540 et
1030 3470 1232 3542 sanctuario
1251 3467 1393 3541 divino!
1419 3473 1462 3541 Et
1479 3468 1619 3567 gloriati
1636 3483 1720 3541 sunt
1739 3469 1801 3566 qui
1818 3469 1974 3542 oderunt
1996 3486 2029 3542 te

445 3615 569 3662 verum
587 3594 720 3681 Deum,
741 3605 912 3687 tanquam
937 3588 1109 3662 idolatriae
1134 3588 1311 3679 cultores,
1332 3591 1415 3687 quia
1442 3589 1635 3662 daemones.
1662 3589 1830 3680 Gloriati,
1859 3591 2025 3687 inquam,

445 3711 481 3780 in
494 3709 615 3781 medio
629 3709 861 3782 solemnitatis
875 3725 961 3799 tuae,
976 3708 1047 3781 hoc
1061 3723 1114 3780 est
1127 3709 1220 3780 inter
1233 3708 1309 3782 dies
1325 3708 1527 3808 paschales,
1542 3732 1635 3807 quos
1649 3724 1688 3782 tu
1701 3711 1778 3808 ipse
1789 3709 1835 3781 ad
1850 3709 2028 3782 honorem

444 3831 495 3902 tui
510 3830 688 3902 solemnes
702 3831 913 3903 institueras.
930 3835 1068 3902 lustum
1081 3831 1214 3930 quippe
1233 3829 1298 3902 luit
1310 3845 1349 3902 ut
1362 3830 1489 3920 Judaei,
1510 3831 1573 3926 qui
1590 3830 1626 3900 in
1639 3829 1862 3902 solemnitate
1871 3829 2030 3928 paschali

444 3941 627 4024 Christum
644 3951 865 4038 occiderant,
888 3950 1009 4022 locum
1029 3965 1065 4022 et
1083 3965 1225 4047 gentem
1243 3975 1308 4049 per
1325 3974 1408 4021 eum
1431 3951 1592 4022 amittere
1613 3965 1828 4037 metuentes,
1849 3951 1886 4021 in
1903 3950 2029 4024 eadem

443 4069 667 4144 solemnitate
688 4073 801 4171 capti,
821 4095 885 4170 per
902 4071 988 4142 istos
1006 4071 1043 4140 in
1062 4085 1276 4169 perpetuum
1299 4071 1631 4160 exterminarentur,
1652 4068 1709 4142 vel
1733 4070 1883 4142 omnino
1908 4069 2031 4170 perde·

444 4207 583 4283 rentur,
598 4218 661 4292 per
673 4193 773 4283 istos,
787 4193 948 4290 inquam,
960 4191 1218 4295 Vespasiapum
1231 4189 1362 4262 scilicet
1375 4206 1528 4288 patrem,
1542 4205 1576 4263 et
1588 4192 1718 4280 litum,
1735 4189 1811 4286 ejus
1822 4189 1948 4281 filium,
1964 4216 2031 4288 pu·

443 4313 605 4385 nirentur
619 4313 686 4404 illi,
708 4314 769 4411 qui
788 4313 824 4383 in
843 4316 960 4383 Deum
979 4315 1119 4383 Patrem
1138 4325 1173 4381 et
1191 4311 1266 4406 ejus
1283 4309 1410 4384 Filium
1429 4327 1502 4383 tam
1520 4313 1672 4409 graviter
1688 4310 1926 4408 deliquemnt.
1943 4312 2031 4383 Glo-

443 4435 521 4505 riati
539 4450 623 4507 sunt
635 4435 680 4508 de
703 4434 850 4506 victoria
871 4459 982 4532 quam
1005 4433 1257 4522 obtinuerunt,
1277 4425 1475 4506 nescientes
1495 4434 1594 4532 quod
1614 4448 1762 4534 propter
1774 4449 1920 4532 peccata
1938 4395 2035 4505 illitis

442 4555 567 4653 populi
578 4555 654 4626 haec
672 4558 768 4626 Deus
787 4554 988 4652 permiserit
1012 4551 1101 4624 lieri.
1124 4552 1228 4624 Unde
1251 4568 1287 4625 et
1304 4554 1507 4651 sequitur‘:
1530 4583 1547 4622 a
1563 4557 1764 4629 Posuerunt
1788 4554 1886 4650 signa
1905 4579 1988 4643 sua,
2013 4584 2032 4621 u

442 4673 512 4746 hoc
526 4689 578 4748 est
591 4674 716 4747 vexilla
730 4689 935 4764 erexerunt,
948 4689 1120 4776 tanquam
1131 4673 1285 4745 victoriae
1299 4674 1410 4771 signa.
1426 4701 1445 4741 a
1458 4675 1557 4745 Sicut
1571 4674 1608 4745 in
1618 4675 1734 4766 exitu,
1747 4703 1765 4742 a
1781 4673 1852 4748 hoc
1863 4689 1916 4746 est
1930 4699 2036 4746 more

443 4795 757 4894 triumphantium,
785 4796 848 4892 qui
873 4797 909 4865 in
931 4795 1044 4893 portis
1065 4808 1250 4892 captarum
1276 4793 1458 4866 civitatum
1485 4794 1625 4892 erigunt
1651 4818 1714 4874 sua
1741 4795 1900 4894 trophaea
1924 4819 2038 4894 super

442 4938 639 5005 summum,
667 4914 738 4987 hoe
756 4931 809 4987 est
829 4916 865 4987 in
891 4915 1016 4987 altiore
1040 4914 1121 4986 loco
1148 4915 1315 5006 civitatis,
1341 4912 1436 4986 unde
1460 4915 1570 5012 magis
1599 4913 1646 4987 ab
1681 4915 1945 4988 introeuntibus
1972 4916 2036 4987 vel

477 5191 484 5217 ⁴
504 5191 563 5254 Rea.
580 5191 624 5251 tt,
638 5206 693 5257 cap.
706 5209 736 5254 u,
748 5209 772 5245 r.
785 5194 826 5244 28.
836 5219 868 5232 -
877 5189 888 5222 ⁸
898 5193 964 5244 isaie
976 5208 1030 5259 cap.
1044 5210 1058 5244 r
1070 5231 1076 5254 ,
1087 5209 1111 5242 v.
1123 5193 1146 5242 t.
1159 5219 1188 5228 —
1203 5190 1213 5218 ¹
1227 5191 1317 5244 natm.
1329 5207 1417 5254 txxrrr,
1434 5207 1455 5241 r.
1469 5193 1494 5242 8.
1505 5217 1531 5229 -
1543 5190 1553 5218 ⁴
1564 5191 1637 5252 thid..
1649 5209 1672 5242 r.
1685 5193 1709 5240 l.
