4536 6102
619 613 678 685 DE
703 612 872 686 SANCTO
896 613 1067 688 JOANNE
1093 614 1302 692 BAPTlSTA
1329 614 1489 686 SERMO.
1778 615 1847 684 585

267 769 337 843 tur,
356 755 432 824 sine
450 754 574 826 dolore
591 755 815 826 amittuntur.
838 781 855 820 ιι
878 753 966 843 Sed,
986 755 1141 852 inquies,
1167 752 1255 825 illud
1278 753 1367 824 mihi
1383 754 1508 824 beatus
1525 754 1739 848 Augustinus
1756 751 1847 848 obji-

266 875 363 944 ciens
384 902 392 943 :
414 876 515 960 «Qui
531 874 663 946 samam
680 896 782 945 suam
799 872 943 969 negligit
960 873 1113 946 crudelis
1130 890 1201 964 est,
1212 901 1230 942 >ι
1250 873 1360 944 addes
1376 874 1484 945 etiam
1499 873 1570 943 hoc
1586 870 1777 969 plurimam
1795 871 1846 944 al·

267 991 357 1062 ferre
375 993 585 1088 perniciem,
609 994 638 1064 si
654 991 745 1062 lictis
765 991 975 1062 criminibus
992 993 1077 1064 mali
1093 973 1211 1064 bonos
1228 992 1411 1087 dejiciant,
1430 1006 1466 1062 et
1477 990 1666 1089 praevaleat
1678 990 1847 1085 iniquitas

265 1113 454 1184 sanctitati.
474 1114 544 1184 Sed
566 1113 611 1184 ab
631 1112 703 1182 hoc
723 1112 870 1210 quidem
891 1113 1068 1210 pericul0,
1096 1128 1132 1184 et
1158 1114 1259 1184 famae
1282 1111 1515 1200 detrimento,
1544 1136 1626 1182 eum
1653 1113 1714 1208 qui
1738 1112 1775 1181 vi
1801 1113 1844 1182 ad

266 1232 511 1328 episcopatum
528 1245 660 1302 tractus
677 1246 749 1320 est,
769 1230 869 1301 facile
885 1231 953 1302 sibi
970 1245 1023 1302 est
1038 1230 1245 1329 providere;
1264 1245 1300 1302 et
1316 1231 1416 1328 quod
1433 1255 1516 1301 cum
1530 1253 1652 1300 amore
1670 1252 1744 1301 non
1761 1252 1844 1326 pos·
1944 1215 1955 1267 J

265 1350 374 1438 sidet,
393 1376 476 1423 cum
490 1350 631 1422 honore
648 1350 844 1439 dimittere,
865 1375 932 1421 nec
949 1365 988 1420 ut
1004 1351 1072 1421 sibi
1087 1351 1232 1422 tollatur
1245 1366 1441 1447 expectare.
1456 1351 1493 1420 Si
1509 1350 1605 1420 enim
1622 1348 1667 1419 de
1684 1363 1847 1444 suscepta

266 1469 471 1567 praelatione
487 1470 645 1543 debitam
661 1471 813 1568 praelatis
829 1470 1064 1541 reverentiam
1077 1485 1138 1541 aut
1154 1470 1303 1542 subditis
1320 1495 1444 1541 curam
1460 1468 1551 1541 nolit
1566 1468 1792 1567 impendere,
1812 1482 1848 1538 et

266 1588 337 1659 boc
354 1587 520 1660 exhibere
537 1588 649 1660 modo
665 1588 765 1685 quod
782 1612 905 1660 revera
922 1589 1054 1659 invitus
1070 1589 1337 1677 tolleret'onus,
1355 1605 1429 1660 tam
1447 1589 1548 1659 samae
1564 1611 1634 1658 suae
1652 1612 1760 1684 quam
1777 1587 1849 1657 ani·

267 1731 332 1778 mae
348 1708 481 1805 pariter
497 1705 683 1778 consulere
700 1708 842 1804 poterit.
863 1707 971 1791 Quod
987 1707 1078 1778 side
1094 1709 1280 1778 sanctitate
1297 1732 1360 1778 sua
1376 1706 1563 1778 confidens
1583 1707 1731 1777 aestimet
1747 1730 1784 1776 se
1801 1703 1846 1778 ad

265 1824 360 1898 hanc
375 1825 720 1898 administrationem
742 1824 867 1896 melius
884 1849 993 1922 quam
1009 1841 1154 1898 caeteros
1171 1851 1276 1925 posse
1297 1826 1477 1919 sufficere,
1498 1841 1533 1898 et
1553 1825 1624 1897 hoc
1645 1829 1769 1922 ntique
1790 1850 1847 1897 su·

265 1942 517 2040 perbissimum
542 1959 616 2033 est,
645 1959 680 2016 et
707 1945 745 2014 in
770 1944 868 2015 illam
892 1943 975 2015 Elias
999 1947 1317 2043 praesumptionem
1345 1944 1526 2035 incidere,
1554 1969 1625 2042 qua
1646 1944 1788 2016 dicebat
1805 1949 1843 2014 ¹:

267 2091 285 2129 «
306 2065 478 2152 Domine,
496 2063 691 2161 propbetas
711 2078 793 2135 tuos
814 2064 1042 2153 occiderunt,
1062 2066 1186 2138 altaria
1203 2081 1263 2137 tua
1279 2066 1521 2157 suffoderunt,
1547 2082 1583 2138 ct
1608 2091 1674 2162 ego
1700 2065 1845 2136 relictus

264 2201 344 2278 sum
354 2182 463 2270 soluS,
477 2197 512 2253 et
521 2199 684 2279 quaerunt
701 2183 859 2255 animam
873 2207 1005 2257 meam.
1017 2211 1035 2250 u
1052 2185 1149 2255 «Sed
1161 2185 1265 2282 quid,
1278 2215 1295 2252 ιι
1316 2187 1431 2282 inquit
1443 2184 1658 2283 Apostolus',
1681 2213 1698 2252 ιι
1712 2183 1798 2254 dicit
1812 2182 1844 2254 ei

266 2301 429 2373 divinum
444 2305 677 2401 responsum?
693 2303 861 2400 «Reliqui
877 2304 965 2374 mibi
981 2322 1118 2402 septem
1133 2305 1242 2377 millia
1253 2307 1427 2396 virorum,
1444 2308 1594 2403 quinon
1609 2317 1847 2376 curvaverunt

269 2447 286 2486 ιι
302 2445 416 2516 genua
436 2436 519 2493 ante
538 2422 632 2494 Baal.
650 2451 667 2489 u
686 2425 743 2494 Sic
762 2447 848 2519 ergo
866 2425 953 2495 etin
971 2425 1042 2495 boc
1058 2438 1221 2524 tempore
1238 2426 1393 2523 reliquiae
1413 2424 1612 2498 secundum
1635 2425 1846 2495 electionem

265 2541 384 2634 gratiae
401 2541 498 2611 lactae
514 2557 598 2612 sunt
613 2542 734 2630 salvae,
754 2557 823 2614 cto.
839 2570 857 2608 ιι
1059 2629 1067 2642 ·

313 2659 350 2729 Si
377 2684 461 2755 ergo
488 2660 665 2758 propheta
691 2675 828 2750 tantus,
849 2686 962 2733 unum
986 2687 1024 2733 se
1040 2664 1175 2734 caeteris
1198 2664 1405 2760 preferens,
1426 2663 1471 2736 de
1490 2664 1562 2736 boc
1582 2689 1653 2735 suae
1674 2687 1844 2760 praesum-

267 2781 398 2875 ptionis
412 2781 601 2851 temerario
614 2780 781 2876 judicioa
798 2783 956 2852 Domino
972 2797 1158 2880 correptus
1174 2797 1244 2870 est;
1263 2785 1341 2879 quis
1358 2799 1535 2874 nostrum,
1549 2783 1684 2855 nullam
1696 2781 1847 2880 prophe·

267 2898 322 2968 tiae
338 2901 486 2993 gratiam
502 2899 665 2996 adeptus,
684 2924 721 2969 se
739 2898 815 2970 aliis
832 2900 1017 2972 meliorem
1033 2904 1206 2973 aestimare
1223 2902 1369 2991 audeat,
1389 2903 1541 2974 maxime
1558 2927 1670 2998 quum
1682 2901 1736 2990 id,
1746 2902 1844 2996 juxta

267 3019 424 3114 regulam
448 3019 544 3089 beati
567 3017 766 3108 Benedicti,
786 3044 807 3090 a
824 3021 1010 3116 proposito
1039 3022 1244 3092 monasticae
1270 3021 1450 3116 religionis
1475 3023 1521 3092 sit
1544 3022 1846 3092 remotissimum?

268 3138 371 3208 Unde
404 3135 492 3208 illud
521 3151 574 3208 est
601 3138 638 3207 in
668 3137 814 3234 praefata
843 3138 982 3232 regula,
1017 3139 1133 3236 capite
1166 3163 1233 3227 vn,
1266 3139 1329 3209 ubi
1364 3139 1410 3210 de
1440 3137 1607 3233 gradibus
1638 3136 1847 3209 humilitatis

268 3255 486 3327 monachum
504 3257 698 3344 instruenS,
719 3258 768 3328 ait
787 3284 794 3326 :
818 3285 835 3324 ιι
854 3259 1032 3354 Septimus
1048 3257 1257 3329 humilitatis
1275 3257 1405 3354 gradus
1422 3272 1492 3346 est,
1511 3259 1539 3328 si
1557 3256 1725 3328 omnibus
1740 3281 1778 3327 se
1796 3258 1848 3327 in·

267 3375 434 3446 seriorem
450 3389 486 3445 et
501 3376 665 3446 viliorem
681 3398 755 3446 non
771 3376 889 3446 solum
905 3401 968 3446 sua
985 3376 1106 3470 lingua
1121 3379 1348 3474 pronuntiet,
1371 3377 1434 3448 sed
1458 3377 1565 3448 etiam
1584 3377 1712 3448 intimo
1729 3375 1848 3447 cordis

267 3495 390 3566 credat
404 3495 551 3583 aflectu,
575 3495 767 3566 humilians
787 3521 842 3585 se,
863 3511 898 3567 et
913 3496 1036 3566 dicens
1052 3521 1136 3566 cum
1151 3497 1354 3595 Propheta⁸
1373 3524 1382 3568 ι
1404 3525 1422 3566 ιι
1442 3501 1517 3593 Ego
1535 3511 1654 3568 autem
1669 3521 1749 3568 sum
1768 3522 1847 3568 ver·

268 3613 352 3702 mis,
371 3625 439 3710 etc.
459 3611 650 3698 »Qualiter
666 3627 785 3684 autem
801 3613 968 3710 quislibet
984 3614 1030 3684 de
1046 3616 1322 3710 congregatione
1338 3628 1539 3712 assumptus
1552 3613 1756 3686 interiorem
1773 3611 1848 3687 aliis

269 3757 306 3803 se
321 3733 646 3832 estimarepotest,
673 3749 709 3805 et
734 3735 904 3805 assentire
920 3759 965 3805 eo
982 3734 1063 3804 loco
1079 3759 1118 3804 se
1138 3737 1243 3831 poni,
1266 3759 1340 3831 quo
1356 3734 1483 3806 melior
1498 3759 1536 3806 se
1558 3733 1686 3830 dignus
1702 3736 1759 3805 sit.
1780 3737 1848 3805 Aut

268 3851 416 3948 quidem
432 3852 653 3949 perniciosus
670 3866 740 3938 est,
760 3852 848 3923 alios
864 3877 902 3923 se
921 3851 1106 3923 inferiores
1122 3854 1313 3943 aestimare,
1337 3868 1373 3924 et
1395 3877 1470 3924 non
1492 3853 1615 3925 audire
1636 3853 1847 3950 Apostolum

270 3969 474 4044 dicentem*
493 3998 501 4040 ε
523 3999 541 4039 «
559 3975 609 4042 Tu
626 3972 705 4067 quis
722 3995 759 4042 es
775 3973 837 4068 qui
850 3971 989 4067 judicas
1007 3972 1163 4043 alienum
1179 3975 1342 4044 servum?
1360 4000 1378 4040 ιι
1401 3973 1552 4045 Maxime
1572 3997 1685 4069 quum
1701 3990 1736 4045 et
1748 3975 1848 4070 juxta

270 4089 403 4162 bedam
418 4093 429 4128 ⁸
446 4119 463 4157 ιι
483 4113 561 4186 quae
578 4088 688 4162 dubia
704 4104 787 4162 sunt
803 4091 839 4160 in
864 4090 1048 4162 meliorem
1068 4106 1207 4189 partem
1228 4090 1421 4166 debeamus
1443 4093 1680 4190 interpretari.
1702 4121 1720 4158 u
1739 4092 1847 4179 Quod

270 4209 459 4307 Apostolus
474 4233 619 4307 quoque
637 4210 837 4299 attendens,
856 4235 969 4308 quum
985 4211 1230 4309 praemisisset⁶
1246 4239 1254 4280 ι
1272 4216 1352 4281 «Tu
1369 4211 1448 4308 quis
1464 4235 1520 4300 es,
1539 4211 1601 4308 qui
1612 4209 1752 4306 judicas
1767 4211 1847 4282 alie·

269 4354 359 4400 num
373 4332 536 4401 servum?
556 4353 622 4401 suo
639 4331 797 4402 Domino
813 4343 900 4419 stat,
920 4344 981 4402 aut
997 4330 1108 4420 cadit,
1132 4359 1150 4398 ιι
1169 4329 1297 4427 adjecit
1316 4358 1325 4401 ε
1346 4358 1365 4397 ιι
1384 4329 1498 4401 Stabit
1519 4343 1655 4416 autem,
1678 4357 1695 4397 n
1718 4331 1756 4401 in
1773 4354 1847 4400 me-

269 4446 395 4520 liorem
417 4447 581 4519 videlicet
605 4463 744 4545 partem
767 4448 918 4520 dubium
943 4463 1168 4522 convertens.
1189 4449 1285 4537 Quid
1310 4448 1467 4545 denique
1487 4448 1736 4546 periculosius,
1758 4451 1846 4520 etin

269 4566 473 4664 superbiam
489 4567 656 4664 pronius,
675 4592 785 4664 quam
801 4569 889 4640 alios
904 4568 1090 4640 inferiores
1106 4591 1144 4639 se
1161 4569 1362 4658 attendere,
1381 4568 1518 4640 etiamsi
1533 4566 1717 4638 inferiores
1733 4582 1769 4638 et
1781 4570 1847 4640 im·

233 4669 241 4690 ’
270 4710 373 4784 pares
389 4687 524 4758 meritis
539 4687 748 4759 videantur?
765 4690 868 4760 Unde
885 4703 920 4760 et
940 4689 1132 4761 Pharisaeus
1153 4687 1386 4760 Publicanum
1401 4687 1593 4785 respiciens
1613 4689 1732 4758 statim
1749 4689 1844 4760 intu-

271 4805 362 4875 muit
375 4808 399 4894 ⁴,
419 4818 455 4876 et
470 4829 512 4878 ex
527 4808 797 4904 comparatione
813 4808 962 4880 minoris
978 4831 1149 4903 magnum
1165 4830 1203 4880 se
1218 4807 1411 4895 aesmnans,
1435 4827 1513 4902 quae
1530 4803 1704 4877 habuerat
1720 4807 1847 4882 merita

306 5103 315 5132 ¹
334 5105 394 5170 neq.
409 5107 449 5167 Π,
463 5121 520 5173 cap.
539 5125 577 5170 ιι,
593 5125 616 5159 ι.
632 5112 671 5159 10.
683 5134 713 5145 -
726 5107 736 5134 '
749 5111 831 5170 Rom,
848 5125 904 5175 cap.
917 5126 957 5172 ιι,
975 5127 998 5161 ι.
1014 5111 1039 5158 t.
1080 5109 1182 5168 brem,
1194 5123 1250 5175 cap.
1261 5124 1300 5169 ιι,
1316 5109 1377 5172 Opp.
1395 5117 1413 5158 t.
1428 5107 1459 5170 V,
1475 5123 1501 5174 p.
1515 5109 1573 5160 290.
1584 5107 1724 5170 -Utom,
1741 5109 1845 5168 ibid.-

273 5186 326 5224 -⁸
338 5187 427 5242 Pulm.
440 5208 498 5254 ιιι,
513 5208 534 5243 ι.
549 5194 573 5244 l.
585 5221 610 5230 -
624 5191 791 5258 ‘Roman
804 5208 854 5255 ιιι,
866 5209 891 5243 r.
909 5194 933 5244 l.
949 5217 976 5228 —
991 5191 1040 5242 'Ia
1082 5191 1172 5258 'Luc.,
1182 5207 1237 5261 cap.
1251 5209 1321 5251 ιιιιι,
1335 5209 1358 5243 ι.
1373 5195 1497 5266 ronaeq.

394 5291 405 5336 ι
1690 5277 1730 5340 'tt
