4536 6102
489 562 560 634 584
1085 561 1211 634 ruint
1238 560 1471 634 ABAELARDl

486 703 580 776 hanc
599 705 865 800 derelinquere,
885 703 941 772 vel
960 704 1120 774 minuere
1137 720 1285 802 propter
1305 704 1403 775 illam
1418 704 1516 774 velit.
1542 702 1612 773 Sed
1628 701 1784 774 fortassis
1807 703 1965 800 inquies,
1983 705 2060 802 quia

487 824 556 893 lroc
574 824 675 891 iuviti
692 821 859 894 monachi
876 846 968 892 onus
984 823 1197 918 suscipiunt,
1217 823 1402 891 constricti
1418 821 1585 893 videlicet
1602 819 1806 892 obedientia
1823 822 2059 921 praelatorum,

486 956 520 1010 et
538 941 689 1011 maxime
705 964 771 1036 pro
794 939 895 1009 lucro
913 939 1065 1010 aliorum
1081 963 1151 1009 suae
1167 938 1347 1032 religionis
1364 938 1519 1008 tolerant
1541 938 1792 1034 dispendium,
1812 939 1981 1034 eligentes
1998 964 2062 1010 ma·

486 1061 537 1154 gis
562 1059 742 1132 mediocre
763 1060 931 1128 meritum
950 1084 1034 1128 cum
1060 1059 1180 1129 multis
1201 1058 1334 1130 habere
1360 1083 1572 1146 commune,
1601 1032 1907 1154 quammagnum
1935 1059 2061 1132 habere

484 1178 673 1275 singulare.
699 1183 812 1275 Atque
828 1179 966 1249 utinam
982 1179 1031 1249 ita
1047 1180 1108 1266 sit,
1125 1193 1165 1248 ut
1183 1179 1284 1247 inviti
1302 1176 1434 1248 scilicet
1450 1177 1653 1264 trahantur,
1674 1191 1709 1246 et
1727 1176 1795 1248 hac
1811 1178 1937 1248 saltem
1956 1180 2063 1248 inten-

486 1300 583 1369 tione
599 1323 670 1393 qua
687 1299 858 1385 diximus,
878 1298 923 1367 de
940 1297 1125 1368 monachis
1142 1296 1229 1367 fiant
1245 1297 1403 1392 episcopi
1424 1321 1491 1393 pro
1508 1295 1620 1367 salute
1636 1295 1770 1368 scilicet
1786 1295 1960 1382 aliorum3
1979 1299 2062 1368 sicut

487 1442 713 1504 econvers0,
735 1432 774 1488 ut
792 1417 1014 1505 dictumest,
1034 1417 1079 1487 de
1096 1417 1271 1514 episcopis
1289 1440 1551 1512 nonnunquam
1573 1415 1741 1486 monachi
1763 1413 1872 1506 siunt,
1900 1417 1963 1512 qui
1988 1441 2065 1514 pro·

454 1619 460 1626 ¹
486 1538 571 1634 priae
588 1535 732 1609 student
748 1535 865 1606 saluti.
885 1535 954 1605 Sed
970 1534 1132 1632 prolecto
1151 1536 1241 1604 sicut.
1258 1533 1427 1606 credibile
1453 1548 1505 1604 est
1531 1559 1613 1622 eos,
1633 1536 1696 1630 qui
1718 1549 1847 1630 sponte
1868 1533 1914 1604 de
1938 1533 2066 1604 divitiis

487 1657 533 1728 ad
551 1669 797 1754 paupertatem
816 1670 1020 1742 transeunt,
1044 1678 1150 1726 causa
1171 1653 1352 1749 religionis
1374 1653 1412 1724 id
1437 1654 1570 1742 lacere3
1598 1655 1647 1726 ita
1665 1653 1855 1724 verisimile
1871 1652 2061 1747 judicatur,

485 1779 514 1848 si
532 1801 741 1849 econverso
763 1775 841 1863 liat,
871 1774 1076 1846 ambitionis
1098 1799 1205 1846 causa
1225 1774 1378 1844 maxime
1397 1775 1531 1871 peragi.
1554 1774 1662 1859 Quod
1688 1773 1835 1870 quidem
1857 1799 1928 1875 qua
1952 1771 2064 1844 inien-

486 1898 585 1967 tione
613 1896 806 1992 coeperint,
841 1895 913 1964 vita
942 1918 1094 1990 sequens
1124 1892 1282 1980 indicat3
1310 1917 1422 1989 quum
1455 1892 1622 1963 videlicet
1652 1894 1832 1964 remissius
1859 1919 1901 1964 ac
1927 1891 2063 1964 mollius

488 2016 611 2085 vivant
635 2015 814 2112 episcopi,
840 2039 950 2110 quam
976 2012 1135 2084 fecerant
1162 2011 1349 2099 monachi,
1372 2026 1406 2082 et
1430 2011 1613 2102 delicatius
1634 2028 1765 2084 setam
1789 2016 1825 2083 in
1848 2008 1937 2082 cibis
1964 1994 2065 2109 quam

489 2136 524 2204 in
546 2135 763 2206 vestimentis
781 2149 918 2229 gerant.
938 2131 1046 2218 Quod
1070 2132 1132 2228 qui
1154 2155 1229 2202 non
1256 2131 1377 2219 saciat,
1398 2133 1580 2202 neminem
1599 2131 1783 2220 videmus,
1802 2146 1837 2202 et
1859 2132 1889 2202 si
1905 2133 1985 2228 quis
2000 2129 2064 2200 hoc

489 2277 563 2322 non
582 2252 721 2340 lecerit,
741 2267 780 2321 ut
804 2249 969 2322 videlicet
985 2249 1121 2354 deliciis
1142 2249 1285 2339 affluat,
1306 2275 1372 2320 nce
1395 2275 1454 2322 eas
1478 2252 1629 2339 sentiat,
1655 2275 1763 2348 supra
1777 2251 1966 2321 hominem
1980 2273 2065 2318 -euur

488 2372 702 2443 aestimamus
723 2400 730 2439 :
750 2385 786 2440 et
803 2371 886 2440 sorti
912 2371 1033 2440 animo
1063 2393 1100 2439 se
1122 2369 1317 2466 praedicant
1346 2395 1442 2458 esse,
1470 2371 1531 2466 qui
1558 2395 1601 2441 ea
1629 2395 1708 2467 quae
1731 2370 1894 2466 religioni
1923 2369 2065 2439 maxime

490 2493 735 2578 adversantur,
757 2506 792 2561 et
812 2515 891 2587 quae
912 2490 970 2560 alii
992 2514 1059 2586 pro
1082 2489 1253 2585 religione
1271 2487 1475 2578 dimittunt,
1495 2515 1577 2561 cum
1595 2491 1766 2586 religione
1789 2489 1975 2588 possidere
1992 2515 2066 2560 con-

489 2610 619 2681 fidunt.
649 2615 720 2680 Nec
742 2611 947 2707 quicunque
975 2608 1063 2679 tales
1085 2623 1191 2698 sunt,
1216 2632 1237 2678 a
1261 2611 1458 2680 tentatione
1487 2611 1553 2680 Dei
1579 2609 1744 2680 recedere
1774 2609 1953 2680 videntur.
1979 2608 2065 2694 Quid

490 2730 586 2798 enim
611 2743 663 2800 est
684 2727 781 2798 aliud
804 2743 941 2798 tentare
964 2732 1098 2816 Deum,
1120 2751 1229 2824 quam
1255 2742 1386 2824 sponte
1408 2726 1567 2825 periculo
1591 2729 1751 2824 ingerere
1764 2727 1872 2824 quod
1897 2729 2008 2825 possit
2025 2727 2066 2794 vi·

490 2847 585 2916 tare?
603 2845 710 2916 Verbi
729 2847 858 2942 gratia,
884 2847 913 2916 si
930 2847 1010 2941 quis
1029 2845 1182 2916 flammis
1198 2869 1235 2914 se
1252 2845 1402 2938 injiciat,
1423 2843 1611 2917 confidens
1635 2845 1774 2916 scinde
1795 2844 1918 2915 divina
1933 2843 2065 2916 liberari

491 2969 640 3054 virtute,
659 2989 679 3034 a
696 2989 767 3060 quo
785 2979 905 3034 tamen
923 2963 1082 3061 periculo
1098 2961 1167 3034 sibi
1183 2988 1309 3034 cavere
1322 2978 1440 3058 potest
1458 2962 1592 3061 absque
1610 2966 1736 3034 auimae
1752 2989 1824 3035 suae
1839 2964 2062 3048 detrimento,

490 3082 526 3153 id
545 3085 665 3180 utique
683 3098 735 3153 est
751 3089 867 3172 Deum
888 3097 1037 3154 tentare.
1060 3081 1155 3170 Quid
1179 3095 1298 3152 autem
1314 3080 1461 3170 divitiae,
1485 3081 1540 3152 vel
1557 3084 1673 3152 saeculi
1690 3099 1773 3153 sunt
1793 3082 1983 3170 illecebra,
2007 3083 2064 3151 uisi

490 3204 654 3300 quaedam
684 3204 834 3274 tlammae
859 3202 914 3274 vel
947 3203 1126 3274 incentiva
1154 3202 1341 3301 vitiorum,
1374 3225 1452 3298 quae
1480 3200 1662 3273 desideriis
1689 3203 1891 3274 carnalibus
1918 3204 2064 3274 animam

404 3337 408 3346 '
491 3341 638 3398 aestuare
657 3323 900 3423 compellunt?

540 3447 648 3531 Quod
664 3449 693 3517 si
709 3447 801 3517 sorte
817 3443 1052 3543 respondeas,
1072 3463 1106 3516 te
1123 3443 1168 3516 ad
1185 3445 1255 3517 lroc
1272 3473 1364 3520 onus
1380 3473 1444 3546 per
1461 3448 1692 3520 obedentiam
1708 3450 1808 3544 cogi,
1829 3447 1884 3518 vel
1902 3469 1967 3518 nec
1983 3443 2067 3514 ulla-

492 3579 595 3634 tenus
620 3578 655 3633 te
676 3564 713 3633 id
737 3587 842 3662 posse
863 3587 1027 3634 recusare
1044 3565 1120 3634 sine
1142 3565 1276 3636 damno
1300 3567 1427 3639 animae
1448 3583 1533 3656 tuae3
1558 3592 1632 3637 non
1654 3565 1757 3637 facile
1773 3567 1838 3636 tibi
1854 3591 1877 3636 a
1892 3587 2066 3662 quoquam

491 3680 713 3753 credendum
727 3682 894 3754 arbitror.
909 3681 980 3752 Sed
991 3707 1103 3779 quum
1118 3683 1331 3754 obedientiae
1347 3686 1526 3756 actionem
1543 3685 1716 3782 opponis,
1735 3684 1824 3756 illud
1837 3709 1963 3754 omnes
1979 3681 2021 3751 de
2036 3695 2067 3749 te

492 3802 725 3896 proverbium
740 3827 923 3874 susurrare
940 3803 1028 3876 scias
1049 3831 1057 3872 ε
1080 3833 1097 3870 a
1119 3805 1209 3874 Satis
1225 3820 1324 3876 catus
1339 3803 1440 3876 novit
1455 3806 1555 3901 cujus
1570 3804 1722 3876 barbam
1738 3805 1876 3876 lambit.
1893 3832 1911 3870 n
1928 3807 1970 3871 Et
1983 3814 2069 3870 certe

492 3948 603 4018 quum
620 3925 698 4020 quis
716 3923 904 4022 episcopus
924 3923 979 3994 vel
1001 3921 1112 3996 abbas
1135 3925 1201 4002 sub
1227 3927 1375 3996 nomine
1397 3925 1610 3996 obedientiae
1630 3925 1850 3996 monachum
1874 3923 1921 3994 ad
1942 3925 2068 4019 episco-

491 4044 652 4140 pandum
669 4045 807 4133 invitat,
826 4069 901 4115 non
917 4045 1041 4142 utique
1058 4044 1188 4116 diffidit
1205 4045 1250 4116 ab
1267 4047 1518 4144 impetratione
1534 4071 1605 4118 suae
1617 4047 1800 4140 jussionis,
1814 4045 1923 4116 ctiam
1932 4039 2069 4140 quaudo

490 4162 604 4251 illum,
616 4189 728 4262 quum
737 4164 809 4235 hoc
819 4164 983 4259 injungit,
1000 4163 1165 4239 reluctari
1174 4163 1272 4235 videt
1284 4167 1321 4237 in
1335 4165 1464 4254 verbis,
1479 4180 1515 4236 et
1531 4166 1687 4262 seipsum
1705 4181 1875 4260 tanquam
1891 4161 2070 4261 indignum

491 4305 673 4372 accusare,
698 4297 732 4354 et
754 4307 1017 4380 nonnunquam
1044 4283 1310 4381 qualescunque
1331 4285 1504 4381 lacrymas
1526 4284 1689 4356 sundere.
1710 4290 1762 4355 lta
1783 4285 1917 4381 quippe
1939 4296 2073 4352 natura·

493 4400 571 4471 liter
588 4401 757 4474 omnibus
774 4401 925 4474 honoris
942 4402 1091 4474 ambitio
1109 4404 1215 4475 insita
1231 4419 1300 4491 cst,
1321 4420 1359 4475 ut
1374 4430 1487 4500 quum
1504 4406 1583 4502 quis
1605 4404 1651 4476 ad
1669 4429 1752 4474 eum
1768 4403 1985 4502 pervenerit,
2003 4423 2072 4498 quo

491 4545 528 4589 se
547 4535 629 4590 ante
646 4520 836 4615 indignum
853 4521 1039 4607 censebat,
1059 4521 1177 4593 modis
1194 4521 1362 4594 omnibus
1379 4522 1447 4594 sibi
1463 4523 1653 4594 vendicare
1670 4547 1711 4594 ac
1726 4522 1920 4594 defendere
1936 4534 2074 4591 conten·
2132 4515 2136 4524 '

491 4638 561 4726 dit,
587 4654 622 4708 et
643 4665 756 4735 quum
777 4656 963 4710 accusatur
981 4655 1020 4710 ut
1037 4640 1165 4736 dignus
1183 4641 1407 4739 depositione
1423 4641 1601 4730 videatur,
1619 4652 1939 4738 quantumcunque
1961 4649 2074 4736 potest

491 4782 657 4829 excusare
674 4784 711 4828 se
729 4759 867 4846 nititur,
887 4775 927 4830 ut
942 4759 1122 4832 honorem
1137 4777 1342 4859 susceptum
1359 4763 1527 4850 retineat,
1551 4785 1660 4858 quem
1676 4757 2074 4856 antequam‘susciperet

492 4903 535 4949 eo
552 4905 589 4949 se
606 4880 793 4974 indiguum
811 4880 990 4953 censebat.
1006 4883 1057 4952 Ex
1073 4907 1147 4978 quo
1164 4883 1340 4980 liquidum
1357 4899 1410 4954 est
1426 4884 1692 4956 excusationem
1709 4881 1806 4957 ibam
1821 4877 2076 4951 simulatoriam

493 4995 602 5092 magis
619 5023 728 5093 quam
744 5025 865 5070 veram
883 4999 1005 5088 luisse,
1025 5015 1060 5070 et
1081 5025 1118 5071 se
1135 5025 1257 5072 amore
1276 5004 1386 5098 magis
1402 5027 1511 5099 quam
1529 5001 1716 5085 coactione
1732 5002 1769 5071 in
1787 5000 1855 5070 hac
1871 4994 2077 5096 praelatione

491 5115 690 5215 praesidere.
707 5122 839 5189 Notum
855 5120 988 5216 quippe
1004 5121 1173 5192 omnibus
1187 5122 1419 5218 proverbium
1429 5117 1481 5194 est
1498 5150 1505 5194 :
1521 5126 1640 5208 «Quae
1655 5124 1732 5193 sine
1749 5144 1870 5192 amore
1887 5114 2076 5215 possiden·
