4606 6106
629 659 717 730 CUM
745 661 870 732 PETlll
898 663 1132 736 tumulant
1158 664 1480 738 SOLUTlONlBUS.
1772 663 1842 737 265

828 896 1007 945 noemma
1031 898 1197 948 tiatotssm
1221 903 1280 948 XV.

312 1031 408 1118 Quid
427 1033 596 1130 estquod
615 1037 847 1134 postmodum
868 1039 1043 1110 Dominus
1061 1041 1152 1112 ait¹:
1171 1070 1189 1108 n
1206 1040 1320 1114 Nolite
1337 1055 1463 1140 putare
1481 1043 1652 1138 quoniam
1671 1044 1753 1113 veni
1771 1041 1844 1132 solf

264 1175 347 1223 vere
371 1151 502 1250 legem,
522 1183 540 1220 r
567 1180 679 1252 quum
705 1161 860 1230 loannes
876 1158 1014 1231 dicat¹:
1035 1189 1053 1227 «
1072 1165 1262 1258 Propterea
1288 1186 1373 1259 ergo
1396 1163 1507 1258 magis
1531 1162 1737 1258 quaerebant
1761 1189 1843 1234 eum

262 1270 375 1344 Judaei
386 1273 602 1362 interficere,
625 1277 708 1372 quia
726 1301 801 1348 non
820 1278 937 1350 solum
955 1278 1115 1351 solvebat
1130 1279 1338 1371 sabbatum,
1368 1281 1431 1352 sed
1454 1282 1560 1352 etiam
1583 1297 1718 1380 patrem
1738 1309 1844 1354 suum

264 1389 406 1464 dicebat
423 1397 560 1484 Deum,
579 1395 754 1491 aequalem
770 1420 808 1467 se
826 1396 957 1468 faciens
973 1397 1075 1470 Deo?
1095 1427 1113 1464 n

879 1537 1015 1656 dolatio
1033 1583 1226 1658 Abaelardt.

314 1747 435 1832 Quum
453 1745 565 1818 dixit:
588 1751 700 1820 «Non
717 1749 799 1820 veni
816 1747 967 1838 solvere,
981 1776 1000 1816 u
1015 1764 1050 1820 et
1068 1749 1299 1846 postmodum
1315 1750 1467 1842 addidit,
1491 1779 1510 1820 tt
1525 1751 1588 1824 sed
1597 1751 1804 1849 adimplere,
1825 1783 1842 1818 n

266 1867 303 1936 in
322 1857 517 1939 moralibus
529 1869 661 1941 scilicet
677 1870 860 1968 praeceptis
871 1871 990 1969 potius
1002 1895 1110 1968 quam
1126 1870 1330 1969 figurativis,
1347 1874 1437 1944 sicut
1450 1875 1632 1970 sequentia
1645 1875 1842 1963 continent,

267 2009 313 2056 ex
331 1979 584 2086 adimpletione
609 2014 717 2086 quam
742 1991 948 2088 supposuit,
973 1991 1089 2062 innuit
1112 2015 1221 2088 quam
1239 1992 1454 2064 solutionem
1482 1991 1734 2064 mandatorum
1762 1993 1847 2092 legis

268 2107 366 2204 prius
384 2107 611 2198 intellexerit,
626 2109 662 2180 in
680 2109 874 2181 moralibus
891 2110 1021 2182 scilicet
1036 2113 1232 2210 praeceptis.
1254 2113 1399 2184 Moralia
1415 2112 1560 2209 quidem
1579 2129 1753 2211 praecepta
1767 2131 1849 2186 sunt

269 2227 414 2324 agendae
435 2230 533 2312 vitae,
560 2229 649 2300 sicut
671 2227 829 2326 figuralia
849 2229 1052 2326 figurandae.
1077 2233 1118 2302 Et
1138 2231 1286 2302 moralia
1307 2231 1452 2328 quidem
1478 2256 1556 2330 quae
1579 2231 1785 2304 naturaliter
1803 2233 1849 2304 ab

268 2345 436 2418 omnibus
459 2371 602 2446 semper
625 2347 840 2449 complenda
865 2349 1027 2438 fuerunt,
1049 2365 1084 2420 et
1102 2365 1293 2448 antequam
1315 2351 1370 2422 lex
1393 2353 1522 2448 scripta
1543 2351 1698 2442 daretur,
1731 2378 1848 2426 mores

268 2463 458 2538 hominurn
481 2469 527 2540 ita
552 2470 754 2541 necessario
770 2483 1013 2567 componunt,
1031 2485 1070 2542 ut
1086 2471 1151 2540 nisi
1169 2470 1360 2568 impleatur
1381 2471 1480 2568 quod
1500 2473 1536 2542 in
1562 2473 1612 2544 eis
1631 2475 1843 2570 praecipitur,

268 2611 376 2658 nemo
396 2612 552 2684 unquam
572 2587 698 2659 salvari
717 2589 895 2660 meruerit.
913 2587 1039 2675 Qualia
1056 2602 1155 2678 sunt,
1176 2586 1322 2686 diligere
1341 2593 1456 2662 Deum
1476 2604 1510 2662 et
1531 2592 1754 2689 proximum,
1772 2617 1845 2664 non

268 2707 452 2796 occidere,
468 2695 543 2779 non
557 2708 744 2797 moechari,
766 2732 840 2779 non
858 2708 1019 2796 mentiri,
1039 2721 1074 2780 et
1090 2706 1229 2797 similia,
1246 2709 1323 2780 sine
1339 2709 1546 2807 impletione
1564 2736 1718 2807 quorum
1738 2738 1845 2784 nemo

268 2851 428 2924 unquam
443 2827 627 2924 justificari
644 2841 771 2925 potest.
790 2826 961 2924 Figuralia
974 2849 1060 2899 vero
1079 2842 1162 2898 sunt
1179 2827 1265 2925 legis
1284 2844 1474 2926 praecepta,
1495 2853 1573 2925 quae
1583 2830 1682 2923 juxta
1696 2831 1845 2902 litteram

249 2929 430 3044 mepta,
461 2945 548 3017 nihil
568 2947 709 3042 justitiae
734 2946 922 3017 conferunt
944 2970 986 3017 ex
1018 2945 1226 3043 operatione
1253 2969 1334 3034 sua,
1365 2946 1427 3018 sed
1452 2946 1497 3018 ad
1521 2961 1661 3045 tempus
1687 2949 1846 3021 instituta

267 3066 430 3156 filerunt,
457 3066 503 3139 ad
525 3066 659 3164 aliquid
685 3064 911 3163 figurandum
934 3065 1093 3161 justitiae,
1123 3080 1162 3137 ut
1187 3065 1387 3138 observatio
1412 3065 1564 3156 sabbati,
1598 3067 1841 3158 circumcisio,

267 3187 508 3284 quorumdam
527 3187 691 3258 ciborum
710 3185 934 3273 abstinentia,
955 3184 1058 3256 ethis
1071 3185 1209 3257 similia.
1227 3185 1278 3256 td
1297 3184 1444 3256 moralia
1461 3187 1580 3283 itaque
1599 3202 1738 3258 tantum
1759 3189 1845 3285 legis

266 3323 441 3408 praecepta
458 3308 682 3406 referendum
699 3322 751 3380 est
769 3307 867 3404 quod
885 3308 1060 3378 Dominus
1077 3307 1141 3395 ait,
1162 3330 1199 3377 se
1218 3330 1291 3377 non
1312 3307 1465 3378 venisset
1480 3307 1618 3378 solvere
1637 3306 1768 3404 legem,
1783 3310 1846 3380 sed

266 3428 460 3528 adimplere
477 3456 485 3498 :
502 3427 573 3500 hoc
593 3441 646 3500 est
665 3449 891 3525 nequaquam
908 3449 1043 3498 cessare
1061 3425 1175 3498 facere
1193 3425 1293 3522 quod
1310 3427 1348 3496 in
1365 3423 1559 3497 moralibus
1574 3427 1778 3523 praeceptis*
1791 3427 1845 3498 lex

266 3551 442 3638 continet,
462 3549 525 3621 sed
543 3551 580 3620 in
597 3549 647 3620 eis
660 3573 724 3647 per
738 3546 967 3645 Evangelium
986 3545 1153 3646 supplere
1167 3547 1266 3645 quod
1283 3545 1350 3643 legi
1371 3545 1482 3618 deest.
1504 3547 1717 3646 Lexquippe
1733 3549 1846 3642 Moysi

266 3693 493 3769 nequaquam
522 3671 705 3742 inimicum
736 3667 833 3765 diligi
862 3667 1037 3767 praecipit,
1065 3668 1129 3739 sed
1157 3669 1312 3738 amicum
1335 3695 1343 3736 ε
1366 3691 1432 3739 nec
1456 3681 1642 3765 peccatum
1667 3669 1704 3740 in
1728 3685 1846 3742 mente

264 3791 506 3863 consummari
534 3788 660 3878 docet,
683 3787 746 3860 sed
771 3811 882 3885 opera
905 3785 1015 3883 magis
1037 3810 1145 3883 quam
1175 3787 1410 3858 intentionem
1435 3785 1623 3884 interdicit.
1655 3787 1727 3857 Etsi
1750 3789 1845 3858 enim

265 3911 592 4009 concupiscentiam
608 3931 754 4005 quoque
775 3905 831 3978 lex
851 3903 1059 4004 prohibeat,
1078 3928 1153 3976 non
1172 3919 1289 3976 tamen
1307 3929 1350 3976 ex
1368 3929 1409 3977 ea
1425 3930 1526 3976 reum
1543 3905 1664 3975 statuit
1684 3929 1759 3977 esse
1777 3933 1847 4006 pu-

265 4031 437 4102 tandum:
455 4053 523 4101 nec
538 4029 790 4128 concupiscere
802 4023 988 4125 prohibet,
1011 4025 1077 4096 nisi
1094 4049 1151 4096 res
1167 4023 1262 4121 ejus,
1283 4049 1390 4121 quem
1402 4078 1411 4115 ,
1424 4025 1524 4120 juxta
1539 4025 1713 4115 litteram,
1730 4031 1847 4124 proxi·

266 4173 367 4222 mum
384 4148 533 4239 delinit,
556 4149 627 4221 boc
649 4161 702 4220 est
720 4148 815 4243 ejus,
842 4147 903 4243 qui
927 4146 974 4217 de
996 4144 1131 4244 populo
1155 4169 1221 4215 suo
1245 4168 1431 4241 nunquam
1454 4160 1508 4216 est
1534 4145 1741 4242 alienigena.
1765 4151 1843 4217 Non

265 4272 362 4344 enim
378 4293 527 4342 omnem
543 4269 746 4357 hominem,
763 4266 863 4363 juxta
886 4265 1059 4354 litteram,
1078 4264 1136 4336 lex
1151 4265 1354 4363 proximum
1372 4265 1478 4354 dicit,
1499 4264 1561 4336 sed
1580 4279 1741 4363 patenter
1757 4265 1846 4337 alie-

265 4393 432 4490 nigenam
451 4391 650 4489 aproximo
669 4389 871 4486 distinguit,
891 4411 1003 4485 quum
1022 4385 1107 4457 dicit
1125 4386 1285 4458 Judaeum
1305 4410 1530 4483 nequaquam
1551 4385 1713 4456 loencrari
1733 4389 1846 4484 proxi-

266 4536 348 4602 mo,
371 4513 433 4584 sed
450 4511 578 4584 alieno.
1105 4507 1109 4520 '

823 4675 1002 4722 tuomum
1027 4671 1192 4721 nabotssAE
1214 4671 1290 4718 ·xv1.

264 4859 266 4864 ·
316 4817 511 4906 Quomodo
528 4819 633 4890 etiam
652 4814 829 4913 Evangelii
846 4813 1102 4886 abundantiam
1124 4812 1263 4912 prasert
1276 4809 1532 4910 imperfectioni
1549 4808 1653 4907 legis,
1675 4811 1840 4886 dicens⁸z

267 4968 287 5007 «
303 4940 375 5010 Nisi
393 4938 627 5011 abundaverit
641 4937 776 5033 justitia
802 4949 919 5008 vestra
943 4933 1150 5032 plusquam
1175 4930 1369 5004 scribarum
1397 4944 1459 5002 aut
1480 4929 1747 5029 phariseorum,
1769 4957 1843 5005 non

300 5189 309 5216 ‘
329 5186 425 5248 unm,
437 5202 492 5254 cap.
505 5203 529 5248 v,
538 5203 561 5238 t.
578 5187 615 5235 tt.
628 5183 673 5224 -'
683 5186 765 5246 toan..
774 5199 829 5250 cap.
841 5200 865 5245 v,
876 5200 900 5234 v.
916 5185 954 5233 ta.
966 5209 995 5222 -·
1008 5181 1108 5232 'Verisa
1117 5179 1180 5234 cod.
1192 5179 1315 5231 vict-⁴
1325 5179 1538 5244 Proecepttadeeat
1547 5179 1608 5230 Cod.
1621 5178 1737 5230 vict-¹
1748 5181 1845 5243 blatan,

262 5291 323 5340 cap.
333 5291 359 5339 v,
371 5291 395 5324 r.
407 5277 448 5326 20.

1688 5357 1725 5400 ‘td
