4496 6102
707 587 751 660 ΙΝ
776 587 911 660 tttms
935 588 1181 662 PALMARUM
1205 587 1367 662 SERMO.
1760 583 1833 656 425

245 701 378 800 amoris
396 724 501 798 nobis
523 727 574 800 sic
596 741 694 799 extra
712 741 827 800 castra
844 728 985 825 positis,
1006 727 1078 802 hoc
1097 743 1149 802 est
1162 743 1260 800 extra
1273 725 1474 826 voluptates
1485 724 1601 796 carnis
1619 723 1830 796 constitutis.

245 851 306 919 Hae
324 847 458 946 quippe
479 845 679 946 voluptates
697 849 797 945 quasi
814 847 978 946 quaedam
998 864 1110 923 castra
1127 848 1185 920 vel
1202 871 1360 920 carceres
1372 845 1499 918 animae
1518 859 1619 935 sunt,
1641 845 1704 942 qui
1719 845 1833 943 ipsam

244 966 493 1064 constringunt
502 974 542 1039 'et
553 968 817 1067 comprimunt,
834 993 880 1040 ne
900 993 937 1040 se
955 970 1106 1058 omnino
1127 969 1238 1066 erigat
1252 967 1298 1039 ad
1317 991 1487 1066 superna,
1506 981 1542 1037 et
1560 963 1669 1036 libere
1685 979 1763 1036 toto
1784 965 1834 1037 ai·

243 1087 336 1159 fectu
356 1103 476 1185 surgat
493 1087 540 1160 ad
560 1087 727 1160 coelestia.
749 1093 900 1188 Propter
916 1087 1016 1186 quod
1034 1090 1141 1161 etiam
1158 1087 1431 1186 significandum
1447 1087 1523 1184 ipse
1537 1099 1658 1157 noster
1675 1084 1834 1183 pontifex

243 1232 368 1304 passus
385 1223 439 1280 est
455 1221 553 1280 extra
574 1223 738 1306 portam,
754 1207 825 1280 hoc
844 1223 897 1280 est
920 1223 1017 1281 extra
1037 1224 1135 1308 septa
1152 1207 1367 1299 Jerusalem,
1388 1230 1463 1278 non
1481 1206 1573 1277 intra
1589 1232 1597 1275 ε
1614 1219 1654 1277 ut
1670 1203 1835 1276 videlicet

243 1326 455 1424 significaret
469 1351 544 1399 non
566 1326 705 1426 aliquos
723 1353 788 1427 per
806 1353 911 1400 suum
929 1329 1139 1426 sanguinem
1158 1326 1431 1401 sanctificandos
1452 1341 1559 1423 atque
1580 1323 1831 1412 redimendos,

243 1447 310 1517 nisi
328 1447 412 1544 qui,
434 1461 474 1519 ut
492 1445 626 1520 dictum
651 1463 721 1540 est,
743 1463 842 1520 extra
854 1429 970 1522 castr'a
987 1450 1113 1549 positi,
1128 1449 1166 1522 id
1183 1464 1235 1522 est
1251 1448 1451 1548 voluptates
1463 1447 1598 1536 carnis,
1616 1447 1733 1544 ipsum
1750 1445 1832 1515 imi-

242 1582 413 1665 tarentur.
437 1568 491 1640 Ad
509 1567 610 1665 quod
635 1584 899 1668 consequenter
915 1594 983 1642 nos
999 1569 1195 1642 adhortans
1213 1568 1420 1668 Apostolus,
1447 1567 1519 1640 ait:
1541 1597 1559 1636 u
1575 1571 1750 1638 Exeamus
1770 1567 1832 1662 igi·

242 1703 311 1781 tur,
329 1717 346 1756 u
365 1689 436 1761 hoc
454 1703 525 1782 est,
542 1691 717 1762 imitando
730 1715 814 1768 eum
827 1715 1032 1789 sequamur,
1048 1706 1146 1764 extra
1157 1706 1290 1782 castra,
1306 1705 1344 1762 ut
1356 1689 1630 1762 determinatum
1643 1703 1713 1778 est,
1729 1686 1829 1758 facti:

241 1819 282 1878 ut
298 1831 382 1878 eum
399 1808 670 1907 apprehendere
688 1809 865 1909 possimus
884 1810 920 1880 in
940 1811 1116 1914 supernis.
1138 1809 1399 1909 improperium
1422 1807 1492 1879 boc
1512 1822 1565 1880 est
1589 1807 1681 1906 pati,
1702 1830 1769 1905 pro
1788 1830 1832 1876 eo
1863 1825 1865 1828 ’

242 1950 463 2025 quaecunque
486 1928 660 2029 probrosa
683 1930 740 2003 vel
765 1932 881 2030 turpia
906 1931 1079 2022 tolerare,
1103 1932 1193 2004 sicut
1212 1932 1337 2030 etipse
1358 1955 1425 2030 pro
1449 1929 1555 2000 nobis
1576 1926 1674 2000 nulla
1700 1927 1835 2026 respuit

241 2049 409 2145 perferre.
429 2079 447 2118 u
462 2055 541 2122 Non
556 2053 670 2141 enim,
692 2023 760 2124 etc.
777 2080 795 2119 u
813 2057 1004 2144 Exeamus,
1026 2054 1193 2151 inquam,
1208 2052 1255 2124 ad
1266 2077 1363 2142 eum,
1384 2050 1514 2124 relictis
1532 2051 1672 2141 castris,
1693 2048 1765 2120 hoo
1782 2063 1860 2120 est·

242 2192 476 2267 properemus
499 2169 546 2242 ad
571 2171 686 2270 ipsum
709 2173 895 2268 pervenire
916 2197 982 2271 per
997 2196 1221 2270 quaecunque
1242 2171 1412 2260 adversa,
1439 2167 1646 2268 postpositis
1669 2168 1832 2267 volupta-

242 2287 335 2360 tibus
355 2290 496 2362 carnis:
514 2291 690 2389 quianon
708 2289 935 2364 habemusin
955 2293 1022 2364 hac
1040 2293 1112 2364 vita
1130 2291 1292 2364 stabilem
1313 2291 1557 2379 mansionem,
1578 2313 1645 2362 nec
1670 2289 1717 2362 ad
1740 2289 1834 2360 hanc

242 2410 348 2482 vitam
379 2413 488 2484 creati
517 2437 658 2504 sumus,
680 2411 744 2484 sed
761 2413 937 2504 futuram,
958 2437 1037 2509 quae
1056 2411 1263 2486 indeficiens
1283 2427 1355 2504 est,
1378 2409 1648 2512 apprehendere
1671 2411 1829 2482 nitimur.

289 2530 399 2617 Quod
417 2531 522 2629 igitur
540 2530 729 2630 Apostolus
748 2531 818 2604 hoc
837 2530 919 2604 loco
942 2546 1107 2605 nostrum
1130 2533 1226 2605 exire
1248 2532 1354 2622 dicit,
1381 2531 1453 2604 hoc
1476 2530 1647 2604 Salomon
1672 2531 1834 2630 superius

242 2665 402 2722 nostrum
421 2651 541 2748 egredi
554 2652 797 2749 praesignavit,
816 2651 939 2724 dicens
954 2683 962 2724 :
980 2681 998 2722 u
1012 2652 1249 2752 Egredimini,
1266 2651 1345 2724 filiae
1359 2653 1462 2743 Sion,
1484 2666 1551 2724 etc.
1571 2679 1588 2719 u
1607 2657 1791 2749 Tanquam
1804 2650 1834 2720 si

241 2766 402 2840 diceret:
423 2769 641 2868 Egredimini
664 2786 784 2844 mente
811 2797 952 2870 semper
974 2771 1020 2842 ad
1043 2795 1126 2844 enm
1149 2770 1463 2871 conspiciendum,
1484 2772 1548 2869 qui
1569 2785 1667 2843 extra
1691 2783 1833 2869 portam

242 2887 430 2962 crucifixus
447 2887 514 2989 'pro
531 2889 652 2982 vobis,
671 2907 830 2964 vestrum
848 2892 960 2964 lactus
978 2905 1031 2964 est
1045 2890 1270 2965 sacrificium.
1286 2892 1431 2964 Anubis
1449 2891 1495 2964 ad
1513 2916 1596 2963 eum
1615 2891 1830 2989 egredimur,
1854 2887 1858 2893 ’

241 3032 354 3103 quum
381 3009 672 3084 abrenuntiantes
705 3012 860 3111 propriis
891 3011 1157 3110 voluptatibus,
1195 3011 1270 3107 ejus
1295 3011 1470 3084 voluntati
1495 3035 1562 3084 nos
1586 3009 1769 3102 dicamus,
1799 3025 1835 3082 et

243 3153 326 3200 eum
344 3131 519 3205 imitando
548 3134 750 3229 sequimur,
777 3133 840 3230 qui
865 3133 957 3204 Patri
984 3157 1097 3230 usque
1121 3133 1167 3205 ad
1191 3144 1344 3206 mortem
1371 3131 1564 3224 obediens,
1591 3133 1659 3205 ait¹
1687 3159 1694 3202 :
1720 3161 1737 3201 u
1753 3136 1833 3204 Non

241 3252 324 3323 veni
341 3252 456 3326 lacere
473 3254 695 3328 voluntatem
719 3281 858 3350 meam,
880 3255 943 3330 sed
961 3254 1183 3348 voluntatem
1198 3253 1277 3353 ejus
1295 3257 1357 3353 qui
1373 3255 1468 3327 misit
1484 3279 1554 3327 me.
1576 3283 1594 3321 u
1614 3259 1691 3326 Hoc
1710 3253 1833 3351 utique

242 3371 354 3444 modo
383 3399 527 3448 crucem
557 3393 640 3477 post
673 3353 792 3450 lesum
818 3395 1028 3478 portamus,
1059 3378 1158 3478 quod
1184 3377 1228 3450 de
1255 3377 1317 3448 illo
1341 3377 1508 3450 Simeone
1526 3381 1696 3473 Cyrenaeo
1721 3379 1833 3446 Lucas

242 3493 378 3587 refert¹,
408 3522 521 3593 quum
546 3501 731 3598 usquead
759 3515 913 3574 mortem
939 3502 975 3573 iu
1002 3502 1078 3598 ejus
1108 3501 1311 3575 obedientia
1337 3501 1524 3600 persistere
1548 3499 1661 3599 parati
1687 3522 1831 3586 sumus,

243 3614 489 3714 crucifigentes
502 3643 656 3720 corpora
672 3636 794 3693 nostra
808 3647 891 3694 cum
905 3623 998 3694 vitiis
1010 3637 1045 3696 et
1058 3623 1375 3722 concupiscentiis,
1392 3623 1482 3693 sicut
1496 3637 1531 3692 et
1548 3617 1737 3718 Apostolus
1748 3641 1835 3718 prae·

245 3736 341 3832 cipit.
362 3739 486 3811 Simon
504 3741 637 3838 quippe
653 3740 814 3813 obedum
829 3743 1093 3842 interpretatur,
1110 3744 1171 3841 qui
1188 3758 1271 3841 post
1290 3742 1469 3816 Christum
1484 3765 1627 3812 crucem
1647 3738 1722 3836 ejus
1736 3737 1835 3833 baju-

244 3850 321 3924 lans
337 3881 400 3928 eos
422 3858 616 3956 significat,
638 3862 701 3958 qui
719 3887 785 3960 per
805 3863 1041 3942 imitationem
1061 3887 1105 3934 eo
1124 3887 1237 3960 usque
1257 3845 1436 3934 Christum
1459 3876 1669 3959 sequuntur,
1689 3873 1729 3931 ut
1746 3882 1834 3930 con·

242 3993 454 4051 summatum
474 3980 716 4054 obedientiam
732 4007 846 4081 usquc
862 3983 909 4055 ad
927 3999 1061 4056 mortes
1075 3985 1108 4054 ei
1127 3981 1295 4054 exhibere
1309 3997 1491 4081 parentur.
1508 3985 1562 4053 De
1584 4004 1655 4078 qua
1672 3979 1834 4080 profecto

242 4097 459 4196 perfectione
476 4099 688 4174 obedieutiae
705 4103 812 4175 etiam
824 4103 900 4202 ipse
914 4103 1052 4175 Simoni
1067 4107 1171 4176 Petro
1184 4104 1273 4176 ait³2
1292 4133 1309 4170 u
1320 4106 1476 4200 Sequere
1487 4125 1567 4192 me,
1586 4129 1603 4168 u
1619 4114 1659 4172 ut
1671 4099 1836 4171 videlicet

241 4216 280 4289 id
291 4218 392 4315 quod
405 4219 463 4292 ille
475 4221 599 4293 Simon
614 4227 802 4319 Cyrenaeus
814 4223 883 4321 egit
897 4225 934 4306 in
951 4225 1160 4313 ministerio,
1175 4225 1240 4296 iste
1253 4224 1377 4296 Simon
1395 4227 1518 4296 Petrus
1531 4220 1693 4295 Ecclesiae
1708 4235 1834 4318 typum

242 4361 368 4433 gerens
380 4355 647 4414 consummaret
661 4343 697 4413 iu
711 4342 814 4414 facto.
837 4343 954 4415 Refert
966 4369 1073 4443 supra
1086 4357 1306 4419 memoratus
1322 4342 1556 4441 evangelista,
1575 4340 1676 4437 quod
1688 4340 1835 4412 Simone

242 4474 324 4556 post
333 4464 452 4532 lesum
468 4487 611 4535 crucem
626 4461 702 4558 ejus
715 4462 909 4560 bajulante,
922 4461 1165 4564 sequ[eb]atur
1175 4464 1274 4535 illum
1288 4464 1399 4536 multa
1408 4460 1513 4535 turba
1522 4460 1648 4560 populi
1659 4474 1694 4532 et
1703 4459 1834 4532 mulie-

243 4601 337 4669 rum,
352 4604 430 4676 quae
441 4580 671 4679 plangebant,
689 4596 724 4654 et
738 4581 1024 4655 lamentabantur
1037 4608 1133 4655 eum.
1147 4587 1225 4655 Non
1242 4584 1339 4656 enim
1356 4582 1415 4654 hic
1431 4583 1554 4653 Simon
1569 4579 1666 4653 solus
1676 4605 1742 4678 per
1753 4605 1828 4681 pas·

242 4699 380 4774 sionem
391 4700 573 4773 Christum
583 4703 754 4793 imitatur,
770 4727 896 4774 verum
909 4701 1099 4776 innumera
1109 4701 1268 4775 fidelium
1284 4702 1476 4775 multitudo
1490 4702 1614 4774 tamin
1629 4701 1833 4798 virisqnam

244 4819 280 4890 in
299 4819 438 4893 leminis
455 4847 522 4920 per
538 4824 747 4920 martyrium
764 4822 945 4896 Christum
969 4824 1141 4922 sequitur,
1162 4837 1197 4896 et
1215 4822 1262 4895 ad
1278 4827 1394 4896 Deum
1412 4837 1510 4896 extra
1528 4835 1670 4921 portam
1688 4843 1834 4920 passum

277 5122 286 5148 ¹
306 5142 317 5168 ι
329 5125 383 5178 Non
394 5143 478 5195 quaro
490 5128 637 5184 voluntatem
646 5144 725 5180 meam
737 5123 831 5193 lacera,
843 5129 887 5182 red
897 5129 949 5197 ejus
961 5131 1001 5198 qui
1012 5095 1079 5182 misit
1091 5147 1138 5183 me.
1151 5149 1163 5178 ι
1178 5129 1274 5195 (luam,
1296 5113 1351 5196 cap.
1371 5145 1395 5192 r,
1416 5145 1440 5179 r.
1459 5128 1516 5192 30.)
1528 5153 1558 5166 -
1569 5125 1580 5154 ²
1590 5127 1662 5190 bno,
1682 5141 1738 5194 cap.
1756 5141 1817 5178 um
1829 5164 1837 5188 ,
1905 5155 1910 5164 ·

234 5223 267 5260 v.
282 5211 609 5281 tt.-⁸tuc.,esp.1‚v.
626 5216 777 5281 tempu,
792 5229 816 5266 v.
833 5217 873 5267 rt.

366 5315 375 5360 r
835 5357 838 5362 ,
1674 5297 1714 5360 st
