4486 6100
451 601 522 672 3t0

537 737 566 792 Si
580 755 632 795 nec
644 738 744 812 signis,
764 752 816 791 nec
830 729 976 806 prophetis

557 827 712 883 Arbitraris
729 822 921 893 credendum,

538 916 610 973 Exul
621 916 703 991 longa
716 915 813 970 saltem
827 929 908 986 poena

555 1008 651 1064 Tuum
669 1006 744 1062 disce
757 1014 879 1061 reatum.

538 1140 595 1194 Pax
608 1139 638 1194 in
650 1139 750 1209 terris,
760 1146 817 1192 etc.

760 1311 913 1369 XXXVII.

524 1455 646 1523 Adorna,
661 1455 738 1522 Sion,
751 1452 921 1520 thalamum,

522 1546 591 1614 Quas
605 1543 770 1616 prestolaris
787 1541 957 1606 Dominum;

522 1633 662 1708 Sponsum
676 1643 705 1688 et
718 1647 845 1705 sponsam
861 1629 969 1702 suscipe

522 1724 595 1780 Cum
609 1741 755 1779 cereorum
768 1722 884 1776 lumine.

523 1852 681 1910 Prudenter
695 1851 748 1908 illae
760 1851 900 1924 virgines,

523 1943 639 2000 Vestras
651 1951 743 2016 aptate
756 1938 911 2013 lampades,

511 2063 513 2070 ·
524 2033 559 2089 Et
572 2042 736 2088 occurentes
745 2030 886 2096 Domine,

525 2123 648 2196 Surgant
665 2119 883 2178 adolescentule.
977 2119 985 2129 '

522 2250 606 2305 Faces
617 2248 771 2306 accendant
782 2245 892 2312 famuli,

525 2341 658 2416 Veroque
671 2337 772 2394 mundi
788 2336 890 2390 lumini

526 2431 634 2485 Domus
645 2428 768 2484 dominis
778 2445 843 2482 cnm
855 2425 988 2480 omnibus

526 2520 667 2586 Occurrat
679 2537 743 2575 cum
756 2516 953 2572 luminaribus.

523 2650 606 2705 Beate
618 2666 716 2716 senex,
730 2663 862 2722 propera,

527 2739 665 2796 Promissa
675 2737 784 2811 comple
796 2735 912 2810 gaudia,

525 2831 560 2885 Et
572 2827 751 2886 revelandum
767 2825 897 2901 gentibus

525 2919 626 2976 Revela
642 2917 739 2974 lumen
757 2915 897 2973 omnIbus.

526 3049 630 3104 Devota
642 3047 701 3102 Deo
713 3044 808 3114 vidua,

524 3139 646 3213 Ejusqne
657 3135 763 3210 templo
775 3133 883 3200 dedita,

523 3229 589 3286 Pari
603 3227 739 3301 propheta
753 3223 873 3300 gaudio,

524 3319 560 3374 Et
577 3317 710 3373 confitere
722 3315 855 3370 Domino.

525 3449 584 3501 Deo
598 3445 671 3518 patri
686 3461 750 3499 eum
763 3441 852 3506 Filio,
889 3479 903 3518 9

524 3537 596 3592 Cum
609 3533 717 3609 Spiritu
727 3530 873 3606 paraclito,

527 3625 567 3681 Ut
579 3635 621 3680 est
633 3641 688 3678 una
700 3621 854 3678 substantia

525 3713 571 3770 SIc
582 3723 612 3767 et
624 3729 681 3768 una
691 3712 728 3767 sit
741 3710 838 3785 gloria.

1022 3803 1110 3856 Auru.

756 3959 925 4020 XXXVIII:

525 4092 657 4146 Parentes
668 4091 815 4148 Christum
827 4090 970 4158 deterunt,

527 4183 561 4237 In
574 4181 679 4256 templo
691 4181 828 4256 templum
840 4180 970 4237 offerunt.

528 4274 593 4347 Legi
606 4289 703 4346 parere
714 4271 816 4338 voluit,

526 4363 583 4432 Qui
598 4361 652 4434 legi
667 4361 739 4416 nihil
755 4359 862 4416 debuit.

526 4489 619 4556 Offer,
635 4489 730 4557 Beata,
744 4487 893 4562 parvulum

526 4580 622 4635 Tuum
636 4590 665 4636 et
677 4579 764 4654 patris
780 4579 897 4634 unicum
909 4601 916 4644 ς

525 4667 605 4724 Offer
615 4687 666 4743 per
680 4686 764 4744 quem
777 4667 935 4733 offerimur.

528 4759 653 4815 Pretium
664 4776 721 4834 quo
734 4758 912 4814 redimimur.

527 4887 668 4957 Procede,
683 4888 763 4961 virgo
774 4890 864 4962 regia,

526 4977 625 5032 Profer
637 4987 734 5033 natum
746 4995 809 5032 cum
823 4979 931 5048 hostia,

490 5183 495 5208 ¹
520 5185 732 5238 EsaeGod.Brux.

1054 588 1182 660 PETRI
1209 585 1442 662 temtatur

1338 723 1486 782 Tollantur
1499 741 1561 780 aves
1578 726 1712 798 mystice,

1340 815 1406 870 Tibi
1425 813 1468 870 rel
1480 815 1534 889 ipsi
1547 831 1686 888 congrua.

1339 957 1478 1011 Monstret
1492 954 1620 1011 columba
1633 953 1804 1028 simplicem,

1341 1039 1476 1118 Des'Ignet
1487 1054 1584 1100 turtur
1595 1043 1733 1118 virginem
1744 1065 1751 1110 ;

1338 1135 1447 1208 Pauper
1460 1132 1576 1209 quidem
1588 1144 1630 1190 est
1641 1135 1748 1203 hostia,

1340 1224 1395 1282 Sed
1408 1234 1585 1298 magnasunt
1598 1226 1737 1297 mysteria.

1264 1435 1271 1446 ι
1340 1364 1405 1418 IIaec
1415 1363 1531 1438 quidem
1546 1375 1607 1419 erat
1619 1381 1775 1438 pauperum

1336 1453 1433 1523 Quum
1444 1453 1533 1510 esset¹
1549 1472 1637 1528 agnus
1650 1454 1785 1519 divitum,

1337 1542 1393 1598 Sed
1405 1543 1470 1617 agni
1487 1545 1544 1598 veri
1562 1543 1630 1600 latio

1338 1633 1402 1688 Non
1415 1643 1480 1707 eget
1497 1651 1571 1707 agno
1582 1635 1709 1706 mystico.

1338 1771 1397 1826 Deo
1410 1772 1560 1845 patricum
1573 1772 1661 1842 Filio,

1337 1863 1410 1916 Cum
1424 1859 1532 1936 Spiritu
1546 1861 1694 1935 paraclito,
1707 1873 1762 1919 etc.

1532 2067 1536 2074 ·
1585 2034 1721 2092 XXXIX.

1336 2143 1394 2229 Qui
1407 2169 1599 2233 paupertatem
1612 2159 1758 2232 admonet,

1336 2249 1417 2303 Hanc
1433 2248 1462 2303 in
1477 2249 1595 2322 seprius
1608 2249 1737 2319 exhibet;

1339 2337 1414 2394 Deus
1425 2337 1502 2395 dives
1516 2340 1545 2395 in
1560 2339 1707 2409 omnibus,

1340 2427 1380 2483 Ut
1392 2445 1442 2484 nos
1454 2427 1526 2485 ditet
1537 2431 1739 2503 pauperrimus.

1337 2557 1428 2612 Factis
1441 2557 1564 2630 primum
1578 2557 1721 2625 exhibuit,

1339 2645 1425 2716 Quod
1437 2645 1528 2702 verbis
1541 2647 1655 2702 tandem
1671 2645 1783 2714 docuit,

1339 2735 1365 2790 A
1379 2735 1458 2790 cunis
1471 2753 1536 2792 mox
1546 2737 1698 2810 incipiens,

1341 2823 1377 2879 Et
1387 2841 1418 2879 re
1431 2841 1526 2879 vocem
1540 2827 1719 2898 preveniens.

1339 2953 1393 3008 llic
1405 2961 1449 3010 est
1463 2951 1511 3008 ille
1523 2952 1679 3022 funiculus,

1341 3042 1375 3096 In
1388 3059 1474 3096 manu
1486 3043 1539 3098 viri
1556 3043 1663 3112 lineus,

1339 3130 1456 3186 Subtilis
1468 3133 1632 3208 evangelice
1701 3123 1709 3138 ⁸

1337 3220 1436 3276 Sermo
1449 3221 1518 3296 legis
1536 3223 1565 3278 in
1577 3240 1670 3296 opere.

1338 3349 1393 3404 Hic
1404 3360 1447 3405 est
1459 3367 1594 3406 mensure
1606 3349 1727 3406 calamus

1339 3439 1431 3508 Quem
1445 3449 1534 3513 gestat
1547 3458 1632 3496 mann
1647 3441 1794 3516 parvulus,

1339 3527 1380 3582 Ut
1391 3545 1475 3602 super
1487 3539 1611 3585 montem
1626 3532 1750 3604 positum

1339 3614 1652 3676 Mensuretaedificinm.

1335 3746 1475 3838 blensure
1485 3748 1590 3822 qnippe
1603 3747 1724 3805 calamus

1338 3836 1422 3892 Liber
1434 3847 1477 3892 est
1492 3837 1680 3911 evangelicus,

1338 3927 1431 3996 Quem
1444 3945 1529 3982 manu
1540 3927 1631 3984 iertur
1646 3947 1742 4001 gerere

1206 3983 1228 4031 ι’
1340 4014 1397 4085 Qui
1411 4017 1547 4090 scriptum
1558 4017 1680 4091 complet
1694 4035 1786 4093 opere.

1341 4146 1402 4202 Hoc
1416 4163 1500 4220 snper
1510 4148 1603 4220 ipsum
1617 4150 1707 4222 posita
1781 4157 1785 4166 '

1340 4237 1519 4293 Mensuratur
1534 4236 1670 4308 Ecclesia,

1339 4329 1414 4384 Dum
1428 4329 1457 4384 in
1469 4329 1523 4384 boc
1534 4330 1654 4404 quisque
1667 4331 1786 4404 percipit

1341 4418 1485 4489 Quantum
1500 4420 1601 4475 crescit
1612 4436 1644 4474 nc
1655 4418 1757 4475 dellcit.

1341 4547 1399 4603 Deo
1411 4547 1498 4620 patri,
1511 4556 1563 4602 etc

1624 4733 1685 4788 XL.

1341 4879 1444 4934 Omnis
1457 4896 1537 4936 sexus
1554 4892 1583 4937 et
1596 4879 1726 4956 quelibet

1337 4971 1414 5026 IEtas
1427 4969 1540 5046 plaudat
1550 4983 1579 5028 et
1587 4970 1700 5045 jubilet.
