<?xml version="1.0" encoding="UTF-8"?>
<!DOCTYPE html PUBLIC "-//W3C//DTD XHTML 1.0 Transitional//EN"
    "http://www.w3.org/TR/xhtml1/DTD/xhtml1-transitional.dtd">
<html xmlns="http://www.w3.org/1999/xhtml" xml:lang="en" lang="en">
 <head>
  <title>
</title>
<meta http-equiv="Content-Type" content="text/html;charset=utf-8" />
  <meta name='ocr-system' content='tesseract 3.04.00' />
  <meta name='ocr-capabilities' content='ocr_page ocr_carea ocr_par ocr_line ocrx_word'/>
</head>
<body>
  <div class='ocr_page' id='page_1' title='image "./petriablardiope01despgoog_0246.png"; bbox 0 0 4520 6104; ppageno 0'>
   <div class='ocr_carea' id='block_1_1' title="bbox 889 623 1801 708">
    <p class='ocr_par' dir='ltr' id='par_1_1' title="bbox 889 623 1801 708">
     <span class='ocr_line' id='line_1_1' title="bbox 889 623 1801 708; baseline 0 -4"><span class='ocrx_word' id='word_1_1' title='bbox 889 633 1130 708; x_wconf 84' lang='lat' dir='ltr'><strong>EPlS&#39;lOLAE.</strong></span> <span class='ocrx_word' id='word_1_2' title='bbox 1731 623 1801 707; x_wconf 78' lang='lat' dir='ltr'><strong>23&#39;t</strong></span> 
     </span>
    </p>
   </div>
   <div class='ocr_carea' id='block_1_2' title="bbox 213 771 1881 3776">
    <p class='ocr_par' dir='ltr' id='par_1_2' title="bbox 213 771 1881 3776">
     <span class='ocr_line' id='line_1_2' title="bbox 213 771 1810 874; baseline -0.004 -21"><span class='ocrx_word' id='word_1_3' title='bbox 213 780 324 853; x_wconf 91' lang='lat' dir='ltr'><strong>retico</strong></span> <span class='ocrx_word' id='word_1_4' title='bbox 344 776 481 848; x_wconf 82' lang='lat' dir='ltr'><strong>fuerant</strong></span> <span class='ocrx_word' id='word_1_5' title='bbox 501 797 623 846; x_wconf 90' lang='lat' dir='ltr'><strong>errore</strong></span> <span class='ocrx_word' id='word_1_6' title='bbox 642 775 820 874; x_wconf 81' lang='lat' dir='ltr'>correpti,</span> <span class='ocrx_word' id='word_1_7' title='bbox 850 772 938 847; x_wconf 87' lang='lat' dir='ltr'><strong>dum</strong></span> <span class='ocrx_word' id='word_1_8' title='bbox 966 773 1122 846; x_wconf 77' lang='lat' dir='ltr'>ostendit</span> <span class='ocrx_word' id='word_1_9' title='bbox 1151 771 1418 846; x_wconf 78' lang='lat' dir='ltr'><strong>multitudinem</strong></span> <span class='ocrx_word' id='word_1_10' title='bbox 1443 771 1699 870; x_wconf 90' lang='lat' dir='ltr'><strong>deceptorum,</strong></span> <span class='ocrx_word' id='word_1_11' title='bbox 1723 775 1810 846; x_wconf 92' lang='lat' dir='ltr'><strong>dum</strong></span> 
     </span>
     <span class='ocr_line' id='line_1_3' title="bbox 213 882 1804 997; baseline -0.003 -27"><span class='ocrx_word' id='word_1_12' title='bbox 213 901 323 997; x_wconf 91' lang='lat' dir='ltr'><strong>impia</strong></span> <span class='ocrx_word' id='word_1_13' title='bbox 340 906 406 996; x_wconf 79' lang='grc' dir='ltr'>περὶ</span> <span class='ocrx_word' id='word_1_14' title='bbox 426 882 535 994; x_wconf 73' lang='grc' dir='ltr'>Α’ρχῶν</span> <span class='ocrx_word' id='word_1_15' title='bbox 549 887 676 992; x_wconf 82' lang='lat' dir='ltr'><strong>ingerit</strong></span> <span class='ocrx_word' id='word_1_16' title='bbox 692 893 898 984; x_wconf 86' lang='lat' dir='ltr'><strong>volumina,</strong></span> <span class='ocrx_word' id='word_1_17' title='bbox 915 919 994 991; x_wconf 86' lang='lat' dir='ltr'><strong>quae</strong></span> <span class='ocrx_word' id='word_1_18' title='bbox 1006 894 1199 968; x_wconf 87' lang='lat' dir='ltr'><strong>emendata</strong></span> <span class='ocrx_word' id='word_1_19' title='bbox 1217 917 1326 965; x_wconf 86' lang='lat' dir='ltr'><strong>manu</strong></span> <span class='ocrx_word' id='word_1_20' title='bbox 1344 893 1475 991; x_wconf 87' lang='lat' dir='ltr'><strong>scorpii</strong></span> <span class='ocrx_word' id='word_1_21' title='bbox 1490 893 1804 984; x_wconf 70' lang='lat' dir='ltr'><strong>monstrabantur,</strong></span> 
     </span>
     <span class='ocr_line' id='line_1_4' title="bbox 213 1013 1810 1114; baseline -0.003 -22"><span class='ocrx_word' id='word_1_22' title='bbox 213 1020 303 1092; x_wconf 91' lang='lat' dir='ltr'><strong>dnm</strong></span> <span class='ocrx_word' id='word_1_23' title='bbox 328 1017 432 1090; x_wconf 90' lang='lat' dir='ltr'><strong>acciti</strong></span> <span class='ocrx_word' id='word_1_24' title='bbox 461 1014 706 1114; x_wconf 75' lang='lat' dir='ltr'><strong>frequentibus</strong></span> <span class='ocrx_word' id='word_1_25' title='bbox 733 1015 857 1088; x_wconf 87' lang='lat' dir='ltr'><strong>litteris</strong></span> <span class='ocrx_word' id='word_1_26' title='bbox 879 1015 1055 1106; x_wconf 74' lang='lat' dir='ltr'><strong>haeretici,</strong></span> <span class='ocrx_word' id='word_1_27' title='bbox 1083 1030 1122 1087; x_wconf 93' lang='lat' dir='ltr'><strong>ut</strong></span> <span class='ocrx_word' id='word_1_28' title='bbox 1143 1040 1181 1088; x_wconf 89' lang='lat' dir='ltr'><strong>se</strong></span> <span class='ocrx_word' id='word_1_29' title='bbox 1205 1013 1459 1103; x_wconf 77' lang='lat' dir='ltr'><strong>defenderent,</strong></span> <span class='ocrx_word' id='word_1_30' title='bbox 1488 1016 1612 1088; x_wconf 83' lang='lat' dir='ltr'><strong>venire</strong></span> <span class='ocrx_word' id='word_1_31' title='bbox 1635 1040 1710 1088; x_wconf 90' lang='lat' dir='ltr'><strong>non</strong></span> <span class='ocrx_word' id='word_1_32' title='bbox 1735 1020 1810 1090; x_wconf 90' lang='lat' dir='ltr'><strong>ausi</strong></span> 
     </span>
     <span class='ocr_line' id='line_1_5' title="bbox 214 1134 1813 1236; baseline -0.001 -24"><span class='ocrx_word' id='word_1_33' title='bbox 214 1154 312 1212; x_wconf 90' lang='lat' dir='ltr'><strong>suut.</strong></span> <span class='ocrx_word' id='word_1_34' title='bbox 346 1142 529 1236; x_wconf 82' lang='lat' dir='ltr'><strong>Tantaque</strong></span> <span class='ocrx_word' id='word_1_35' title='bbox 561 1137 614 1208; x_wconf 84' lang='lat' dir='ltr'><strong>vis</strong></span> <span class='ocrx_word' id='word_1_36' title='bbox 643 1137 868 1224; x_wconf 86' lang='lat' dir='ltr'><strong>conscientiae</strong></span> <span class='ocrx_word' id='word_1_37' title='bbox 896 1136 982 1228; x_wconf 82' lang='lat' dir='ltr'><strong>lirit,</strong></span> <span class='ocrx_word' id='word_1_38' title='bbox 1013 1152 1053 1208; x_wconf 91' lang='lat' dir='ltr'><strong>ut</strong></span> <span class='ocrx_word' id='word_1_39' title='bbox 1088 1135 1252 1208; x_wconf 88' lang='lat' dir='ltr'><strong>absentes</strong></span> <span class='ocrx_word' id='word_1_40' title='bbox 1278 1134 1463 1226; x_wconf 87' lang='lat' dir='ltr'><strong>damnari,</strong></span> <span class='ocrx_word' id='word_1_41' title='bbox 1489 1159 1598 1232; x_wconf 83' lang='lat' dir='ltr'><strong>quarn</strong></span> <span class='ocrx_word' id='word_1_42' title='bbox 1623 1153 1813 1236; x_wconf 70' lang='lat' dir='ltr'><strong>presentes</strong></span> 
     </span>
     <span class='ocr_line' id='line_1_6' title="bbox 214 1255 1807 1357; baseline -0.002 -25"><span class='ocrx_word' id='word_1_43' title='bbox 214 1260 382 1357; x_wconf 84' lang='lat' dir='ltr'><strong>coargui,</strong></span> <span class='ocrx_word' id='word_1_44' title='bbox 405 1257 606 1330; x_wconf 76' lang='lat' dir='ltr'><strong>maduerint.</strong></span> <span class='ocrx_word' id='word_1_45' title='bbox 631 1256 744 1353; x_wconf 88' lang='lat' dir='ltr'><strong>Hujus</strong></span> <span class='ocrx_word' id='word_1_46' title='bbox 761 1273 834 1330; x_wconf 89' lang='lat' dir='ltr'><strong>tam</strong></span> <span class='ocrx_word' id='word_1_47' title='bbox 854 1256 1016 1355; x_wconf 72' lang='lat' dir='ltr'><strong>gloriose</strong></span> <span class='ocrx_word' id='word_1_48' title='bbox 1037 1257 1197 1330; x_wconf 80' lang='lat' dir='ltr'><strong>victoriae</strong></span> <span class='ocrx_word' id='word_1_49' title='bbox 1212 1257 1335 1354; x_wconf 90' lang='lat' dir='ltr'><strong>orig0,</strong></span> <span class='ocrx_word' id='word_1_50' title='bbox 1354 1255 1518 1327; x_wconf 84' lang='lat' dir='ltr'><strong>Marcella</strong></span> <span class='ocrx_word' id='word_1_51' title='bbox 1536 1272 1602 1328; x_wconf 86' lang='lat' dir='ltr'><strong>est.</strong></span> <span class='ocrx_word' id='word_1_52' title='bbox 1620 1285 1639 1324; x_wconf 77' lang='lat' dir='ltr'><strong>a</strong></span> <span class='ocrx_word' id='word_1_53' title='bbox 1653 1257 1807 1347; x_wconf 85' lang='lat' dir='ltr'><strong>Videtis,</strong></span> 
     </span>
     <span class='ocr_line' id='line_1_7' title="bbox 215 1367 1811 1478; baseline 0 -26"><span class='ocrx_word' id='word_1_54' title='bbox 215 1380 471 1469; x_wconf 81' lang='lat' dir='ltr'><strong>dilectissimae,</strong></span> <span class='ocrx_word' id='word_1_55' title='bbox 496 1393 673 1475; x_wconf 86' lang='lat' dir='ltr'><strong>quantum</strong></span> <span class='ocrx_word' id='word_1_56' title='bbox 691 1378 846 1452; x_wconf 90' lang='lat' dir='ltr'><strong>attulerit</strong></span> <span class='ocrx_word' id='word_1_57' title='bbox 865 1379 1038 1470; x_wconf 79' lang='lat' dir='ltr'><strong>fructum,</strong></span> <span class='ocrx_word' id='word_1_58' title='bbox 1064 1378 1232 1478; x_wconf 87' lang='lat' dir='ltr'><strong>repressis</strong></span> <span class='ocrx_word' id='word_1_59' title='bbox 1252 1367 1467 1468; x_wconf 66' lang='lat' dir='ltr'><strong>haeresibus,</strong></span> <span class='ocrx_word' id='word_1_60' title='bbox 1491 1379 1528 1448; x_wconf 91' lang='lat' dir='ltr'><strong>in</strong></span> <span class='ocrx_word' id='word_1_61' title='bbox 1543 1377 1631 1450; x_wconf 86' lang='lat' dir='ltr'><strong>urbe</strong></span> <span class='ocrx_word' id='word_1_62' title='bbox 1646 1378 1811 1452; x_wconf 79' lang='lat' dir='ltr'><strong>fidelihus</strong></span> 
     </span>
     <span class='ocr_line' id='line_1_8' title="bbox 215 1496 1809 1598; baseline -0.001 -25"><span class='ocrx_word' id='word_1_63' title='bbox 215 1500 386 1572; x_wconf 89' lang='lat' dir='ltr'><strong>omnibus</strong></span> <span class='ocrx_word' id='word_1_64' title='bbox 403 1500 439 1570; x_wconf 93' lang='lat' dir='ltr'><strong>in</strong></span> <span class='ocrx_word' id='word_1_65' title='bbox 456 1513 563 1598; x_wconf 85' lang='lat' dir='ltr'><strong>caput</strong></span> <span class='ocrx_word' id='word_1_66' title='bbox 583 1498 909 1572; x_wconf 84' lang='lat' dir='ltr'><strong>constitutaeunius</strong></span> <span class='ocrx_word' id='word_1_67' title='bbox 926 1513 1098 1573; x_wconf 85' lang='lat' dir='ltr'><strong>matronae</strong></span> <span class='ocrx_word' id='word_1_68' title='bbox 1117 1496 1296 1569; x_wconf 87' lang='lat' dir='ltr'><strong>laudabile</strong></span> <span class='ocrx_word' id='word_1_69' title='bbox 1316 1498 1495 1588; x_wconf 89' lang='lat' dir='ltr'><strong>studium,</strong></span> <span class='ocrx_word' id='word_1_70' title='bbox 1520 1513 1556 1569; x_wconf 90' lang='lat' dir='ltr'><strong>et</strong></span> <span class='ocrx_word' id='word_1_71' title='bbox 1574 1499 1809 1597; x_wconf 84' lang='lat' dir='ltr'><strong>quantalam·</strong></span> 
     </span>
     <span class='ocr_line' id='line_1_9' title="bbox 213 1618 1813 1720; baseline -0.001 -26"><span class='ocrx_word' id='word_1_72' title='bbox 213 1621 307 1720; x_wconf 87' lang='lat' dir='ltr'><strong>pade</strong></span> <span class='ocrx_word' id='word_1_73' title='bbox 328 1621 499 1693; x_wconf 85' lang='lat' dir='ltr'><strong>doctrinae</strong></span> <span class='ocrx_word' id='word_1_74' title='bbox 520 1620 681 1718; x_wconf 90' lang='lat' dir='ltr'><strong>ipsorum</strong></span> <span class='ocrx_word' id='word_1_75' title='bbox 704 1645 853 1718; x_wconf 91' lang='lat' dir='ltr'><strong>quoque</strong></span> <span class='ocrx_word' id='word_1_76' title='bbox 871 1619 1063 1692; x_wconf 91' lang='lat' dir='ltr'><strong>doctorum</strong></span> <span class='ocrx_word' id='word_1_77' title='bbox 1081 1618 1401 1692; x_wconf 86' lang='lat' dir='ltr'><strong>ecclesiasticorum</strong></span> <span class='ocrx_word' id='word_1_78' title='bbox 1418 1618 1583 1691; x_wconf 76' lang='lat' dir='ltr'><strong>tenebras</strong></span> <span class='ocrx_word' id='word_1_79' title='bbox 1595 1645 1667 1692; x_wconf 88' lang='lat' dir='ltr'><strong>una</strong></span> <span class='ocrx_word' id='word_1_80' title='bbox 1685 1621 1813 1694; x_wconf 88' lang='lat' dir='ltr'><strong>mulier</strong></span> 
     </span>
     <span class='ocr_line' id='line_1_10' title="bbox 214 1738 1806 1841; baseline 0 -27"><span class='ocrx_word' id='word_1_81' title='bbox 214 1740 402 1841; x_wconf 71' lang='lat' dir='ltr'><strong>expulerit.</strong></span> <span class='ocrx_word' id='word_1_82' title='bbox 423 1745 477 1813; x_wconf 91' lang='lat' dir='ltr'><strong>De</strong></span> <span class='ocrx_word' id='word_1_83' title='bbox 495 1740 598 1835; x_wconf 86' lang='lat' dir='ltr'><strong>cujus</strong></span> <span class='ocrx_word' id='word_1_84' title='bbox 616 1740 736 1813; x_wconf 91' lang='lat' dir='ltr'><strong>studio</strong></span> <span class='ocrx_word' id='word_1_85' title='bbox 757 1741 794 1812; x_wconf 91' lang='lat' dir='ltr'><strong>in</strong></span> <span class='ocrx_word' id='word_1_86' title='bbox 811 1740 925 1812; x_wconf 83' lang='lat' dir='ltr'><strong>sacris·</strong></span> <span class='ocrx_word' id='word_1_87' title='bbox 937 1739 1083 1830; x_wconf 85' lang='lat' dir='ltr'><strong>litteris,</strong></span> <span class='ocrx_word' id='word_1_88' title='bbox 1104 1763 1178 1836; x_wconf 92' lang='lat' dir='ltr'><strong>quo</strong></span> <span class='ocrx_word' id='word_1_89' title='bbox 1195 1739 1271 1838; x_wconf 90' lang='lat' dir='ltr'><strong>ipsa</strong></span> <span class='ocrx_word' id='word_1_90' title='bbox 1289 1738 1475 1810; x_wconf 85' lang='lat' dir='ltr'><strong>victoriam</strong></span> <span class='ocrx_word' id='word_1_91' title='bbox 1496 1739 1598 1810; x_wconf 87' lang='lat' dir='ltr'><strong>istam</strong></span> <span class='ocrx_word' id='word_1_92' title='bbox 1616 1745 1806 1822; x_wconf 78' lang='lat' dir='ltr'><strong>meruerit,</strong></span> 
     </span>
     <span class='ocr_line' id='line_1_11' title="bbox 214 1859 1810 1961; baseline -0.001 -25"><span class='ocrx_word' id='word_1_93' title='bbox 214 1863 312 1936; x_wconf 86' lang='lat' dir='ltr'><strong>idem</strong></span> <span class='ocrx_word' id='word_1_94' title='bbox 332 1861 461 1934; x_wconf 89' lang='lat' dir='ltr'><strong>doctor</strong></span> <span class='ocrx_word' id='word_1_95' title='bbox 479 1862 656 1961; x_wconf 85' lang='lat' dir='ltr'><strong>prooemio</strong></span> <span class='ocrx_word' id='word_1_96' title='bbox 675 1860 738 1934; x_wconf 92' lang='lat' dir='ltr'><strong>lib.</strong></span> <span class='ocrx_word' id='word_1_97' title='bbox 767 1866 782 1950; x_wconf 87' lang='lat' dir='ltr'><strong>l</strong></span> <span class='ocrx_word' id='word_1_98' title='bbox 806 1864 844 1932; x_wconf 86' lang='lat' dir='ltr'><strong>in</strong></span> <span class='ocrx_word' id='word_1_99' title='bbox 862 1862 1063 1960; x_wconf 76' lang='lat' dir='ltr'><strong>Epismdrm</strong></span> <span class='ocrx_word' id='word_1_100' title='bbox 1078 1861 1188 1932; x_wconf 81' lang='lat' dir='ltr'><strong>Pauli</strong></span> <span class='ocrx_word' id='word_1_101' title='bbox 1207 1859 1258 1931; x_wconf 83' lang='lat' dir='ltr'><strong>ad</strong></span> <span class='ocrx_word' id='word_1_102' title='bbox 1270 1860 1434 1950; x_wconf 67' lang='lat' dir='ltr'><strong>cattas,</strong></span> <span class='ocrx_word' id='word_1_103' title='bbox 1459 1859 1514 1932; x_wconf 82' lang='lat' dir='ltr'><strong>ad-</strong></span> <span class='ocrx_word' id='word_1_104' title='bbox 1524 1862 1810 1935; x_wconf 81' lang='lat' dir='ltr'><strong>exhortationem</strong></span> 
     </span>
     <span class='ocr_line' id='line_1_12' title="bbox 215 1978 1811 2079; baseline 0.002 -27"><span class='ocrx_word' id='word_1_105' title='bbox 215 1997 371 2056; x_wconf 86' lang='lat' dir='ltr'><strong>vestram</strong></span> <span class='ocrx_word' id='word_1_106' title='bbox 383 1983 431 2052; x_wconf 90' lang='lat' dir='ltr'><strong>ita</strong></span> <span class='ocrx_word' id='word_1_107' title='bbox 443 1981 626 2053; x_wconf 89' lang='lat' dir='ltr'><strong>meminit:</strong></span> <span class='ocrx_word' id='word_1_108' title='bbox 653 2010 670 2049; x_wconf 78' lang='lat' dir='ltr'><strong>a</strong></span> <span class='ocrx_word' id='word_1_109' title='bbox 686 1982 767 2053; x_wconf 89' lang='lat' dir='ltr'><strong>Scio</strong></span> <span class='ocrx_word' id='word_1_110' title='bbox 786 1981 955 2079; x_wconf 89' lang='lat' dir='ltr'><strong>equidem</strong></span> <span class='ocrx_word' id='word_1_111' title='bbox 969 1981 1136 2054; x_wconf 86' lang='lat' dir='ltr'><strong>ardorem</strong></span> <span class='ocrx_word' id='word_1_112' title='bbox 1151 1982 1248 2078; x_wconf 88' lang='lat' dir='ltr'><strong>ejus,</strong></span> <span class='ocrx_word' id='word_1_113' title='bbox 1269 1981 1342 2053; x_wconf 91' lang='lat' dir='ltr'><strong>scio</strong></span> <span class='ocrx_word' id='word_1_114' title='bbox 1360 1978 1489 2073; x_wconf 82' lang='lat' dir='ltr'><strong>iidem,</strong></span> <span class='ocrx_word' id='word_1_115' title='bbox 1506 2006 1615 2079; x_wconf 90' lang='lat' dir='ltr'><strong>quam</strong></span> <span class='ocrx_word' id='word_1_116' title='bbox 1630 1984 1811 2055; x_wconf 85' lang='lat' dir='ltr'><strong>flammam</strong></span> 
     </span>
     <span class='ocr_line' id='line_1_13' title="bbox 215 2100 1809 2202; baseline 0 -26"><span class='ocrx_word' id='word_1_117' title='bbox 215 2127 358 2201; x_wconf 88' lang='lat' dir='ltr'><strong>semper</strong></span> <span class='ocrx_word' id='word_1_118' title='bbox 383 2100 511 2174; x_wconf 84' lang='lat' dir='ltr'><strong>habeat</strong></span> <span class='ocrx_word' id='word_1_119' title='bbox 542 2102 578 2175; x_wconf 94' lang='lat' dir='ltr'><strong>in</strong></span> <span class='ocrx_word' id='word_1_120' title='bbox 607 2118 773 2201; x_wconf 90' lang='lat' dir='ltr'><strong>pectore,</strong></span> <span class='ocrx_word' id='word_1_121' title='bbox 800 2128 968 2202; x_wconf 86' lang='lat' dir='ltr'><strong>superare</strong></span> <span class='ocrx_word' id='word_1_122' title='bbox 998 2127 1145 2192; x_wconf 86' lang='lat' dir='ltr'><strong>sexum,</strong></span> <span class='ocrx_word' id='word_1_123' title='bbox 1168 2101 1328 2174; x_wconf 89' lang='lat' dir='ltr'><strong>oblivisci</strong></span> <span class='ocrx_word' id='word_1_124' title='bbox 1348 2101 1526 2193; x_wconf 89' lang='lat' dir='ltr'><strong>hominis,</strong></span> <span class='ocrx_word' id='word_1_125' title='bbox 1550 2118 1585 2176; x_wconf 88' lang='lat' dir='ltr'><strong>et</strong></span> <span class='ocrx_word' id='word_1_126' title='bbox 1605 2102 1809 2177; x_wconf 89' lang='lat' dir='ltr'><strong>divinorum</strong></span> 
     </span>
     <span class='ocr_line' id='line_1_14' title="bbox 217 2223 1808 2324; baseline 0.001 -28"><span class='ocrx_word' id='word_1_127' title='bbox 217 2225 444 2296; x_wconf 90' lang='lat' dir='ltr'><strong>voluminum</strong></span> <span class='ocrx_word' id='word_1_128' title='bbox 472 2239 646 2322; x_wconf 90' lang='lat' dir='ltr'><strong>tympano</strong></span> <span class='ocrx_word' id='word_1_129' title='bbox 666 2239 929 2322; x_wconf 80' lang='lat' dir='ltr'><strong>concrepante,</strong></span> <span class='ocrx_word' id='word_1_130' title='bbox 954 2224 1114 2298; x_wconf 78' lang='lat' dir='ltr'><strong>Rubrum</strong></span> <span class='ocrx_word' id='word_1_131' title='bbox 1136 2225 1243 2321; x_wconf 89' lang='lat' dir='ltr'><strong>hujus</strong></span> <span class='ocrx_word' id='word_1_132' title='bbox 1265 2223 1374 2297; x_wconf 89' lang='lat' dir='ltr'><strong>seculi</strong></span> <span class='ocrx_word' id='word_1_133' title='bbox 1400 2225 1544 2324; x_wconf 86' lang='lat' dir='ltr'><strong>pelagus</strong></span> <span class='ocrx_word' id='word_1_134' title='bbox 1572 2227 1808 2301; x_wconf 81' lang='lat' dir='ltr'><strong>transfretare.</strong></span> 
     </span>
     <span class='ocr_line' id='line_1_15' title="bbox 216 2344 1811 2446; baseline 0.001 -28"><span class='ocrx_word' id='word_1_135' title='bbox 216 2350 322 2420; x_wconf 85' lang='lat' dir='ltr'><strong>Certe</strong></span> <span class='ocrx_word' id='word_1_136' title='bbox 344 2369 458 2442; x_wconf 88' lang='lat' dir='ltr'><strong>quum</strong></span> <span class='ocrx_word' id='word_1_137' title='bbox 473 2347 594 2416; x_wconf 85' lang='lat' dir='ltr'><strong>Romae</strong></span> <span class='ocrx_word' id='word_1_138' title='bbox 618 2369 753 2435; x_wconf 86' lang='lat' dir='ltr'><strong>essem,</strong></span> <span class='ocrx_word' id='word_1_139' title='bbox 777 2369 964 2444; x_wconf 89' lang='lat' dir='ltr'><strong>nunquam</strong></span> <span class='ocrx_word' id='word_1_140' title='bbox 984 2361 1057 2418; x_wconf 88' lang='lat' dir='ltr'><strong>tam</strong></span> <span class='ocrx_word' id='word_1_141' title='bbox 1078 2347 1201 2418; x_wconf 81' lang='lat' dir='ltr'><strong>festina</strong></span> <span class='ocrx_word' id='word_1_142' title='bbox 1216 2371 1275 2417; x_wconf 90' lang='lat' dir='ltr'><strong>me</strong></span> <span class='ocrx_word' id='word_1_143' title='bbox 1293 2344 1402 2437; x_wconf 83' lang='lat' dir='ltr'><strong>vidit,</strong></span> <span class='ocrx_word' id='word_1_144' title='bbox 1423 2361 1547 2418; x_wconf 88' lang='lat' dir='ltr'><strong>utnon</strong></span> <span class='ocrx_word' id='word_1_145' title='bbox 1563 2347 1608 2420; x_wconf 91' lang='lat' dir='ltr'><strong>de</strong></span> <span class='ocrx_word' id='word_1_146' title='bbox 1622 2351 1811 2446; x_wconf 85' lang='lat' dir='ltr'><strong>Scripturis</strong></span> 
     </span>
     <span class='ocr_line' id='line_1_16' title="bbox 217 2465 1808 2567; baseline 0.001 -27"><span class='ocrx_word' id='word_1_147' title='bbox 217 2465 354 2565; x_wconf 80' lang='lat' dir='ltr'><strong>aliquid</strong></span> <span class='ocrx_word' id='word_1_148' title='bbox 384 2466 630 2563; x_wconf 88' lang='lat' dir='ltr'><strong>interrogaret.</strong></span> <span class='ocrx_word' id='word_1_149' title='bbox 661 2470 784 2564; x_wconf 90' lang='lat' dir='ltr'><strong>Neque</strong></span> <span class='ocrx_word' id='word_1_150' title='bbox 814 2491 899 2539; x_wconf 89' lang='lat' dir='ltr'><strong>vero</strong></span> <span class='ocrx_word' id='word_1_151' title='bbox 926 2491 1028 2540; x_wconf 89' lang='lat' dir='ltr'><strong>more</strong></span> <span class='ocrx_word' id='word_1_152' title='bbox 1045 2467 1300 2566; x_wconf 87' lang='lat' dir='ltr'><strong>pythagorico,</strong></span> <span class='ocrx_word' id='word_1_153' title='bbox 1330 2467 1507 2566; x_wconf 92' lang='lat' dir='ltr'><strong>quidquid</strong></span> <span class='ocrx_word' id='word_1_154' title='bbox 1527 2469 1808 2567; x_wconf 88' lang='lat' dir='ltr'><strong>responderam,</strong></span> 
     </span>
     <span class='ocr_line' id='line_1_17' title="bbox 218 2584 1810 2689; baseline 0.004 -30"><span class='ocrx_word' id='word_1_155' title='bbox 218 2602 358 2660; x_wconf 89' lang='lat' dir='ltr'><strong>rectum</strong></span> <span class='ocrx_word' id='word_1_156' title='bbox 377 2584 544 2685; x_wconf 88' lang='lat' dir='ltr'><strong>putabat,</strong></span> <span class='ocrx_word' id='word_1_157' title='bbox 562 2610 629 2658; x_wconf 84' lang='lat' dir='ltr'><strong>uec</strong></span> <span class='ocrx_word' id='word_1_158' title='bbox 646 2588 723 2659; x_wconf 88' lang='lat' dir='ltr'><strong>sine</strong></span> <span class='ocrx_word' id='word_1_159' title='bbox 743 2589 883 2660; x_wconf 88' lang='lat' dir='ltr'><strong>ratione</strong></span> <span class='ocrx_word' id='word_1_160' title='bbox 901 2588 1127 2687; x_wconf 72' lang='lat' dir='ltr'><strong>praejudicata</strong></span> <span class='ocrx_word' id='word_1_161' title='bbox 1145 2588 1243 2689; x_wconf 89' lang='lat' dir='ltr'><strong>apud</strong></span> <span class='ocrx_word' id='word_1_162' title='bbox 1263 2613 1341 2662; x_wconf 90' lang='lat' dir='ltr'><strong>eam</strong></span> <span class='ocrx_word' id='word_1_163' title='bbox 1358 2589 1497 2662; x_wconf 88' lang='lat' dir='ltr'><strong>valebat</strong></span> <span class='ocrx_word' id='word_1_164' title='bbox 1517 2595 1727 2684; x_wconf 81' lang='lat' dir='ltr'><strong>auetoritas3</strong></span> <span class='ocrx_word' id='word_1_165' title='bbox 1749 2595 1810 2666; x_wconf 88' lang='lat' dir='ltr'><strong>sed</strong></span> 
     </span>
     <span class='ocr_line' id='line_1_18' title="bbox 218 2699 1881 2809; baseline 0.004 -29"><span class='ocrx_word' id='word_1_166' title='bbox 218 2707 444 2782; x_wconf 79' lang='lat' dir='ltr'><strong>examinabat</strong></span> <span class='ocrx_word' id='word_1_167' title='bbox 457 2708 601 2798; x_wconf 88' lang='lat' dir='ltr'><strong>omnia,</strong></span> <span class='ocrx_word' id='word_1_168' title='bbox 624 2723 660 2781; x_wconf 88' lang='lat' dir='ltr'><strong>et</strong></span> <span class='ocrx_word' id='word_1_169' title='bbox 676 2711 791 2806; x_wconf 87' lang='lat' dir='ltr'><strong>sagaci</strong></span> <span class='ocrx_word' id='word_1_170' title='bbox 813 2723 934 2782; x_wconf 89' lang='lat' dir='ltr'><strong>mente</strong></span> <span class='ocrx_word' id='word_1_171' title='bbox 952 2712 1115 2782; x_wconf 81' lang='lat' dir='ltr'><strong>universa</strong></span> <span class='ocrx_word' id='word_1_172' title='bbox 1135 2708 1325 2809; x_wconf 89' lang='lat' dir='ltr'><strong>pensabat,</strong></span> <span class='ocrx_word' id='word_1_173' title='bbox 1344 2725 1384 2781; x_wconf 90' lang='lat' dir='ltr'><strong>ut</strong></span> <span class='ocrx_word' id='word_1_174' title='bbox 1397 2735 1455 2782; x_wconf 90' lang='lat' dir='ltr'><strong>me</strong></span> <span class='ocrx_word' id='word_1_175' title='bbox 1469 2713 1636 2784; x_wconf 90' lang='lat' dir='ltr'><strong>sentirem</strong></span> <span class='ocrx_word' id='word_1_176' title='bbox 1651 2731 1810 2786; x_wconf 89' lang='lat' dir='ltr'><strong>nontam</strong></span> <span class='ocrx_word' id='word_1_177' title='bbox 1879 2699 1881 2709; x_wconf 50' lang='grc'><strong><em>’</em></strong></span> 
     </span>
     <span class='ocr_line' id='line_1_19' title="bbox 219 2828 1807 2928; baseline 0.001 -24"><span class='ocrx_word' id='word_1_178' title='bbox 219 2829 432 2928; x_wconf 89' lang='lat' dir='ltr'><strong>discipulam</strong></span> <span class='ocrx_word' id='word_1_179' title='bbox 459 2828 592 2902; x_wconf 88' lang='lat' dir='ltr'><strong>habere</strong></span> <span class='ocrx_word' id='word_1_180' title='bbox 620 2853 728 2926; x_wconf 91' lang='lat' dir='ltr'><strong>quam</strong></span> <span class='ocrx_word' id='word_1_181' title='bbox 750 2828 922 2925; x_wconf 88' lang='lat' dir='ltr'><strong>judicem.</strong></span> <span class='ocrx_word' id='word_1_182' title='bbox 949 2857 967 2896; x_wconf 81' lang='lat' dir='ltr'><strong>u</strong></span> <span class='ocrx_word' id='word_1_183' title='bbox 998 2834 1151 2902; x_wconf 87' lang='lat' dir='ltr'><strong>Tantum</strong></span> <span class='ocrx_word' id='word_1_184' title='bbox 1176 2854 1220 2902; x_wconf 91' lang='lat' dir='ltr'><strong>eo</strong></span> <span class='ocrx_word' id='word_1_185' title='bbox 1246 2844 1409 2928; x_wconf 90' lang='lat' dir='ltr'><strong>tempore</strong></span> <span class='ocrx_word' id='word_1_186' title='bbox 1434 2831 1472 2901; x_wconf 93' lang='lat' dir='ltr'><strong>in</strong></span> <span class='ocrx_word' id='word_1_187' title='bbox 1492 2834 1623 2904; x_wconf 87' lang='lat' dir='ltr'><strong>sanctis</strong></span> <span class='ocrx_word' id='word_1_188' title='bbox 1646 2833 1807 2926; x_wconf 87' lang='lat' dir='ltr'><strong>feminis,</strong></span> 
     </span>
     <span class='ocr_line' id='line_1_20' title="bbox 218 2948 1810 3048; baseline 0.003 -26"><span class='ocrx_word' id='word_1_189' title='bbox 218 2951 314 3022; x_wconf 91' lang='lat' dir='ltr'><strong>sicut</strong></span> <span class='ocrx_word' id='word_1_190' title='bbox 336 2950 424 3021; x_wconf 91' lang='lat' dir='ltr'><strong>etin</strong></span> <span class='ocrx_word' id='word_1_191' title='bbox 442 2948 547 3039; x_wconf 85' lang='lat' dir='ltr'><strong>viris,</strong></span> <span class='ocrx_word' id='word_1_192' title='bbox 571 2948 731 3022; x_wconf 88' lang='lat' dir='ltr'><strong>studium</strong></span> <span class='ocrx_word' id='word_1_193' title='bbox 750 2948 907 3022; x_wconf 83' lang='lat' dir='ltr'><strong>fervebat</strong></span> <span class='ocrx_word' id='word_1_194' title='bbox 925 2949 1139 3042; x_wconf 90' lang='lat' dir='ltr'><strong>litterarum,</strong></span> <span class='ocrx_word' id='word_1_195' title='bbox 1163 2964 1202 3020; x_wconf 92' lang='lat' dir='ltr'><strong>nt</strong></span> <span class='ocrx_word' id='word_1_196' title='bbox 1221 2973 1447 3048; x_wconf 90' lang='lat' dir='ltr'><strong>nequaquam</strong></span> <span class='ocrx_word' id='word_1_197' title='bbox 1466 2973 1537 3023; x_wconf 87' lang='lat' dir='ltr'><strong>suae</strong></span> <span class='ocrx_word' id='word_1_198' title='bbox 1554 2952 1682 3048; x_wconf 86' lang='lat' dir='ltr'><strong>linguae</strong></span> <span class='ocrx_word' id='word_1_199' title='bbox 1705 2953 1810 3026; x_wconf 88' lang='lat' dir='ltr'><strong>disci-</strong></span> 
     </span>
     <span class='ocr_line' id='line_1_21' title="bbox 220 3069 1814 3170; baseline 0.004 -29"><span class='ocrx_word' id='word_1_200' title='bbox 220 3069 321 3168; x_wconf 90' lang='lat' dir='ltr'><strong>plina</strong></span> <span class='ocrx_word' id='word_1_201' title='bbox 339 3083 528 3161; x_wconf 84' lang='lat' dir='ltr'><strong>contentae,</strong></span> <span class='ocrx_word' id='word_1_202' title='bbox 545 3069 643 3170; x_wconf 89' lang='lat' dir='ltr'><strong>ipscs</strong></span> <span class='ocrx_word' id='word_1_203' title='bbox 662 3070 925 3169; x_wconf 88' lang='lat' dir='ltr'><strong>Scripturarum</strong></span> <span class='ocrx_word' id='word_1_204' title='bbox 938 3069 1094 3162; x_wconf 88' lang='lat' dir='ltr'><strong>rivulos,</strong></span> <span class='ocrx_word' id='word_1_205' title='bbox 1111 3094 1204 3168; x_wconf 89' lang='lat' dir='ltr'><strong>quus</strong></span> <span class='ocrx_word' id='word_1_206' title='bbox 1216 3069 1413 3163; x_wconf 84' lang='lat' dir='ltr'><strong>habebant,</strong></span> <span class='ocrx_word' id='word_1_207' title='bbox 1430 3069 1475 3142; x_wconf 86' lang='lat' dir='ltr'><strong>ab</strong></span> <span class='ocrx_word' id='word_1_208' title='bbox 1491 3073 1576 3170; x_wconf 90' lang='lat' dir='ltr'><strong>ipsis</strong></span> <span class='ocrx_word' id='word_1_209' title='bbox 1593 3073 1814 3170; x_wconf 91' lang='lat' dir='ltr'><strong>inquirerent</strong></span> 
     </span>
     <span class='ocr_line' id='line_1_22' title="bbox 222 3189 1815 3289; baseline 0.004 -27"><span class='ocrx_word' id='word_1_210' title='bbox 222 3189 404 3281; x_wconf 80' lang='lat' dir='ltr'><strong>fontibus3</strong></span> <span class='ocrx_word' id='word_1_211' title='bbox 426 3215 493 3262; x_wconf 91' lang='lat' dir='ltr'><strong>nec</strong></span> <span class='ocrx_word' id='word_1_212' title='bbox 509 3189 669 3289; x_wconf 89' lang='lat' dir='ltr'><strong>inopiam</strong></span> <span class='ocrx_word' id='word_1_213' title='bbox 688 3191 793 3263; x_wconf 70' lang='lat' dir='ltr'><strong>[tuuis</strong></span> <span class='ocrx_word' id='word_1_214' title='bbox 821 3189 948 3288; x_wconf 85' lang='lat' dir='ltr'><strong>linguae</strong></span> <span class='ocrx_word' id='word_1_215' title='bbox 971 3189 1038 3262; x_wconf 86' lang='lat' dir='ltr'><strong>sibi</strong></span> <span class='ocrx_word' id='word_1_216' title='bbox 1063 3190 1249 3263; x_wconf 88' lang='lat' dir='ltr'><strong>crederent</strong></span> <span class='ocrx_word' id='word_1_217' title='bbox 1271 3190 1444 3263; x_wconf 89' lang='lat' dir='ltr'><strong>sufficere.</strong></span> <span class='ocrx_word' id='word_1_218' title='bbox 1473 3191 1577 3264; x_wconf 91' lang='lat' dir='ltr'><strong>Unde</strong></span> <span class='ocrx_word' id='word_1_219' title='bbox 1597 3207 1632 3264; x_wconf 90' lang='lat' dir='ltr'><strong>et</strong></span> <span class='ocrx_word' id='word_1_220' title='bbox 1654 3194 1740 3266; x_wconf 92' lang='lat' dir='ltr'><strong>illud</strong></span> <span class='ocrx_word' id='word_1_221' title='bbox 1760 3212 1815 3269; x_wconf 90' lang='lat' dir='ltr'><strong>est·</strong></span> 
     </span>
     <span class='ocr_line' id='line_1_23' title="bbox 221 3311 1813 3410; baseline 0.004 -28"><span class='ocrx_word' id='word_1_222' title='bbox 221 3335 332 3410; x_wconf 88' lang='lat' dir='ltr'><strong>supra</strong></span> <span class='ocrx_word' id='word_1_223' title='bbox 356 3312 546 3384; x_wconf 89' lang='lat' dir='ltr'><strong>memorati</strong></span> <span class='ocrx_word' id='word_1_224' title='bbox 569 3311 726 3384; x_wconf 86' lang='lat' dir='ltr'><strong>doctoris</strong></span> <span class='ocrx_word' id='word_1_225' title='bbox 742 3311 790 3383; x_wconf 92' lang='lat' dir='ltr'><strong>ad</strong></span> <span class='ocrx_word' id='word_1_226' title='bbox 809 3312 953 3384; x_wconf 86' lang='lat' dir='ltr'><strong>Paulam</strong></span> <span class='ocrx_word' id='word_1_227' title='bbox 970 3312 1016 3384; x_wconf 89' lang='lat' dir='ltr'><strong>de</strong></span> <span class='ocrx_word' id='word_1_228' title='bbox 1036 3325 1152 3384; x_wconf 86' lang='lat' dir='ltr'><strong>morte</strong></span> <span class='ocrx_word' id='word_1_229' title='bbox 1172 3311 1316 3384; x_wconf 77' lang='lat' dir='ltr'><strong>Blesillae</strong></span> <span class='ocrx_word' id='word_1_230' title='bbox 1338 3311 1418 3384; x_wconf 81' lang='lat' dir='ltr'><strong>liliae</strong></span> <span class='ocrx_word' id='word_1_231' title='bbox 1436 3338 1506 3385; x_wconf 86' lang='lat' dir='ltr'><strong>suae</strong></span> <span class='ocrx_word' id='word_1_232' title='bbox 1520 3317 1550 3404; x_wconf 91' lang='lat'><strong>¹,</strong></span> <span class='ocrx_word' id='word_1_233' title='bbox 1572 3316 1621 3387; x_wconf 91' lang='lat' dir='ltr'><strong>sic</strong></span> <span class='ocrx_word' id='word_1_234' title='bbox 1640 3316 1732 3388; x_wconf 89' lang='lat' dir='ltr'><strong>inter</strong></span> <span class='ocrx_word' id='word_1_235' title='bbox 1747 3342 1813 3390; x_wconf 80' lang='lat' dir='ltr'><strong>cte-</strong></span> 
     </span>
     <span class='ocr_line' id='line_1_24' title="bbox 224 3431 1814 3530; baseline 0.004 -27"><span class='ocrx_word' id='word_1_236' title='bbox 224 3446 300 3504; x_wconf 90' lang='lat' dir='ltr'><strong>tera</strong></span> <span class='ocrx_word' id='word_1_237' title='bbox 314 3431 351 3501; x_wconf 94' lang='lat' dir='ltr'><strong>in</strong></span> <span class='ocrx_word' id='word_1_238' title='bbox 366 3431 441 3527; x_wconf 86' lang='lat' dir='ltr'><strong>ejus</strong></span> <span class='ocrx_word' id='word_1_239' title='bbox 452 3432 668 3530; x_wconf 79' lang='lat' dir='ltr'><strong>praecipuam</strong></span> <span class='ocrx_word' id='word_1_240' title='bbox 681 3431 825 3506; x_wconf 84' lang='lat' dir='ltr'><strong>laudem</strong></span> <span class='ocrx_word' id='word_1_241' title='bbox 845 3432 1050 3504; x_wconf 87' lang='lat' dir='ltr'><strong>scribentis:</strong></span> <span class='ocrx_word' id='word_1_242' title='bbox 1071 3462 1088 3500; x_wconf 77' lang='lat' dir='ltr'><strong>a</strong></span> <span class='ocrx_word' id='word_1_243' title='bbox 1104 3433 1283 3522; x_wconf 79' lang='lat' dir='ltr'><strong>Quissine</strong></span> <span class='ocrx_word' id='word_1_244' title='bbox 1294 3432 1505 3530; x_wconf 83' lang='lat' dir='ltr'><strong>singultibus</strong></span> <span class='ocrx_word' id='word_1_245' title='bbox 1519 3449 1674 3507; x_wconf 88' lang='lat' dir='ltr'><strong>transeat</strong></span> <span class='ocrx_word' id='word_1_246' title='bbox 1687 3439 1814 3510; x_wconf 90' lang='lat' dir='ltr'><strong>orandi</strong></span> 
     </span>
     <span class='ocr_line' id='line_1_25' title="bbox 223 3553 1815 3654; baseline 0.004 -29"><span class='ocrx_word' id='word_1_247' title='bbox 223 3553 452 3646; x_wconf 87' lang='lat' dir='ltr'><strong>instantiam,</strong></span> <span class='ocrx_word' id='word_1_248' title='bbox 481 3555 634 3626; x_wconf 87' lang='lat' dir='ltr'><strong>nitorem</strong></span> <span class='ocrx_word' id='word_1_249' title='bbox 656 3554 806 3652; x_wconf 81' lang='lat' dir='ltr'><strong>l‘mguae,</strong></span> <span class='ocrx_word' id='word_1_250' title='bbox 832 3555 1013 3627; x_wconf 86' lang='lat' dir='ltr'><strong>memoriae</strong></span> <span class='ocrx_word' id='word_1_251' title='bbox 1034 3555 1279 3646; x_wconf 72' lang='lat' dir='ltr'><strong>tenacitatem,</strong></span> <span class='ocrx_word' id='word_1_252' title='bbox 1302 3579 1453 3627; x_wconf 87' lang='lat' dir='ltr'><strong>acumen</strong></span> <span class='ocrx_word' id='word_1_253' title='bbox 1472 3555 1630 3652; x_wconf 83' lang='lat' dir='ltr'><strong>ingenii?</strong></span> <span class='ocrx_word' id='word_1_254' title='bbox 1650 3559 1685 3628; x_wconf 92' lang='lat' dir='ltr'><strong>Si</strong></span> <span class='ocrx_word' id='word_1_255' title='bbox 1704 3583 1815 3654; x_wconf 67' lang='lat' dir='ltr'><strong>graece</strong></span> 
     </span>
     <span class='ocr_line' id='line_1_26' title="bbox 225 3675 1814 3776; baseline 0.004 -31"><span class='ocrx_word' id='word_1_256' title='bbox 225 3675 437 3772; x_wconf 86' lang='lat' dir='ltr'><strong>loquentem</strong></span> <span class='ocrx_word' id='word_1_257' title='bbox 454 3675 632 3766; x_wconf 85' lang='lat' dir='ltr'><strong>audisses,</strong></span> <span class='ocrx_word' id='word_1_258' title='bbox 652 3675 761 3748; x_wconf 86' lang='lat' dir='ltr'><strong>latine</strong></span> <span class='ocrx_word' id='word_1_259' title='bbox 782 3699 861 3748; x_wconf 87' lang='lat' dir='ltr'><strong>earn</strong></span> <span class='ocrx_word' id='word_1_260' title='bbox 882 3676 1019 3749; x_wconf 89' lang='lat' dir='ltr'><strong>nescire</strong></span> <span class='ocrx_word' id='word_1_261' title='bbox 1041 3691 1196 3774; x_wconf 86' lang='lat' dir='ltr'><strong>putares.</strong></span> <span class='ocrx_word' id='word_1_262' title='bbox 1217 3677 1252 3745; x_wconf 93' lang='lat' dir='ltr'><strong>Si</strong></span> <span class='ocrx_word' id='word_1_263' title='bbox 1271 3677 1307 3746; x_wconf 92' lang='lat' dir='ltr'><strong>in</strong></span> <span class='ocrx_word' id='word_1_264' title='bbox 1326 3700 1517 3747; x_wconf 88' lang='lat' dir='ltr'><strong>romanum</strong></span> <span class='ocrx_word' id='word_1_265' title='bbox 1546 3702 1677 3750; x_wconf 92' lang='lat' dir='ltr'><strong>sonum</strong></span> <span class='ocrx_word' id='word_1_266' title='bbox 1696 3678 1814 3776; x_wconf 87' lang='lat' dir='ltr'><strong>lingna</strong></span> 
     </span>
    </p>
   </div>
   <div class='ocr_carea' id='block_1_3' title="bbox 2252 0 2266 1828">
    <p class='ocr_par' dir='ltr' id='par_1_3' title="bbox 2252 0 2266 1828">
     <span class='ocr_line' id='line_1_27' title="bbox 2252 0 2266 1828; baseline 0 0"><span class='ocrx_word' id='word_1_267' title='bbox 2252 0 2266 1828; x_wconf 95' lang='lat' dir='ltr'><strong> </strong></span> 
     </span>
    </p>
   </div>
   <div class='ocr_carea' id='block_1_4' title="bbox 226 3793 1939 3898">
    <p class='ocr_par' dir='ltr' id='par_1_4' title="bbox 226 3793 1939 3898">
     <span class='ocr_line' id='line_1_28' title="bbox 226 3793 1939 3898; baseline 0.004 -31"><span class='ocrx_word' id='word_1_268' title='bbox 226 3820 265 3868; x_wconf 90' lang='lat' dir='ltr'><strong>se</strong></span> <span class='ocrx_word' id='word_1_269' title='bbox 280 3810 451 3888; x_wconf 85' lang='lat' dir='ltr'><strong>verteret,</strong></span> <span class='ocrx_word' id='word_1_270' title='bbox 469 3795 559 3870; x_wconf 89' lang='lat' dir='ltr'><strong>nihil</strong></span> <span class='ocrx_word' id='word_1_271' title='bbox 571 3797 726 3869; x_wconf 51' lang='lat' dir='ltr'><strong>omnino¹</strong></span> <span class='ocrx_word' id='word_1_272' title='bbox 741 3795 918 3894; x_wconf 89' lang='lat' dir='ltr'><strong>peregrini</strong></span> <span class='ocrx_word' id='word_1_273' title='bbox 936 3819 1054 3867; x_wconf 90' lang='lat' dir='ltr'><strong>sermo</strong></span> <span class='ocrx_word' id='word_1_274' title='bbox 1072 3793 1268 3866; x_wconf 90' lang='lat' dir='ltr'><strong>redolebat.</strong></span> <span class='ocrx_word' id='word_1_275' title='bbox 1288 3799 1366 3866; x_wconf 86' lang='lat' dir='ltr'><strong>lam</strong></span> <span class='ocrx_word' id='word_1_276' title='bbox 1378 3821 1476 3888; x_wconf 90' lang='lat' dir='ltr'><strong>vero,</strong></span> <span class='ocrx_word' id='word_1_277' title='bbox 1494 3797 1593 3896; x_wconf 90' lang='lat' dir='ltr'><strong>quod</strong></span> <span class='ocrx_word' id='word_1_278' title='bbox 1611 3800 1648 3870; x_wconf 91' lang='lat' dir='ltr'><strong>in</strong></span> <span class='ocrx_word' id='word_1_279' title='bbox 1663 3801 1817 3898; x_wconf 84' lang='lat' dir='ltr'><strong>Origene</strong></span> <span class='ocrx_word' id='word_1_280' title='bbox 1932 3805 1939 3816; x_wconf 91' lang='lat'><em>&#39;</em></span> 
     </span>
    </p>
   </div>
   <div class='ocr_carea' id='block_1_5' title="bbox 227 3914 1823 4497">
    <p class='ocr_par' dir='ltr' id='par_1_5' title="bbox 227 3914 1823 4497">
     <span class='ocr_line' id='line_1_29' title="bbox 227 3914 1815 4014; baseline 0.003 -27"><span class='ocrx_word' id='word_1_281' title='bbox 227 3941 380 4014; x_wconf 79' lang='lat' dir='ltr'><strong>quoque.</strong></span> <span class='ocrx_word' id='word_1_282' title='bbox 397 3915 458 3988; x_wconf 92' lang='lat' dir='ltr'><strong>illo</strong></span> <span class='ocrx_word' id='word_1_283' title='bbox 478 3917 613 3990; x_wconf 83' lang='lat' dir='ltr'><strong>Graecia</strong></span> <span class='ocrx_word' id='word_1_284' title='bbox 632 3932 706 3988; x_wconf 89' lang='lat' dir='ltr'><strong>tota</strong></span> <span class='ocrx_word' id='word_1_285' title='bbox 728 3917 897 4005; x_wconf 87' lang='lat' dir='ltr'><strong>miratur,</strong></span> <span class='ocrx_word' id='word_1_286' title='bbox 922 3915 958 3986; x_wconf 92' lang='lat' dir='ltr'><strong>in</strong></span> <span class='ocrx_word' id='word_1_287' title='bbox 981 3915 1105 4014; x_wconf 84' lang='lat' dir='ltr'><strong>paucis</strong></span> <span class='ocrx_word' id='word_1_288' title='bbox 1126 3937 1201 3984; x_wconf 91' lang='lat' dir='ltr'><strong>non</strong></span> <span class='ocrx_word' id='word_1_289' title='bbox 1221 3914 1338 3985; x_wconf 88' lang='lat' dir='ltr'><strong>dicam</strong></span> <span class='ocrx_word' id='word_1_290' title='bbox 1357 3915 1561 4006; x_wconf 86' lang='lat' dir='ltr'><strong>mensibus,</strong></span> <span class='ocrx_word' id='word_1_291' title='bbox 1587 3919 1649 3990; x_wconf 89' lang='lat' dir='ltr'><strong>sed</strong></span> <span class='ocrx_word' id='word_1_292' title='bbox 1668 3919 1815 4012; x_wconf 89' lang='lat' dir='ltr'><strong>diebus,</strong></span> 
     </span>
     <span class='ocr_line' id='line_1_30' title="bbox 229 4031 1818 4136; baseline 0.003 -26"><span class='ocrx_word' id='word_1_293' title='bbox 229 4037 276 4110; x_wconf 87' lang='lat' dir='ltr'><strong>ita</strong></span> <span class='ocrx_word' id='word_1_294' title='bbox 294 4036 436 4110; x_wconf 88' lang='lat' dir='ltr'><strong>hebreae</strong></span> <span class='ocrx_word' id='word_1_295' title='bbox 458 4037 586 4135; x_wconf 87' lang='lat' dir='ltr'><strong>linguae</strong></span> <span class='ocrx_word' id='word_1_296' title='bbox 605 4038 738 4110; x_wconf 83' lang='lat' dir='ltr'><strong>vicerat</strong></span> <span class='ocrx_word' id='word_1_297' title='bbox 751 4035 997 4125; x_wconf 86' lang='lat' dir='ltr'><strong>difficultates,</strong></span> <span class='ocrx_word' id='word_1_298' title='bbox 1018 4048 1059 4105; x_wconf 90' lang='lat' dir='ltr'><strong>ut</strong></span> <span class='ocrx_word' id='word_1_299' title='bbox 1071 4034 1110 4104; x_wconf 90' lang='lat' dir='ltr'><strong>in</strong></span> <span class='ocrx_word' id='word_1_300' title='bbox 1131 4031 1311 4105; x_wconf 91' lang='lat' dir='ltr'><strong>discendis</strong></span> <span class='ocrx_word' id='word_1_301' title='bbox 1328 4035 1570 4134; x_wconf 86' lang='lat' dir='ltr'><strong>canendisque</strong></span> <span class='ocrx_word' id='word_1_302' title='bbox 1580 4037 1724 4136; x_wconf 85' lang='lat' dir='ltr'><strong>psalmis</strong></span> <span class='ocrx_word' id='word_1_303' title='bbox 1736 4065 1818 4114; x_wconf 90' lang='lat' dir='ltr'><strong>cum</strong></span> 
     </span>
     <span class='ocr_line' id='line_1_31' title="bbox 229 4151 1817 4256; baseline 0.003 -27"><span class='ocrx_word' id='word_1_304' title='bbox 229 4173 344 4230; x_wconf 88' lang='lat' dir='ltr'><strong>matre</strong></span> <span class='ocrx_word' id='word_1_305' title='bbox 370 4157 616 4232; x_wconf 86' lang='lat' dir='ltr'><strong>contenderet.</strong></span> <span class='ocrx_word' id='word_1_306' title='bbox 640 4161 793 4256; x_wconf 82' lang='lat' dir='ltr'><strong>»Ipsam</strong></span> <span class='ocrx_word' id='word_1_307' title='bbox 821 4157 954 4256; x_wconf 90' lang='lat' dir='ltr'><strong>quippe</strong></span> <span class='ocrx_word' id='word_1_308' title='bbox 981 4170 1131 4230; x_wconf 86' lang='lat' dir='ltr'><strong>matrem</strong></span> <span class='ocrx_word' id='word_1_309' title='bbox 1149 4154 1224 4250; x_wconf 86' lang='lat' dir='ltr'><strong>ejus</strong></span> <span class='ocrx_word' id='word_1_310' title='bbox 1246 4151 1411 4244; x_wconf 87' lang='lat' dir='ltr'><strong>Paulam,</strong></span> <span class='ocrx_word' id='word_1_311' title='bbox 1433 4179 1593 4227; x_wconf 89' lang='lat' dir='ltr'><strong>necnon</strong></span> <span class='ocrx_word' id='word_1_312' title='bbox 1616 4173 1653 4229; x_wconf 90' lang='lat' dir='ltr'><strong>et</strong></span> <span class='ocrx_word' id='word_1_313' title='bbox 1671 4159 1817 4233; x_wconf 90' lang='lat' dir='ltr'><strong>alteram</strong></span> 
     </span>
     <span class='ocr_line' id='line_1_32' title="bbox 229 4273 1818 4378; baseline 0.001 -28"><span class='ocrx_word' id='word_1_314' title='bbox 229 4279 341 4378; x_wconf 90' lang='lat' dir='ltr'><strong>ipsius</strong></span> <span class='ocrx_word' id='word_1_315' title='bbox 371 4277 481 4352; x_wconf 84' lang='lat' dir='ltr'><strong>filiam</strong></span> <span class='ocrx_word' id='word_1_316' title='bbox 510 4277 743 4350; x_wconf 85' lang='lat' dir='ltr'><strong>Eustochium</strong></span> <span class='ocrx_word' id='word_1_317' title='bbox 765 4278 938 4374; x_wconf 88' lang='lat' dir='ltr'><strong>virginem</strong></span> <span class='ocrx_word' id='word_1_318' title='bbox 959 4279 1036 4348; x_wconf 90' lang='lat' dir='ltr'><strong>Deo</strong></span> <span class='ocrx_word' id='word_1_319' title='bbox 1056 4274 1232 4365; x_wconf 83' lang='lat' dir='ltr'><strong>dicatam,</strong></span> <span class='ocrx_word' id='word_1_320' title='bbox 1262 4275 1299 4345; x_wconf 90' lang='lat' dir='ltr'><strong>in</strong></span> <span class='ocrx_word' id='word_1_321' title='bbox 1337 4273 1466 4347; x_wconf 90' lang='lat' dir='ltr'><strong>eodem</strong></span> <span class='ocrx_word' id='word_1_322' title='bbox 1484 4277 1602 4347; x_wconf 89' lang='lat' dir='ltr'><strong>studio</strong></span> <span class='ocrx_word' id='word_1_323' title='bbox 1622 4277 1818 4352; x_wconf 89' lang='lat' dir='ltr'><strong>litterarum</strong></span> 
     </span>
     <span class='ocr_line' id='line_1_33' title="bbox 229 4394 1823 4497; baseline 0 -24"><span class='ocrx_word' id='word_1_324' title='bbox 229 4415 339 4497; x_wconf 89' lang='lat' dir='ltr'><strong>atque</strong></span> <span class='ocrx_word' id='word_1_325' title='bbox 366 4398 568 4495; x_wconf 83' lang='lat' dir='ltr'><strong>linguarum</strong></span> <span class='ocrx_word' id='word_1_326' title='bbox 598 4423 673 4472; x_wconf 90' lang='lat' dir='ltr'><strong>non</strong></span> <span class='ocrx_word' id='word_1_327' title='bbox 702 4398 828 4470; x_wconf 86' lang='lat' dir='ltr'><strong>minus</strong></span> <span class='ocrx_word' id='word_1_328' title='bbox 848 4411 1038 4495; x_wconf 87' lang='lat' dir='ltr'><strong>occupatas</strong></span> <span class='ocrx_word' id='word_1_329' title='bbox 1059 4420 1155 4486; x_wconf 89' lang='lat' dir='ltr'><strong>esse,</strong></span> <span class='ocrx_word' id='word_1_330' title='bbox 1184 4394 1280 4467; x_wconf 89' lang='lat' dir='ltr'><strong>idem</strong></span> <span class='ocrx_word' id='word_1_331' title='bbox 1310 4419 1385 4467; x_wconf 88' lang='lat' dir='ltr'><strong>non</strong></span> <span class='ocrx_word' id='word_1_332' title='bbox 1411 4398 1568 4494; x_wconf 87' lang='lat' dir='ltr'><strong>praeterit</strong></span> <span class='ocrx_word' id='word_1_333' title='bbox 1594 4397 1733 4471; x_wconf 88' lang='lat' dir='ltr'><strong>doctor.</strong></span> <span class='ocrx_word' id='word_1_334' title='bbox 1766 4405 1823 4475; x_wconf 88' lang='lat' dir='ltr'><strong>Sic</strong></span> 
     </span>
    </p>
   </div>
   <div class='ocr_carea' id='block_1_6' title="bbox 228 4507 1939 4618">
    <p class='ocr_par' dir='ltr' id='par_1_6' title="bbox 228 4507 1939 4618">
     <span class='ocr_line' id='line_1_34' title="bbox 228 4507 1939 4618; baseline 0.001 -26"><span class='ocrx_word' id='word_1_335' title='bbox 228 4521 368 4618; x_wconf 92' lang='lat' dir='ltr'><strong>qnippe</strong></span> <span class='ocrx_word' id='word_1_336' title='bbox 386 4518 432 4591; x_wconf 85' lang='lat' dir='ltr'><strong>de</strong></span> <span class='ocrx_word' id='word_1_337' title='bbox 448 4518 505 4590; x_wconf 91' lang='lat' dir='ltr'><strong>his</strong></span> <span class='ocrx_word' id='word_1_338' title='bbox 522 4531 806 4608; x_wconf 87' lang='lat' dir='ltr'><strong>commemorat,</strong></span> <span class='ocrx_word' id='word_1_339' title='bbox 829 4519 940 4589; x_wconf 87' lang='lat' dir='ltr'><strong>vitam</strong></span> <span class='ocrx_word' id='word_1_340' title='bbox 957 4517 1067 4615; x_wconf 89' lang='lat' dir='ltr'><strong>ipsius</strong></span> <span class='ocrx_word' id='word_1_341' title='bbox 1087 4514 1203 4588; x_wconf 79' lang='lat' dir='ltr'><strong>Paulae</strong></span> <span class='ocrx_word' id='word_1_342' title='bbox 1220 4515 1400 4605; x_wconf 88' lang='lat' dir='ltr'><strong>scribens,</strong></span> <span class='ocrx_word' id='word_1_343' title='bbox 1421 4530 1456 4588; x_wconf 90' lang='lat' dir='ltr'><strong>et</strong></span> <span class='ocrx_word' id='word_1_344' title='bbox 1476 4516 1523 4589; x_wconf 91' lang='lat' dir='ltr'><strong>de</strong></span> <span class='ocrx_word' id='word_1_345' title='bbox 1541 4518 1616 4617; x_wconf 89' lang='lat' dir='ltr'><strong>ipsa</strong></span> <span class='ocrx_word' id='word_1_346' title='bbox 1640 4520 1762 4594; x_wconf 85' lang='lat' dir='ltr'><strong>dicens</strong></span> <span class='ocrx_word' id='word_1_347' title='bbox 1779 4527 1790 4560; x_wconf 82' lang='lat'>²</span> <span class='ocrx_word' id='word_1_348' title='bbox 1812 4553 1818 4593; x_wconf 96' lang='lat'><strong>:</strong></span> <span class='ocrx_word' id='word_1_349' title='bbox 1936 4507 1939 4517; x_wconf 44' lang='lat'>¹</span> 
     </span>
    </p>
   </div>
   <div class='ocr_carea' id='block_1_7' title="bbox 222 4635 1834 5098">
    <p class='ocr_par' dir='ltr' id='par_1_7' title="bbox 222 4635 1834 5098">
     <span class='ocr_line' id='line_1_35' title="bbox 230 4635 1818 4742; baseline 0.003 -32"><span class='ocrx_word' id='word_1_350' title='bbox 230 4673 253 4711; x_wconf 77' lang='lat' dir='ltr'><strong>a</strong></span> <span class='ocrx_word' id='word_1_351' title='bbox 274 4640 370 4712; x_wconf 89' lang='lat' dir='ltr'><strong>Nihil</strong></span> <span class='ocrx_word' id='word_1_352' title='bbox 391 4641 535 4737; x_wconf 88' lang='lat' dir='ltr'><strong>ingenio</strong></span> <span class='ocrx_word' id='word_1_353' title='bbox 553 4639 629 4735; x_wconf 87' lang='lat' dir='ltr'><strong>ejus</strong></span> <span class='ocrx_word' id='word_1_354' title='bbox 649 4639 811 4710; x_wconf 89' lang='lat' dir='ltr'><strong>docilius.</strong></span> <span class='ocrx_word' id='word_1_355' title='bbox 835 4636 951 4709; x_wconf 78' lang='lat' dir='ltr'><strong>Tarda</strong></span> <span class='ocrx_word' id='word_1_356' title='bbox 968 4651 1044 4708; x_wconf 86' lang='lat' dir='ltr'><strong>erat</strong></span> <span class='ocrx_word' id='word_1_357' title='bbox 1060 4635 1373 4734; x_wconf 87' lang='lat' dir='ltr'><strong>adloquendum,</strong></span> <span class='ocrx_word' id='word_1_358' title='bbox 1393 4635 1503 4709; x_wconf 82' lang='lat' dir='ltr'><strong>velox·</strong></span> <span class='ocrx_word' id='word_1_359' title='bbox 1516 4637 1563 4709; x_wconf 86' lang='lat' dir='ltr'><strong>ad</strong></span> <span class='ocrx_word' id='word_1_360' title='bbox 1587 4639 1818 4742; x_wconf 87' lang='lat' dir='ltr'><strong>audiendum.</strong></span> 
     </span>
     <span class='ocr_line' id='line_1_36' title="bbox 225 4755 1825 4860; baseline 0.001 -26"><span class='ocrx_word' id='word_1_361' title='bbox 225 4765 374 4834; x_wconf 80' lang='lat' dir='ltr'><strong>Memor</strong></span> <span class='ocrx_word' id='word_1_362' title='bbox 390 4759 485 4832; x_wconf 88' lang='lat' dir='ltr'><strong>illius</strong></span> <span class='ocrx_word' id='word_1_363' title='bbox 501 4760 669 4860; x_wconf 67' lang='lat' dir='ltr'><strong>precepti</strong></span> <span class='ocrx_word' id='word_1_364' title='bbox 683 4763 694 4798; x_wconf 80' lang='lat'><strong>³</strong></span> <span class='ocrx_word' id='word_1_365' title='bbox 710 4787 718 4830; x_wconf 76' lang='grc' dir='ltr'><strong>ι</strong></span> <span class='ocrx_word' id='word_1_366' title='bbox 738 4788 756 4828; x_wconf 78' lang='grc' dir='ltr'>κ</span> <span class='ocrx_word' id='word_1_367' title='bbox 770 4757 875 4849; x_wconf 79' lang='lat' dir='ltr'><strong>Audi,</strong></span> <span class='ocrx_word' id='word_1_368' title='bbox 895 4756 1076 4847; x_wconf 78' lang='lat' dir='ltr'><strong>lsrael,.et</strong></span> <span class='ocrx_word' id='word_1_369' title='bbox 1085 4771 1183 4847; x_wconf 89' lang='lat' dir='ltr'><strong>tace,</strong></span> <span class='ocrx_word' id='word_1_370' title='bbox 1201 4785 1220 4825; x_wconf 80' lang='lat' dir='ltr'><strong>r</strong></span> <span class='ocrx_word' id='word_1_371' title='bbox 1240 4755 1430 4856; x_wconf 87' lang='lat' dir='ltr'><strong>scripturas</strong></span> <span class='ocrx_word' id='word_1_372' title='bbox 1444 4771 1582 4830; x_wconf 88' lang='lat' dir='ltr'><strong>sanctas</strong></span> <span class='ocrx_word' id='word_1_373' title='bbox 1599 4760 1744 4834; x_wconf 79' lang='lat' dir='ltr'><strong>tenebat</strong></span> <span class='ocrx_word' id='word_1_374' title='bbox 1755 4787 1825 4836; x_wconf 88' lang='lat' dir='ltr'><strong>me·</strong></span> 
     </span>
     <span class='ocr_line' id='line_1_37' title="bbox 224 4879 1826 4978; baseline 0.001 -25"><span class='ocrx_word' id='word_1_375' title='bbox 224 4882 397 4953; x_wconf 87' lang='lat' dir='ltr'><strong>moriter.</strong></span> <span class='ocrx_word' id='word_1_376' title='bbox 418 4881 582 4978; x_wconf 90' lang='lat' dir='ltr'><strong>Denique</strong></span> <span class='ocrx_word' id='word_1_377' title='bbox 595 4879 770 4978; x_wconf 90' lang='lat' dir='ltr'><strong>compulit</strong></span> <span class='ocrx_word' id='word_1_378' title='bbox 784 4903 842 4950; x_wconf 90' lang='lat' dir='ltr'><strong>me</strong></span> <span class='ocrx_word' id='word_1_379' title='bbox 857 4931 866 4970; x_wconf 90' lang='lat'><strong>,</strong></span> <span class='ocrx_word' id='word_1_380' title='bbox 883 4891 922 4950; x_wconf 92' lang='lat' dir='ltr'><strong>ut</strong></span> <span class='ocrx_word' id='word_1_381' title='bbox 938 4881 1097 4951; x_wconf 83' lang='lat' dir='ltr'><strong>Vetus-et</strong></span> <span class='ocrx_word' id='word_1_382' title='bbox 1109 4881 1250 4949; x_wconf 81' lang='lat' dir='ltr'><strong>Novum</strong></span> <span class='ocrx_word' id='word_1_383' title='bbox 1262 4881 1542 4950; x_wconf 83' lang='lat' dir='ltr'><strong>lustramentum</strong></span> <span class='ocrx_word' id='word_1_384' title='bbox 1559 4904 1642 4952; x_wconf 87' lang='lat' dir='ltr'><strong>curn</strong></span> <span class='ocrx_word' id='word_1_385' title='bbox 1658 4881 1746 4973; x_wconf 83' lang='lat' dir='ltr'><strong>filia,</strong></span> <span class='ocrx_word' id='word_1_386' title='bbox 1768 4909 1826 4956; x_wconf 89' lang='lat' dir='ltr'><strong>me</strong></span> 
     </span>
     <span class='ocr_line' id='line_1_38' title="bbox 222 4996 1834 5098; baseline 0 -23"><span class='ocrx_word' id='word_1_387' title='bbox 222 5001 453 5092; x_wconf 88' lang='lat' dir='ltr'><strong>disserente,</strong></span> <span class='ocrx_word' id='word_1_388' title='bbox 473 4998 682 5098; x_wconf 88' lang='lat' dir='ltr'><strong>perlegeret.</strong></span> <span class='ocrx_word' id='word_1_389' title='bbox 697 4998 806 5086; x_wconf 91' lang='lat' dir='ltr'><strong>Quod</strong></span> <span class='ocrx_word' id='word_1_390' title='bbox 822 5011 969 5097; x_wconf 85' lang='lat' dir='ltr'><strong>propter</strong></span> <span class='ocrx_word' id='word_1_391' title='bbox 982 4996 1234 5070; x_wconf 86' lang='lat' dir='ltr'><strong>verecundiam</strong></span> <span class='ocrx_word' id='word_1_392' title='bbox 1250 5020 1402 5094; x_wconf 85' lang='lat' dir='ltr'><strong>negans,</strong></span> <span class='ocrx_word' id='word_1_393' title='bbox 1422 5013 1569 5097; x_wconf 90' lang='lat' dir='ltr'><strong>propter</strong></span> <span class='ocrx_word' id='word_1_394' title='bbox 1586 5000 1834 5075; x_wconf 88' lang='lat' dir='ltr'><strong>assiduitatem</strong></span> 
     </span>
    </p>
   </div>
   <div class='ocr_carea' id='block_1_8' title="bbox 275 5243 1712 5346">
    <p class='ocr_par' dir='ltr' id='par_1_8' title="bbox 275 5243 1712 5346">
     <span class='ocr_line' id='line_1_39' title="bbox 275 5243 1712 5346; baseline 0.002 -20"><span class='ocrx_word' id='word_1_395' title='bbox 275 5277 283 5304; x_wconf 82' lang='lat'><strong>¹</strong></span> <span class='ocrx_word' id='word_1_396' title='bbox 304 5277 381 5343; x_wconf 83' lang='lat' dir='ltr'><strong>Epist.</strong></span> <span class='ocrx_word' id='word_1_397' title='bbox 397 5293 453 5328; x_wconf 80' lang='lat' dir='ltr'><strong>un</strong></span> <span class='ocrx_word' id='word_1_398' title='bbox 483 5279 544 5342; x_wconf 79' lang='lat' dir='ltr'><strong>opp.</strong></span> <span class='ocrx_word' id='word_1_399' title='bbox 562 5287 580 5329; x_wconf 88' lang='lat' dir='ltr'><strong>t.</strong></span> <span class='ocrx_word' id='word_1_400' title='bbox 595 5277 635 5340; x_wconf 78' lang='lat' dir='ltr'><strong>tt,</strong></span> <span class='ocrx_word' id='word_1_401' title='bbox 645 5277 692 5329; x_wconf 88' lang='lat' dir='ltr'><strong>cul.</strong></span> <span class='ocrx_word' id='word_1_402' title='bbox 705 5279 745 5328; x_wconf 70' lang='lat' dir='ltr'><strong>tt.</strong></span> <span class='ocrx_word' id='word_1_403' title='bbox 762 5305 785 5315; x_wconf 92' lang='lat'>-</span> <span class='ocrx_word' id='word_1_404' title='bbox 798 5243 896 5344; x_wconf 72' lang='lat' dir='ltr'><strong>&#39;Epiro</strong></span> <span class='ocrx_word' id='word_1_405' title='bbox 915 5292 1020 5337; x_wconf 71' lang='lat' dir='ltr'><strong>aaran,</strong></span> <span class='ocrx_word' id='word_1_406' title='bbox 1034 5263 1095 5340; x_wconf 73' lang='grc' dir='ltr'><strong>Ορρ.</strong></span> <span class='ocrx_word' id='word_1_407' title='bbox 1106 5286 1123 5327; x_wconf 92' lang='lat' dir='ltr'><strong>t.</strong></span> <span class='ocrx_word' id='word_1_408' title='bbox 1141 5274 1181 5337; x_wconf 88' lang='lat' dir='ltr'><strong>lV,</strong></span> <span class='ocrx_word' id='word_1_409' title='bbox 1195 5275 1242 5327; x_wconf 88' lang='lat' dir='ltr'><strong>col.</strong></span> <span class='ocrx_word' id='word_1_410' title='bbox 1256 5276 1358 5327; x_wconf 76' lang='lat' dir='ltr'><strong>tto-</strong></span> <span class='ocrx_word' id='word_1_411' title='bbox 1372 5275 1453 5339; x_wconf 70' lang='grc' dir='ltr'><strong>Ἰού,</strong></span> <span class='ocrx_word' id='word_1_412' title='bbox 1466 5292 1520 5346; x_wconf 85' lang='lat' dir='ltr'><strong>cap.</strong></span> <span class='ocrx_word' id='word_1_413' title='bbox 1535 5292 1626 5341; x_wconf 80' lang='lat' dir='ltr'><strong>xxxru,</strong></span> <span class='ocrx_word' id='word_1_414' title='bbox 1638 5293 1662 5328; x_wconf 83' lang='grc' dir='ltr'><strong>ν.</strong></span> <span class='ocrx_word' id='word_1_415' title='bbox 1673 5281 1712 5329; x_wconf 76' lang='lat' dir='ltr'><strong>tt.</strong></span> 
     </span>
    </p>
   </div>
   <div class='ocr_carea' id='block_1_9' title="bbox 0 0 2286 6100">
    <p class='ocr_par' dir='ltr' id='par_1_9' title="bbox 0 0 2286 6100">
     <span class='ocr_line' id='line_1_40' title="bbox 0 0 2286 6100; baseline 0 0"><span class='ocrx_word' id='word_1_416' title='bbox 0 0 2286 6100; x_wconf 95' lang='lat' dir='ltr'><strong> </strong></span> 
     </span>
    </p>
   </div>
  </div>
 </body>
</html>
