4486 6100
582 601 671 673 CUM
697 604 825 674 PETRI
852 603 1088 675 ABAELant
1111 603 1437 676 SOLUTlONlBUS.
1493 645 1496 652 ·
1734 607 1806 677 287

222 743 384 842 lapsioris
404 741 483 812 vitae
501 755 574 832 est,
596 741 764 815 deseruit.
787 744 936 841 Reptilia
954 769 1038 815 vero
1049 799 1059 834 ,
1075 769 1153 841 quae
1166 759 1242 815 toto
1266 769 1417 842 corpore
1431 746 1467 814 in
1487 746 1560 815 imo
1581 745 1723 840 jacent,
1745 772 1812 816 nec

221 889 258 936 sc
284 862 458 933 ullatenus
476 863 609 956 erigere
627 847 798 957 possunt,
820 862 965 960 reprobi
990 879 1072 934 sunt
1094 864 1242 934 terrenis
1260 863 1442 935 desideriis
1460 867 1602 961 penitus
1616 881 1808 950 vacantes,

222 999 256 1054 ct
277 984 313 1053 in
341 979 523 1080 profundo
543 981 711 1052 vitiorum
737 998 1011 1054 commorantes.
1031 987 1084 1054 De
1100 983 1265 1080 qualibus
1285 983 1455 1080 scriptum
1474 998 1527 1054 est
1542 988 1574 1052 ¹:
1609 1013 1627 1050 a
1644 988 1813 1056 Peccator

221 1126 334 1200 quum
354 1101 392 1170 in
409 1099 629 1198 profundum
644 1101 812 1172 vitiorum
828 1095 984 1200 venerit,
1001 1104 1211 1174 contemnit.
1229 1131 1247 1170 u
1266 1102 1369 1173 Unde
1385 1126 1452 1172 nec
1469 1103 1585 1198 pisces
1598 1126 1757 1198 unquam
1778 1105 1814 1174 in

228 1220 402 1294 sacrificio
415 1221 482 1290 Dei
504 1221 663 1318 permissi
682 1235 765 1292 sunt
782 1221 913 1293 offerri.
932 1224 1038 1292 Recte
1056 1221 1162 1316 igitur
1186 1219 1387 1292 volatilibus
1400 1235 1539 1293 tantum
1558 1235 1593 1290 et
1611 1219 1812 1316 gressilibus

223 1325 465 1412 animantibus
482 1339 518 1409 in
536 1339 741 1437 paradisum
759 1341 941 1431 adductis,
960 1366 1035 1412 non
1055 1342 1162 1412 etiam
1181 1339 1380 1438 reptilibus,
1400 1340 1510 1411 Adam
1527 1341 1675 1412 nomina
1693 1342 1811 1438 impo-

109 1465 113 1472 '
223 1460 333 1532 suisse
353 1458 511 1530 dicitur:
543 1460 626 1554 quia
651 1459 696 1531 de
725 1475 801 1531 toto
830 1463 1011 1559 praesentis
1035 1461 1198 1554 Ecclesiae
1221 1459 1378 1558 populo,
1405 1461 1441 1530 ir'r
1471 1484 1542 1556 qua
1561 1461 1676 1556 granis
1703 1460 1811 1557 paleae

222 1579 341 1652 adbuc
369 1594 453 1650 sunt
477 1580 678 1676 permixta,
707 1580 774 1652 soli
794 1582 1036 1672 continentes,
1062 1595 1098 1652 et
1122 1580 1208 1652 boni
1236 1581 1417 1676 conjugati
1440 1580 1486 1651 ad
1509 1604 1634 1651 verum
1659 1581 1809 1652 coelestis

220 1700 342 1798 patriae
360 1697 565 1796 paradisum
582 1715 665 1770 sunt
682 1701 908 1795 perventuri,
924 1716 959 1772 et
976 1702 1041 1772 Dei
1055 1701 1243 1772 vocatione
1261 1699 1359 1797 digni
1377 1727 1384 1770 :
1407 1725 1563 1797 quorum
1576 1699 1723 1771 nomina
1732 1701 1806 1795 jam

221 1819 259 1888 in
285 1816 377 1887 libro
394 1817 474 1888 vitae
494 1834 577 1890 sunt
590 1820 730 1915 scripta.
757 1823 810 1890 Dc
832 1845 904 1917 qua
924 1820 1070 1918 quidem
1093 1820 1281 1892 vocatione
1307 1820 1389 1908 Dei,
1406 1817 1508 1915 ,illud
1528 1833 1581 1889 cst
1605 1819 1762 1914 Apostoli
1775 1823 1805 1888 ²:

224 1966 242 2003 α
263 1930 363 2023 Q'uos
392 1953 512 2008 autem
539 1937 821 2034 praedestinavit,
851 1939 922 2009 hoc
947 1954 982 2010 et
1008 1939 1170 2028 vocavit3
1196 1954 1232 2010 et
1250 1964 1341 2036 quos
1363 1939 1523 2028 vocavit,
1551 1935 1629 2008 illos
1650 1953 1685 2008 et
1705 1940 1807 2032 justi·

221 2055 352 2128 ficavit.
372 2085 390 2121 »
1657 2043 1661 2056 ’

782 2229 962 2276 PROBLEMA
987 2229 1152 2277 HELOISSAE
1174 2230 1243 2276 XLI.

271 2365 470 2451 Quaerimus
482 2364 561 2460 quis
573 2365 660 2436 illud
672 2364 848 2437 addiderit
860 2367 897 2438 in
912 2365 983 2436 line
1002 2367 1267 2437 Deuteronomii
1276 2367 1298 2452 ³,
1318 2363 1490 2434 librorum
1505 2362 1637 2432 scilicet
1649 2361 1807 2456 quinque

222 2486 335 2579 Moysi
361 2485 564 2574 novissimi,
592 2484 691 2582 quod
709 2484 755 2557 de
773 2501 888 2557 morte
912 2487 1026 2583 Moysi
1048 2502 1083 2557 et
1106 2487 1273 2583 deinceps
1298 2501 1482 2556 narratur:
1507 2499 1625 2555 utrum
1643 2480 1806 2553 videlicet

222 2603 300 2700 ipse
321 2607 462 2700 Moyses
480 2603 517 2675 id
536 2629 680 2702 quoque
697 2607 908 2705 prophetico
931 2607 1057 2704 spiritu
1075 2605 1223 2694 dixerit,
1252 2620 1290 2676 ut
1312 2606 1418 2676 etiam
1438 2604 1476 2675 id
1493 2603 1592 2675 libris
1613 2603 1688 2698 ejus
1714 2625 1802 2673 con-

164 2819 178 2842 ·
223 2727 404 2795 numerari
423 2726 547 2823 possit,
568 2749 612 2796 an
628 2725 673 2797 ab
685 2725 755 2797 alio
773 2726 1008 2824 postmodum
1022 2727 1065 2798 sit
1079 2723 1373 2823 superadditum?
1482 2715 1496 2818 Ἰ

836 2893 975 2986 Solutto
997 2914 1192 2986 Aboelardt'.

149 3117 165 3144 ·
271 3081 369 3150 Sicut
395 3078 488 3151 Beda
513 3093 619 3177 sup'er
646 3079 795 3148 Esdram
815 3079 1021 3149 meminit⁸z
1041 3107 1058 3144 u
1075 3081 1152 3174 lpse
1172 3077 1318 3162 Esdras,
1336 3078 1398 3168 qui
1424 3097 1499 3142 non
1523 3074 1639 3164 solum
1665 3073 1799 3167 legem,

220 3197 430 3282 sedetiam,
453 3213 492 3268 ut
519 3198 720 3267 communis
741 3195 917 3289 majorum
935 3195 1028 3265 lama
1046 3199 1117 3284 est,
1139 3217 1285 3263 omnem
1304 3215 1410 3262 sacrae
1437 3191 1624 3287 Scripturae
1649 3190 1799 3276 seriem,

220 3341 300 3412 quae
324 3316 457 3414 pariter
479 3315 552 3412 igni
578 3313 765 3410 absumpta
788 3327 855 3402 est,
885 3327 992 3410 prout
1016 3312 1082 3383 sibi
1105 3310 1292 3383 videbatur
1314 3308 1509 3406 legentibus
1538 3307 1719 3395 sufficere,
1750 3331 1804 3377 re·

220 3437 376 3534 scripsit,
397 3464 414 3502 u
433 3449 506 3506 tam
522 3433 592 3504 hoc
611 3457 720 3529 qnam
733 3431 902 3529 pleraque
918 3431 984 3502 alia
1001 3433 1139 3530 scriptis
1152 3431 1288 3503 Veteris
1305 3415 1676 3523 Testamenti'adjccit.
1698 3428 1755 3497 Sic
1769 3442 1803 3500 et

221 3555 395 3625 nonnulla
414 3555 551 3651 scriptis
565 3553 670 3623 etiam
689 3551 898 3648 evangelicis
915 3549 1143 3649 superaddita
1161 3549 1324 3621 videmus
1345 3575 1366 3620 a
1383 3548 1652 3620 translatoribus
1669 3577 1676 3617 :
1700 3547 1804 3643 quale

221 3689 273 3745 est
297 3673 387 3746 illud
421 3675 458 3744 in
484 3673 696 3744 Matthaeo⁵z
722 3702 740 3741 u
763 3672 835 3762 Eli,
858 3672 928 3762 Eli,
949 3672 1081 3743 lamma
1097 3670 1329 3742 sabacthani?
1349 3669 1420 3740 hcc
1439 3684 1492 3741 est
1515 3697 1522 3738 :
1555 3673 1652 3740 Deus
1676 3693 1800 3757 meus,

222 3799 318 3867 Deus
338 3819 458 3883 meus,
480 3808 518 3865 ut
537 3793 623 3890 quid
642 3817 700 3865 me
713 3792 960 3890 dereliquisti?
983 3794 1070 3862 »Sic
1095 3806 1130 3862 et
1154 3792 1192 3861 in
1209 3791 1341 3862 caeteris
1361 3789 1605 3886 evangelistis,
1626 3813 1705 3886 quae
1728 3812 1802 3858 non

220 3915 400 4004 hebraice,
417 3914 481 3985 sed
495 3937 604 4010 graece
619 3914 747 4011 scripta
761 3927 855 4003 sunt,
872 3911 975 3984 simul
990 3911 1162 4007 expositio
1174 3911 1326 3981 istorum
1336 3908 1589 3981 hebraicorum
1610 3908 1802 3980 verborum

222 4032 345 4105 addita
362 4034 547 4131 reperitur.
562 4032 668 4103 Libro
682 4033 787 4103 etiam
802 4030 1008 4127 Hieronymi
1023 4027 1066 4099 de
1080 4026 1281 4099 Illmtribur
1300 4030 1394 4114 viris,
1412 4027 1475 4098 ubi
1489 4053 1525 4098 se
1543 4028 1661 4125 ipsum
1678 4027 1716 4096 in
1730 4024 1802 4095 fine

222 4153 343 4250 operis
361 4153 497 4249 posuit,
514 4152 590 4248 ejus
602 4153 681 4222 vitae
694 4149 872 4248 quantitas
884 4164 919 4220 et
930 4148 1010 4220 linis
1027 4147 1219 4244 aquodam
1233 4146 1353 4218 addita
1371 4148 1556 4244 reperitur.

774 4364 955 4410 PROBLEMA
979 4361 1144 4410 HRLOISSAE
1170 4361 1252 4407 xnn.
1274 4407 1278 4414 ,

272 4511 400 4578 Utrum
418 4505 544 4602 aliquis
561 4505 598 4575 in
621 4529 665 4577 eo
684 4504 783 4602 quod
797 4505 879 4578 lacit
899 4530 920 4577 a
937 4505 1094 4576 Domino
1116 4501 1183 4574 sibi
1200 4526 1428 4588 concessum,
1449 4499 1509 4571 vel
1519 4501 1625 4570 etiam
1639 4499 1778 4593 jussum
1793 4549 1802 4586 ,

224 4634 371 4722 peceare
385 4626 512 4724 possit,
532 4627 733 4721 quaerimus.
1287 4612 1293 4621 ’

260 4865 267 4890 ¹
285 4865 372 4925 Pron„
388 4881 444 4930 cap.
462 4881 533 4928 run,
545 4881 569 4916 r.
586 4869 623 4916 13.
636 4891 666 4904 -
677 4865 778 4927 'llum-,
790 4881 846 4933 cap.
859 4880 915 4926 vm,
927 4881 951 4916 r.
963 4865 1004 4916 30.
1013 4887 1046 4903 ·-
1057 4863 1138 4929 'Gap
1160 4877 1237 4914 xxxur
1257 4871 1281 4912 et
1299 4875 1384 4912 xxxrv.
1398 4857 1451 4898 -⁴
1465 4859 1525 4921 opp.
1546 4867 1564 4908 t.
1578 4855 1619 4917 lll,
1636 4855 1684 4907 col.
1700 4855 1757 4905 tut.
1769 4873 1802 4892 -·

227 4953 238 4979 ⁸
250 4953 345 5015 llattb„
358 4969 414 5019 esp.
425 4969 506 5017 xxvu,
518 4971 543 5006 v.
554 4957 593 5006 to.
