4496 6102
435 581 507 650 tta
705 629 715 650 2
1037 579 1165 651 PETRI
1184 579 1417 654 xttAEtxttut

433 720 622 790 intinctum
638 740 865 816 nequaquam
875 719 923 791 de
936 718 1108 791 sacrificio
1121 720 1250 792 Christi
1272 721 1376 793 fuisse
1392 719 1611 818 intelligunt,
1628 721 1691 792 sed
1711 721 1909 792 buccellam
1927 721 2022 794 illem

435 837 481 909 de
505 863 722 935 quoeunque
748 863 842 936 pane
868 855 1050 939 acceptam
1076 863 1151 912 esse
1172 840 1218 912 ad
1238 841 1463 941 proditorem
1489 841 1718 914 solummodo
1746 841 2018 939 designandum.

433 963 597 1045 Quorum
615 961 720 1031 etiam
741 960 905 1032 nonnulli
923 960 1049 1033 volunt
1071 960 1199 1032 Judam
1216 963 1253 1034 in
1270 977 1492 1034 sacramento
1515 962 1685 1035 dominici
1705 965 1867 1062 corporis
1882 964 2023 1061 partici-

432 1099 546 1174 passe.
564 1080 776 1175 Augustinus
788 1087 1104 1178 superlunarem:
1122 1107 1140 1148 u
1151 1085 1194 1152 Et
1203 1105 1315 1177 quum
1329 1083 1525 1153 intinxisset
1538 1107 1670 1181 panem
1682 1081 1782 1154 dedit
1793 1080 1928 1152 Judae.»
1944 1085 2022 1154 Non

433 1211 572 1286 autem,
596 1214 634 1269 ut
653 1213 780 1298 putant
798 1199 962 1296 quidam,
985 1185 1070 1280 tuuc
1087 1199 1195 1272 Judas
1217 1223 1347 1299 corpus
1365 1201 1494 1272 Christi
1510 1203 1657 1298 accepit.
1679 1200 1952 1298 Intelligendum
1972 1217 2024 1272 est

433 1321 548 1409 enim,
564 1320 663 1416 quod
672 1323 747 1417 jam
762 1321 930 1394 omnibus
944 1323 994 1394 eis
1006 1320 1233 1394 distribuerat
1249 1323 1425 1412 Dominus
1439 1335 1703 1394 sacramentum
1716 1323 1878 1420 corporis
1894 1336 1930 1393 et
1944 1346 2023 1394 san·

433 1441 547 1534 guinis
565 1443 635 1530 sui,
660 1443 721 1512 ubi
741 1457 777 1514 et
794 1445 869 1542 ipse
888 1443 995 1514 ludas
1013 1403 1106 1530 erm,
1128 1444 1219 1514 sicut
1237 1445 1348 1514 Lucas
1364 1442 1779 1534 evidentissimenarrat.
1805 1441 1945 1514 Deinde
1960 1465 2023 1541 per

432 1561 629 1634 buccellam
649 1564 794 1636 tinctam
815 1581 921 1662 atque
940 1579 1138 1662 porrectam
1156 1587 1260 1636 suurn
1281 1566 1446 1662 exprimit
1467 1565 1687 1637 traditorem.
1712 1593 1730 1632 u
1747 1563 1901 1635 Hilarius
1916 1589 2022 1660 super

433 1684 659 1754 Mutthoeum¹
675 1712 682 1754 :
701 1714 718 1752 u
740 1685 808 1756 Ubi
820 1687 872 1758 vis
885 1709 1052 1784 paremus
1065 1685 1128 1757 tibi
1140 1685 1272 1784 pascha
1288 1685 1528 1758 manducare?
1552 1689 1633 1757 Post
1646 1711 1725 1783 quae
1739 1689 1756 1755 J
1760 1683 1848 1756 udas
1861 1683 2023 1782 proditor

428 1800 621 1896 judicatur,
642 1805 718 1876 sine
736 1829 809 1902 quo
825 1805 957 1904 pascha
973 1820 1120 1904 accepto
1140 1805 1248 1877 calice
1265 1819 1303 1877 et
1320 1806 1431 1876 fracto
1450 1827 1543 1904 pane
1561 1805 1761 1878 coniicitur.
1778 1804 1916 1900 Dignus
1929 1805 2024 1874 euim

432 1935 648 1994 aeternorum
666 1939 969 1998 sacramentorum
986 1925 1242 1998 communione
1263 1947 1339 1996 uon
1357 1923 1481 1997 luerat.
1500 1925 1589 1997 Nam
1605 1923 1805 1997 discessisse
1825 1924 1943 1996 statim
1962 1927 2019 1995 in·

432 2041 611 2136 telligitun
630 2045 730 2143 quod
748 2071 831 2117 cum
857 2044 969 2117 turbis
986 2069 1147 2117 reversus
1166 2044 1376 2116 ostenditur.
1393 2049 1515 2142 Neque
1528 2067 1613 2116 saue
1625 2043 1749 2116 bibere
1764 2069 1849 2115 cum
1864 2046 2020 2130 Domino

430 2179 592 2263 poterat,
612 2168 675 2263 qui
693 2153 766 2239 non
787 2180 862 2238 erat
879 2166 1055 2238 bibiturus
1076 2167 1114 2237 in
1134 2189 1265 2263 regno,
1282 2189 1395 2263 quum
1411 2167 1595 2237 universos
1608 2182 1694 2237 tunc
1710 2165 1872 2237 bibentes
1885 2189 1927 2236 ex
1943 2165 2021 2240 vitis

432 2287 531 2358 istius
547 2287 662 2359 fructu
680 2287 855 2360 bibituros
872 2310 993 2361 secum
1003 2286 1379 2387 posteapolliceretur.
1396 2315 1413 2354 u
1434 2285 1638 2358 Notandum
1657 2299 1777 2358 tamen
1795 2307 2020 2384 nequaquam

432 2409 468 2478 in
492 2407 608 2478 verbis
632 2410 775 2480 Domini
802 2410 985 2482 universos
1005 2409 1149 2498 haberi,
1165 2409 1330 2506 quamvis
1348 2409 1418 2479 hoc
1436 2407 1560 2480 beatus
1578 2408 1748 2508 intelligat
1765 2408 1936 2498 Hilarius,
1959 2409 2020 2480 sed

394 2607 404 2622 ..
433 2531 480 2599 ita
491 2527 676 2600 indefinite
690 2528 878 2600 aDomino
893 2529 988 2600 dici:
1009 2559 1026 2596 u
1044 2531 1165 2616 Quum
1183 2527 1272 2600 illud
1285 2527 1407 2599 bibam
1420 2526 1606 2600 vobiscum
1624 2548 1760 2600 novum
1778 2529 1814 2598 iu
1832 2551 1944 2625 regno
1958 2551 2019 2626 pa-

432 2653 494 2721 tris
509 2650 615 2722 mei.»
627 2648 737 2720 Multa
749 2652 882 2750 quippe.
894 2652 1060 2722 novimus
1077 2649 1123 2722 ad
1139 2649 1237 2721 hunc
1253 2649 1404 2720 mudum
1417 2647 1587 2746 apostolis
1601 2649 1797 2720 Dominum
1809 2649 1927 2746 loqui,
1944 2671 2020 2745 quae
2131 2629 2136 2638 ¹

432 2775 569 2845 monita
594 2773 801 2870 generaliter
828 2789 910 2844 sunt
935 2771 1163 2871 accipienda,
1184 2783 1223 2842 ut
1240 2770 1338 2843 Judoe
1361 2793 1506 2868 quoque
1524 2771 1662 2869 possint
1678 2770 1882 2842 convenire.
1909 2769 2020 2856 Quale

433 2909 485 2967 est
499 2894 586 2965 illud
604 2922 611 2964 :
631 2923 648 2963 u
667 2896 761 2966 Beati
773 2893 869 2965 oculi
881 2897 942 2992 qui
954 2894 1077 2966 vident
1087 2915 1239 2990 quaeres
1251 2887 1390 2983 videtis,
1402 2919 1419 2959 u
1431 2906 1485 2964 et:
1501 2921 1519 2961 u
1532 2889 1706 2963 Sedebitls
1722 2915 1786 2962 vos
1800 2915 1908 2989 super
1920 2892 2020 2963 sedes

361 3083 364 3090 .
433 3011 638 3102 duodecim,
649 3028 733 3105 etc,
746 3041 765 3080 r>
778 3029 813 3085 et
826 3042 834 3084 ι
852 3013 1056 3103 «Gaudete,
1070 3014 1154 3110 quia
1166 3013 1314 3084 nomina
1325 3026 1442 3083 vestra
1455 3012 1584 3110 scripta
1595 3027 1678 3083 sunt
1691 3013 1729 3083 iu
1743 3011 1851 3083 coelis.
1860 3039 1878 3079 u
1890 3013 1934 3082 Et
1946 3037 2022 3083 rur·

434 3161 513 3207 sum
532 3165 538 3205 :
560 3139 635 3205 «Et
651 3159 717 3232 ego
735 3135 889 3233 dispono
908 3134 1028 3225 vobis,
1050 3137 1141 3206 sicut
1158 3133 1333 3233 disposuit
1351 3133 1438 3203 mihi
1455 3148 1555 3231 pater
1574 3157 1674 3204 meus
1689 3157 1859 3230 reguum,
1880 3148 1921 3205 ut
1939 3132 2021 3204 eda-

300 3247 321 3270 ”
432 3256 476 3325 tis
502 3271 537 3325 et
554 3253 681 3325 bibatis
704 3276 812 3351 super
835 3267 997 3325 mensam
1016 3277 1134 3328 meam
1151 3254 1189 3324 in
1208 3274 1320 3348 regno
1340 3275 1434 3324 meo.
1458 3279 1476 3318 ιι
1500 3255 1599 3350 Saepe
1622 3254 1730 3324 etiarn
1750 3277 1862 3350 quum
1881 3277 2024 3350 genera·

432 3377 511 3448 liter
529 3374 662 3472 aliquid
677 3373 818 3462 dicitur,
836 3396 910 3445 non
928 3387 981 3445 est
998 3388 1117 3445 tamen
1137 3373 1347 3470 generaliter
1363 3371 1624 3469 accipiendum.
1646 3372 1749 3444 Unde
1764 3372 1855 3445 illud
1872 3388 1925 3444 est
1943 3376 2023 3445 Hie·

433 3497 575 3593 ronymi
604 3493 648 3566 ad
675 3499 869 3565 Damasum
896 3493 932 3562 iu
958 3491 1128 3592 parabola
1156 3493 1302 3563 Domini
1328 3491 1375 3562 de
1402 3490 1477 3562 filio
1501 3493 1592 3589 frugi
1619 3507 1654 3563 et
1682 3491 1875 3565 luxurioso¹
1900 3521 1911 3566 .·
1941 3499 2024 3566 «Et

434 3617 555 3688 omnia
573 3637 653 3684 mea
673 3628 732 3684 tua
751 3625 845 3682 suut.
866 3637 884 3678 u
906 3610 1101 3699 Quomodo
1121 3625 1240 3682 autem
1261 3610 1326 3681 Dei
1349 3611 1471 3682 omnia
1491 3611 1697 3684 ludaeorum
1720 3612 1829 3684 sunt?
1852 3615 2023 3710 Nunquid

433 3735 565 3832 angeli,
587 3730 734 3806 throni?
752 3733 880 3805 Omnia
898 3755 983 3828 ergo
1001 3707 1156 3830 intellige
1169 3731 1392 3830 prophetias,
1409 3729 1551 3830 eloquia
1564 3733 1702 3824 divina,
1722 3733 1921 3807 secundum
1934 3735 2025 3810 illud

434 3858 533 3956 quod
560 3881 651 3955 saepe
676 3854 926 3953 exposuimus,
948 3879 1023 3925 non
1051 3876 1193 3954 semper
1215 3855 1337 3925 omnia
1360 3853 1407 3925 ad
1433 3862 1549 3927 totum
1573 3879 1651 3928 esse
1668 3856 1874 3947 referenda,
1895 3857 1958 3930 sed
1975 3857 2027 3930 ad

433 3989 570 4077 partem
587 3976 796 4065 maximam,
814 3977 872 4045 ut³
889 4001 896 4043 ε
917 3977 1085 4046 «Omnes
1103 3973 1391 4065 declinaverunt,
1408 3999 1425 4041 ιι
1442 3979 1496 4046 et*
1511 4002 1519 4044 ε
1537 4004 1555 4044 a
1571 3979 1706 4048 Omnes
1719 3978 1781 4073 qui
1795 3991 1877 4048 aute
1891 4003 1949 4050 me
1962 4003 2027 4050 ve·

434 4113 583 4187 nerunt,
607 4097 701 4169 fures
720 4095 862 4167 fuerunt
879 4110 915 4166 et
932 4094 1106 4184 latrones,
1124 4121 1141 4160 u
1164 4097 1244 4165 et⁸z
1264 4093 1473 4166 «Omnibus
1498 4096 1620 4167 omnia
1642 4096 1754 4167 factus
1776 4118 1872 4187 sum;
1893 4127 1911 4166 u
1936 4100 1992 4169 et⁵
2015 4125 2024 4165 ε

433 4197 453 4284 ¹a
470 4221 606 4287 Omnes
624 4237 702 4313 quae
725 4216 790 4286 stra
811 4227 894 4285 sunt
918 4229 1099 4311 quaerunt,
1119 4235 1194 4286 non
1211 4237 1290 4312 quae
1310 4217 1392 4286 lesu
1414 4214 1555 4286 Christi.
1573 4243 1591 4282 ιι
1614 4217 1778 4313 Denique
1799 4218 1828 4288 si
1845 4241 2030 4314 ponamus

433 4335 561 4408 Judam
592 4357 736 4434 quoque
770 4333 1020 4406 communioni
1047 4333 1268 4420 interfuisse,
1296 4357 1367 4430 qua
1397 4333 1575 4432 completa
1607 4335 1784 4407 Dominus
1811 4335 1901 4408 illud
1924 4340 2025 4410 ait’:

437 4491 454 4528 (ι
469 4463 547 4531 Non
575 4459 697 4530 bibam
727 4456 860 4529 amodo
883 4455 929 4528 de
954 4456 1026 4527 hoe
1051 4455 1229 4552 genimine
1247 4455 1326 4528 vitis
1343 4479 1456 4553 usque
1474 4456 1510 4526 in
1537 4455 1633 4528 diem
1652 4455 1772 4547 illum,
1793 4483 1905 4556 quum
1933 4459 2031 4535 illud

424 4579 555 4652 'bibam
583 4579 768 4652 vobiscum
798 4603 934 4650 novum
959 4577 997 4648 iu
1023 4602 1133 4675 regno
1156 4577 1265 4676 patris
1293 4577 1382 4667 mei,
1402 4605 1420 4644 ιι
1443 4602 1517 4648 non
1537 4579 1699 4675 cogimur
1716 4577 1801 4651 ideo
1817 4579 1917 4651 fateri
1935 4596 2033 4656 tunc

435 4701 563 4773 Judam
586 4699 756 4789 adfuisse,
785 4721 898 4796 quum
916 4697 987 4770 hoc
1005 4697 1181 4769 Dominus
1198 4697 1344 4788 dixerit,
1363 4721 1430 4769 nec
1448 4721 1532 4772 eum
1555 4713 1757 4797 expectasse
1780 4698 1888 4772 linem
1911 4724 2034 4774 coenae

435 4825 638 4914 dominicae,
656 4824 717 4920 qui
731 4821 922 4912 continuo,
938 4836 979 4892 ut
995 4842 1101 4919 supra
1117 4817 1337 4910 dictumest,
1355 4821 1461 4893 exivit
1477 4833 1560 4918 post
1577 4823 1821 4919 acceptionem
1838 4821 2033 4918 buccellae,

469 5035 477 5060 ¹
498 5034 586 5084 δοιιιιιι.
605 5037 630 5084 tn
652 5033 750 5092 lluttlt„
770 5049 824 5098 cup.
840 5048 908 5092 xxx,
932 5031 992 5094 Opp.
1007 5028 1105 5091 Parisii,
1126 5029 1206 5090 ttae,
1249 5027 1411 5090 ‘lCc'rinth.,
1427 5039 1484 5094 cap.
1495 5043 1519 5078 tx
1529 5063 1536 5088 ,
1547 5043 1571 5077 r.
1581 5029 1621 5076 22.
1636 5053 1662 5064 -
1677 5026 1817 5090 ’Ptupp.,
1827 5045 1882 5096 oar).
1894 5046 1925 5092 u,
1938 5046 1961 5078 r.
1979 5033 2034 5082 21.

436 5120 529 5182 indul,
549 5121 597 5170 cul.
616 5117 735 5170 tta-¹
750 5120 811 5180 Opp.
832 5127 850 5166 t.
871 5115 913 5172 tv,
930 5125 993 5181 part.
1006 5115 1031 5176 l,
1045 5115 1092 5164 col.
1108 5116 1165 5164 tta.
1177 5139 1207 5151 -
1248 5113 1392 5176 -²Joau.,
1405 5127 1460 5180 cap.
1473 5129 1524 5175 xxv,
1537 5128 1561 5163 v.
1572 5115 1613 5163 31.

438 5207 540 5265 'Reum
562 5219 617 5270 cap.
641 5220 681 5267 ιιι,
705 5219 727 5252 v.
752 5206 793 5252 12.
808 5230 831 5238 -
846 5199 947 5263 ⁴Joan.‚
968 5213 1023 5264 cap.
1047 5215 1078 5259 x,
1097 5215 1120 5250 r.
1141 5201 1164 5250 8.
1180 5225 1209 5238 -
