4496 6102
456 589 528 659 tus
1053 583 1182 656 PETRI
1208 582 1439 658 ABAELARDl

456 731 542 800 istos
571 723 797 814 illuminavit,
819 723 923 796 nobis
940 749 1084 823 quoque
1109 750 1216 824 super
1236 724 1307 798 hoc
1331 724 1436 822 longe
1460 739 1543 796 ante
1563 721 1687 795 illuxit.
1708 723 1919 796 Constituitc
1942 722 2037 797 diem

457 845 702 917 solemnem.»
725 843 786 913 llis
804 844 1010 940 praemissis,
1038 843 1138 942 quasi
1156 841 1425 915 conclusionem
1449 843 1636 942 supponit,
1657 842 1719 940 qni
1742 866 1809 913 nos
1834 840 2038 914 exhortatur

457 965 502 1036 ad
530 964 789 1060 solemnitatem
815 966 996 1060 praesentis
1020 943 1115 1054 diei,
1138 980 1306 1062 tanquam
1331 965 1381 1035 sic
1411 962 1567 1035 inferens
1590 961 1711 1036 dicat:
1737 960 2036 1060 Quandoquidem

456 1083 504 1152 ita
525 1082 700 1152 Dominus
719 1083 756 1151 in
775 1080 917 1152 duobus
934 1081 1076 1180 populis
1094 1082 1286 1154 Ecclesiam
1307 1081 1552 1180 multiplicavit
1576 1083 1614 1153 iu
1641 1080 1775 1178 figura,
1802 1106 1959 1178 quorum
1979 1081 2037 1178 qui

456 1201 704 1299 praecedebant
723 1204 832 1299 etqui
851 1201 1090 1300 sequebantur
1107 1203 1216 1275 bodie
1236 1204 1431 1276 Dominum
1449 1203 1644 1302 suscepisse
1661 1201 1860 1274 referuntur
1878 1215 1913 1272 et
1930 1201 2038 1272 bene·

457 1325 596 1396 dixisse.
626 1325 735 1419 lgitur
757 1338 792 1394 et
816 1325 1021 1422 quicunque
1047 1323 1170 1396 fideles
1194 1325 1231 1394 in
1254 1323 1427 1395 memoria
1447 1325 1535 1410 tanti
1558 1321 1722 1396 beneficii
1745 1313 1871 1419 gratias
1895 1323 2035 1393 acturi:

460 1471 477 1508 u
494 1442 703 1513 Constituite
725 1439 821 1512 diem
841 1441 1039 1512 solemnem
1056 1443 1092 1514 in
1112 1442 1320 1531 condensis,
1339 1461 1356 1508 n
1377 1440 1447 1512 boc
1461 1451 1514 1512 est
1533 1442 1569 1512 in
1587 1463 1715 1537 magna
1732 1439 1959 1512 multitudine
1976 1463 2040 1536 po-

371 1641 372 1654 ,
456 1563 553 1660 puli,
573 1578 608 1634 et
626 1563 727 1659 quasi
751 1561 924 1634 densitate
942 1564 1098 1660 quadam
1122 1562 1331 1660 spiritalium
1350 1561 1519 1634 arborum
1543 1560 1879 1658 incomparabilibus
1895 1559 1963 1632 illis
1981 1584 2041 1630 ra·

377 1687 394 1799 “p
457 1683 524 1754 mis
542 1681 742 1779 palmarum
760 1680 814 1752 vel
833 1680 1028 1772 olivarum,
1047 1705 1138 1779 quas
1155 1679 1264 1752 hodie
1286 1680 1441 1779 populus
1458 1681 1613 1777 accepit,
1635 1679 1923 1777 significatarum.
1945 1680 2041 1768 Quid

458 1803 554 1873 enim
573 1800 623 1872 illi
641 1801 730 1872 rami
745 1800 799 1871 vel
819 1801 963 1872 frondes
981 1801 1027 1872 de
1044 1800 1230 1872 arboribus
1248 1801 1375 1900 avulsae
1389 1799 1673 1900 pretendeba'nt,
1690 1801 1757 1872 nisi
1775 1802 1958 1897 utriusque
1976 1825 2040 1898 po·

457 1922 533 2023 puli
551 1923 835 2020 aggregationem
854 1922 900 1993 de
920 1931 1034 1993 massa
1051 1938 1281 2021 peccatorum
1306 1919 1550 2020 assumptam?
1569 1919 1609 1992 ln
1633 1945 1789 2018 quorum
1816 1936 2043 2020 repraesenta-
2166 1929 2167 1934 ’

458 2047 607 2133 tionem,
621 2043 776 2142 populus
791 2043 951 2115 fidelium
967 2043 1142 2116 ho'dierna
1160 2044 1218 2116 die
1234 2043 1404 2114 arbomm
1415 2043 1522 2114 ramis
1535 2042 1591 2122 vel
1604 2041 1813 2131 frondibus,
1828 2067 1918 2139 quas
1931 2057 2042 2138 gesta·
2132 2045 2135 2050 ’

459 2167 528 2254 vit,
556 2180 667 2237 totam
687 2164 880 2237 Ecclesiam
899 2191 1010 2262 usque
1034 2165 1080 2236 ad
1103 2165 1233 2255 altare,
1263 2166 1363 2263 quasi
1387 2164 1598 2236 frutetorum
1624 2164 1762 2265 replent
1780 2165 1954 2252 densitate
1975 2193 1983 2234 :
2005 2183 2044 2238 ut

455 2287 556 2381 juxta
581 2287 734 2357 litteram
761 2309 906 2383 quoque
935 2285 1097 2357 videatur
1120 2286 1233 2384 accipi
1259 2283 1359 2382 quod
1383 2284 1512 2356 dicitur
1528 2313 1576 2388 ²..“
1591 2290 1630 2356 ln
1649 2284 1841 2356 condensis
1865 2285 2043 2383 usquead

460 2431 572 2478 cornu
591 2405 721 2476 altaris.
734 2432 751 2470 u
767 2405 911 2500 Mystico
924 2420 1043 2478 autem
1061 2430 1175 2476 cornu
1190 2404 1308 2476 altaris
1327 2403 1456 2475 dicitur
1469 2403 1681 2482 sacrfficium
1697 2403 1838 2476 Christi.
1855 2409 1922 2476 Per
1935 2405 2044 2476 altare

460 2527 592 2624 quippe
619 2523 852 2612 sacrificium,
879 2549 944 2622 per
970 2549 1084 2596 cornu
1109 2524 1226 2627 altatis
1253 2524 1453 2596 extremitas
1478 2523 1553 2618 ejus
1581 2522 1797 2626 intelligitur.
1825 2523 2045 2597 Sacrificium

460 2647 579 2742 itaque
597 2643 744 2732 Christi,
766 2643 865 2738 quod
883 2645 992 2716 veteri
1010 2643 1182 2731 sacrificio
1194 2643 1280 2742 legis
1299 2641 1483 2734 successit,
1506 2667 1570 2741 per
1586 2667 1700 2715 cornu
1723 2643 1839 2715 altaris
1858 2643 2043 2746 figuratur,

460 2791 571 2864 quum
581 2765 625 2835 sit
637 2777 835 2834 extremum
844 2761 915 2833 hoc
924 2759 1150 2851 sacrificium,
1163 2777 1198 2836 et
1206 2787 1371 2860 suprema
1386 2761 1500 2834 hostia
1514 2762 1700 2859 complens
1711 2777 1858 2834 ceteras.
1876 2767 1916 2834 ln
1931 2787 2046 2836 cornu

460 2910 604 2983 quoque
620 2883 750 2972 altaris,
767 2897 938 2980 tanquam
953 2882 990 2954 in
1005 2883 1136 2979 angulo
1153 2883 1325 2981 quodam,
1341 2881 1416 2954 duo
1429 2883 1547 2954 allans
1560 2882 1668 2954 latera
1685 2881 1751 2953 sibi
1762 2882 1961 2978 jungtmtur
1978 2914 1986 2954 ι
2007 2901 2047 2956 ut

460 3002 767 3103 quemadmodum
785 3001 966 3076 Christum
983 3000 1115 3074 lactum
1139 3004 1302 3103 superius
1325 3001 1477 3075 diximus
1503 3004 1540 3074 in
1565 3003 1679 3100 capite
1706 3001 1847 3099 anguli,
1873 3003 1919 3075 ad
1937 2991 2046 3100 quern

461 3129 535 3199 duo
556 3125 681 3227 populi
697 3125 914 3222 junguntur3
936 3125 984 3197 ita
1002 3126 1108 3196 etiam
1123 3123 1283 3198 dicamus
1296 3123 1343 3196 ad
1361 3123 1571 3196 sacrificium
1588 3123 1717 3196 Christi
1732 3123 1824 3194 duos
1842 3125 1931 3196 ritus
1942 3126 2049 3198 sacri·

462 3247 533 3318 ficii
551 3245 762 3333 convenire,
789 3243 951 3315 sacrificii
977 3246 1090 3316 sancti
1107 3243 1366 3317 Melchisedech
1385 3245 1421 3314 in
1438 3268 1531 3343 pane
1548 3259 1585 3316 et
1604 3245 1704 3329 vino,
1722 3259 1761 3316 et
1778 3243 1939 3316 sacrificii
1961 3245 2049 3343 legis

462 3369 498 3438 in
516 3363 718 3436 carnalibus
738 3363 873 3436 hostiis.
892 3368 1049 3461 Utraque
1067 3366 1199 3463 quippe
1218 3363 1388 3438 sacrificia
1405 3363 1569 3461 infigura
1587 3365 1701 3436 nostri
1720 3381 1992 3461 praecesserunt,
2011 3383 2050 3439 et

461 3491 497 3558 in
520 3485 774 3583 significatione
798 3484 891 3574 illius
913 3500 1170 3557 convenerunt.
1197 3488 1344 3558 Constat
1366 3485 1472 3557 etiam
1497 3485 1659 3557 animalia
1683 3500 1852 3576 cumuta,
1874 3511 1985 3583 quum
2008 3488 2049 3559 in

463 3624 719 3704 transgressum
742 3629 869 3702 pugnae
890 3620 1086 3694 venerunt,
1105 3605 1177 3676 vim
1198 3607 1388 3708 maximam
1407 3621 1443 3677 et
1460 3605 1572 3676 robur
1593 3604 1778 3704 pugnandi
1804 3606 1842 3677 iu
1869 3607 1986 3702 rigore
2011 3623 2052 3678 et

464 3725 671 3798 fortitudine
689 3719 864 3798 cornuum
882 3723 1025 3796 habere.
1045 3729 1165 3811 Quum
1181 3726 1287 3822 igiurr
1304 3724 1464 3797 Christus
1482 3750 1548 3824 pro
1567 3724 1672 3798 nobis
1692 3724 1896 3798 immolatus
1919 3725 2053 3798 virtute

464 3847 570 3942 hujus
588 3845 748 3917 sacrificii
767 3843 950 3917 diabolum
966 3845 1148 3933 straverit,
1167 3846 1268 3943 quasi
1285 3869 1398 3917 cornu
1419 3869 1485 3917 suo
1503 3869 1585 3917 eum
1610 3843 1824 3934 vulneravit,
1849 3860 1955 3941 atque
1972 3847 2053 3917 vnl-

465 3981 627 4039 neretum
643 3965 781 4062 dejecit.
1453 3969 1457 3974 ’

515 4093 608 4160 Bene
626 4089 744 4184 itaque
762 4111 826 4186 per
842 4111 955 4158 cornu
971 4088 1108 4178 altaris,
1129 4087 1341 4160 sacrificium
1359 4087 1486 4160 Christi
1508 4103 1678 4185 tanquam
1703 4085 1803 4158 vituli
1825 4087 1938 4156 nostri
1963 4085 2055 4183 ligu-

465 4223 575 4296 ratur,
591 4230 704 4303 qunm
720 4206 791 4276 hoc
809 4203 933 4277 efficax
956 4221 990 4276 et
1009 4205 1120 4294 forte,
1138 4222 1177 4278 ut
1189 4204 1325 4278 dictum
1339 4222 1410 4297 est,
1422 4205 1530 4310 fuerit
1543 4207 1580 4296 in
1595 4229 1735 4304 pugna,
1751 4227 1923 4276 corneum
1939 4205 2055 4300 magis

465 4327 658 4420 dicendum
676 4349 784 4424 quam
805 4349 996 4416 carneum,
1014 4326 1184 4424 rigidum,
1207 4352 1281 4399 non
1303 4327 1430 4418 molle;
1451 4327 1661 4416 robustum,
1685 4350 1759 4397 non
1779 4323 1912 4406 debile,
1931 4329 2056 4421 Usque

465 4448 510 4517 ad
530 4445 602 4516 hoc
619 4441 735 4516 cornu
751 4444 869 4518 altaris
887 4444 1078 4517 celebratio
1092 4462 1220 4519 nostra
1236 4448 1427 4547 porrigitur
1440 4446 1693 4546 solemnitatis,
1709 4469 1821 4544 quum
1834 4459 1938 4517 tantae
1950 4446 2057 4518 victi-

467 4591 533 4638 mae
552 4564 721 4661 dignitate
746 4564 949 4636 festivitates
967 4563 1182 4637 decorantur
1197 4567 1404 4639 christianae.
1430 4566 1483 4637 lld
1501 4566 1572 4640 hoc
1589 4591 1702 4642 cornu
1720 4566 1838 4638 altaris
1854 4563 2059 4664 specialiter

467 4683 641 4756 hodierna
652 4684 844 4756 solennitas
855 4685 1028 4782 pervenit,
1040 4710 1152 4783 quum
1167 4686 1204 4756 in
1219 4687 1294 4782 ejus
1308 4687 1415 4758 missa
1428 4687 1584 4785 primum
1596 4684 1725 4757 Christi
1736 4685 1854 4784 passio
1868 4684 2055 4773 recitauit,

407 4843 412 4852 ·
467 4829 537 4899 qna
554 4827 620 4901 pro
633 4801 737 4874 nobis
749 4804 825 4900 ipse
838 4819 889 4874 est
896 4803 1112 4875 immolatus.
1127 4809 1200 4875 Hac
1210 4803 1268 4877 die
1279 4807 1456 4877 Dominus
1467 4803 1724 4901 lerosolymam
1735 4805 1882 4876 veniens
1892 4804 2062 4900 passioni

468 4947 505 4992 se
515 4921 656 5011 obtulit,
666 4921 1130 4996 decimavidelicet'tuncdie
1140 4926 1283 5014 mensis,
1293 4926 1384 4996 sicut
1393 4951 1435 4998 ex
1442 4923 1626 5021 evangalio
1633 4923 2057 5023 perpenditur-mamis&

503 5172 511 5198 ¹
530 5171 679 5237 loaa.,cap.
692 5187 732 5234 ar,
747 5189 770 5222 v.
787 5133 903 5240 lamp.
915 5189 964 5230 an,
980 5189 1003 5222 v.
1020 5177 1027 5220 1
1045 5183 1121 5239 etaq.
