<?xml version="1.0" encoding="UTF-8"?>
<!DOCTYPE html PUBLIC "-//W3C//DTD XHTML 1.0 Transitional//EN"
    "http://www.w3.org/TR/xhtml1/DTD/xhtml1-transitional.dtd">
<html xmlns="http://www.w3.org/1999/xhtml" xml:lang="en" lang="en">
 <head>
  <title>
</title>
<meta http-equiv="Content-Type" content="text/html;charset=utf-8" />
  <meta name='ocr-system' content='tesseract 3.04.00' />
  <meta name='ocr-capabilities' content='ocr_page ocr_carea ocr_par ocr_line ocrx_word'/>
</head>
<body>
  <div class='ocr_page' id='page_1' title='image "./petriablardiope01despgoog_0538.png"; bbox 0 0 4510 6108; ppageno 0'>
   <div class='ocr_carea' id='block_1_1' title="bbox 588 533 1840 614">
    <p class='ocr_par' dir='ltr' id='par_1_1' title="bbox 588 533 1840 614">
     <span class='ocr_line' id='line_1_1' title="bbox 588 533 1840 614; baseline 0.006 -7"><span class='ocrx_word' id='word_1_1' title='bbox 588 533 633 611; x_wconf 90' lang='grc' dir='ltr'>1Ν</span> <span class='ocrx_word' id='word_1_2' title='bbox 657 535 959 610; x_wconf 82' lang='lat' dir='ltr'>ASSUMPTlONE</span> <span class='ocrx_word' id='word_1_3' title='bbox 983 539 1142 612; x_wconf 81' lang='lat' dir='ltr'>BDATAE</span> <span class='ocrx_word' id='word_1_4' title='bbox 1166 539 1323 614; x_wconf 78' lang='lat' dir='ltr'>MARlAE</span> <span class='ocrx_word' id='word_1_5' title='bbox 1345 539 1508 612; x_wconf 84' lang='lat' dir='ltr'>SERMO.</span> <span class='ocrx_word' id='word_1_6' title='bbox 1769 539 1840 614; x_wconf 81' lang='lat'>523</span> 
     </span>
    </p>
   </div>
   <div class='ocr_carea' id='block_1_2' title="bbox 143 659 1920 5233">
    <p class='ocr_par' dir='ltr' id='par_1_2' title="bbox 143 659 1920 2588">
     <span class='ocr_line' id='line_1_2' title="bbox 176 659 1842 780; baseline 0.005 -35"><span class='ocrx_word' id='word_1_7' title='bbox 176 716 184 727; x_wconf 89' lang='lat'>·</span> <span class='ocrx_word' id='word_1_8' title='bbox 259 673 393 765; x_wconf 84' lang='lat' dir='ltr'>medic,</span> <span class='ocrx_word' id='word_1_9' title='bbox 411 698 478 748; x_wconf 91' lang='lat' dir='ltr'>nec</span> <span class='ocrx_word' id='word_1_10' title='bbox 492 677 682 776; x_wconf 88' lang='lat' dir='ltr'>qnisquam</span> <span class='ocrx_word' id='word_1_11' title='bbox 696 702 803 751; x_wconf 90' lang='lat' dir='ltr'>suurn</span> <span class='ocrx_word' id='word_1_12' title='bbox 818 677 954 777; x_wconf 91' lang='lat' dir='ltr'>aliquid</span> <span class='ocrx_word' id='word_1_13' title='bbox 969 705 1046 754; x_wconf 90' lang='lat' dir='ltr'>esse</span> <span class='ocrx_word' id='word_1_14' title='bbox 1057 680 1221 771; x_wconf 88' lang='lat' dir='ltr'>dicebat,</span> <span class='ocrx_word' id='word_1_15' title='bbox 1240 679 1304 754; x_wconf 89' lang='lat' dir='ltr'>sed</span> <span class='ocrx_word' id='word_1_16' title='bbox 1320 659 1566 780; x_wconf 86' lang='lat' dir='ltr'>unusquisque</span> <span class='ocrx_word' id='word_1_17' title='bbox 1581 695 1711 754; x_wconf 88' lang='lat' dir='ltr'>cuncta</span> <span class='ocrx_word' id='word_1_18' title='bbox 1727 683 1842 780; x_wconf 91' lang='lat' dir='ltr'>possi·</span> 
     </span>
     <span class='ocr_line' id='line_1_3' title="bbox 258 794 1844 903; baseline 0.008 -37"><span class='ocrx_word' id='word_1_19' title='bbox 258 794 368 870; x_wconf 88' lang='lat' dir='ltr'>debat</span> <span class='ocrx_word' id='word_1_20' title='bbox 383 798 420 869; x_wconf 91' lang='lat' dir='ltr'>in</span> <span class='ocrx_word' id='word_1_21' title='bbox 436 801 599 887; x_wconf 86' lang='lat' dir='ltr'>caritate,</span> <span class='ocrx_word' id='word_1_22' title='bbox 615 799 706 873; x_wconf 91' lang='lat' dir='ltr'>sicut</span> <span class='ocrx_word' id='word_1_23' title='bbox 721 825 821 874; x_wconf 87' lang='lat' dir='ltr'>sacer</span> <span class='ocrx_word' id='word_1_24' title='bbox 839 801 1042 899; x_wconf 84' lang='lat' dir='ltr'>apostolicae</span> <span class='ocrx_word' id='word_1_25' title='bbox 1060 805 1211 877; x_wconf 90' lang='lat' dir='ltr'>actionis</span> <span class='ocrx_word' id='word_1_26' title='bbox 1226 819 1349 876; x_wconf 89' lang='lat' dir='ltr'>narrat</span> <span class='ocrx_word' id='word_1_27' title='bbox 1360 803 1484 901; x_wconf 85' lang='lat' dir='ltr'><strong>stylus.</strong></span> <span class='ocrx_word' id='word_1_28' title='bbox 1503 807 1588 876; x_wconf 85' lang='lat' dir='ltr'><strong>Post</strong></span> <span class='ocrx_word' id='word_1_29' title='bbox 1602 803 1680 876; x_wconf 88' lang='lat' dir='ltr'>baec</span> <span class='ocrx_word' id='word_1_30' title='bbox 1693 803 1844 903; x_wconf 91' lang='lat' dir='ltr'>dispersi</span> 
     </span>
     <span class='ocr_line' id='line_1_4' title="bbox 257 920 1846 1024; baseline 0.008 -38"><span class='ocrx_word' id='word_1_31' title='bbox 257 931 342 988; x_wconf 90' lang='lat' dir='ltr'>sunt</span> <span class='ocrx_word' id='word_1_32' title='bbox 350 942 415 1015; x_wconf 88' lang='lat' dir='ltr'>per</span> <span class='ocrx_word' id='word_1_33' title='bbox 422 920 583 1016; x_wconf 90' lang='lat' dir='ltr'>regiones</span> <span class='ocrx_word' id='word_1_34' title='bbox 593 920 750 994; x_wconf 90' lang='lat' dir='ltr'>diversas</span> <span class='ocrx_word' id='word_1_35' title='bbox 757 921 1078 1021; x_wconf 86' lang='lat' dir='ltr'>adpraedicandum</span> <span class='ocrx_word' id='word_1_36' title='bbox 1086 923 1238 997; x_wconf 86' lang='lat' dir='ltr'>verbum</span> <span class='ocrx_word' id='word_1_37' title='bbox 1245 925 1496 1022; x_wconf 84' lang='lat' dir='ltr'>DeiDenique</span> <span class='ocrx_word' id='word_1_38' title='bbox 1503 924 1652 1024; x_wconf 91' lang='lat' dir='ltr'>impleto</span> <span class='ocrx_word' id='word_1_39' title='bbox 1661 923 1767 997; x_wconf 85' lang='lat' dir='ltr'>beata</span> <span class='ocrx_word' id='word_1_40' title='bbox 1775 927 1846 998; x_wconf 90' lang='lat' dir='ltr'>Ma·</span> 
     </span>
     <span class='ocr_line' id='line_1_5' title="bbox 259 1035 1846 1143; baseline 0.009 -39"><span class='ocrx_word' id='word_1_41' title='bbox 259 1035 311 1108; x_wconf 90' lang='lat' dir='ltr'>ria</span> <span class='ocrx_word' id='word_1_42' title='bbox 321 1035 427 1133; x_wconf 90' lang='lat' dir='ltr'>hujus</span> <span class='ocrx_word' id='word_1_43' title='bbox 438 1040 518 1112; x_wconf 85' lang='lat' dir='ltr'>vitae</span> <span class='ocrx_word' id='word_1_44' title='bbox 529 1065 652 1132; x_wconf 89' lang='lat' dir='ltr'>cursu,</span> <span class='ocrx_word' id='word_1_45' title='bbox 670 1067 783 1140; x_wconf 91' lang='lat' dir='ltr'>quum</span> <span class='ocrx_word' id='word_1_46' title='bbox 792 1042 868 1139; x_wconf 85' lang='lat' dir='ltr'>jam</span> <span class='ocrx_word' id='word_1_47' title='bbox 887 1060 1077 1117; x_wconf 87' lang='lat' dir='ltr'>vocaretur</span> <span class='ocrx_word' id='word_1_48' title='bbox 1093 1069 1115 1116; x_wconf 88' lang='lat' dir='ltr'>a</span> <span class='ocrx_word' id='word_1_49' title='bbox 1129 1045 1251 1118; x_wconf 91' lang='lat' dir='ltr'>seculo</span> <span class='ocrx_word' id='word_1_50' title='bbox 1265 1101 1273 1135; x_wconf 94' lang='lat'>,</span> <span class='ocrx_word' id='word_1_51' title='bbox 1293 1045 1499 1142; x_wconf 89' lang='lat' dir='ltr'>congregati</span> <span class='ocrx_word' id='word_1_52' title='bbox 1515 1067 1643 1118; x_wconf 89' lang='lat' dir='ltr'>omnes</span> <span class='ocrx_word' id='word_1_53' title='bbox 1658 1059 1743 1118; x_wconf 91' lang='lat' dir='ltr'>sunt</span> <span class='ocrx_word' id='word_1_54' title='bbox 1762 1070 1846 1143; x_wconf 89' lang='lat' dir='ltr'>apo·</span> 
     </span>
     <span class='ocr_line' id='line_1_6' title="bbox 258 1139 1846 1263; baseline 0.007 -38"><span class='ocrx_word' id='word_1_55' title='bbox 258 1155 341 1227; x_wconf 90' lang='lat' dir='ltr'>stoli</span> <span class='ocrx_word' id='word_1_56' title='bbox 356 1157 403 1229; x_wconf 91' lang='lat' dir='ltr'>de</span> <span class='ocrx_word' id='word_1_57' title='bbox 418 1160 564 1256; x_wconf 88' lang='lat' dir='ltr'>singulis</span> <span class='ocrx_word' id='word_1_58' title='bbox 580 1161 848 1262; x_wconf 78' lang='lat' dir='ltr'>regionibusad</span> <span class='ocrx_word' id='word_1_59' title='bbox 864 1139 1018 1238; x_wconf 83' lang='lat' dir='ltr'>domuni</span> <span class='ocrx_word' id='word_1_60' title='bbox 1027 1164 1115 1262; x_wconf 89' lang='lat' dir='ltr'>ejus.</span> <span class='ocrx_word' id='word_1_61' title='bbox 1137 1168 1329 1263; x_wconf 90' lang='lat' dir='ltr'>Quumque</span> <span class='ocrx_word' id='word_1_62' title='bbox 1345 1164 1529 1238; x_wconf 82' lang='lat' dir='ltr'><strong>audissent</strong></span> <span class='ocrx_word' id='word_1_63' title='bbox 1541 1165 1627 1263; x_wconf 91' lang='lat' dir='ltr'>quia</span> <span class='ocrx_word' id='word_1_64' title='bbox 1638 1178 1731 1238; x_wconf 89' lang='lat' dir='ltr'>esset</span> <span class='ocrx_word' id='word_1_65' title='bbox 1747 1189 1846 1236; x_wconf 88' lang='lat' dir='ltr'>assu·</span> 
     </span>
     <span class='ocr_line' id='line_1_7' title="bbox 260 1275 1847 1382; baseline 0.007 -35"><span class='ocrx_word' id='word_1_66' title='bbox 260 1275 392 1349; x_wconf 90' lang='lat' dir='ltr'>menda</span> <span class='ocrx_word' id='word_1_67' title='bbox 407 1278 453 1351; x_wconf 92' lang='lat' dir='ltr'>de</span> <span class='ocrx_word' id='word_1_68' title='bbox 469 1281 625 1372; x_wconf 91' lang='lat' dir='ltr'>mundo,</span> <span class='ocrx_word' id='word_1_69' title='bbox 643 1283 838 1382; x_wconf 81' lang='lat' dir='ltr'><strong>vigilabant</strong></span> <span class='ocrx_word' id='word_1_70' title='bbox 851 1310 935 1358; x_wconf 89' lang='lat' dir='ltr'>cum</span> <span class='ocrx_word' id='word_1_71' title='bbox 951 1309 994 1358; x_wconf 86' lang='lat' dir='ltr'>ea</span> <span class='ocrx_word' id='word_1_72' title='bbox 1007 1284 1126 1360; x_wconf 93' lang='lat' dir='ltr'>simul.</span> <span class='ocrx_word' id='word_1_73' title='bbox 1141 1289 1185 1357; x_wconf 88' lang='lat' dir='ltr'>Et</span> <span class='ocrx_word' id='word_1_74' title='bbox 1201 1310 1283 1358; x_wconf 90' lang='lat' dir='ltr'>ecce</span> <span class='ocrx_word' id='word_1_75' title='bbox 1299 1285 1476 1358; x_wconf 87' lang='lat' dir='ltr'>Dominus</span> <span class='ocrx_word' id='word_1_76' title='bbox 1487 1289 1587 1358; x_wconf 88' lang='lat' dir='ltr'>lesus</span> <span class='ocrx_word' id='word_1_77' title='bbox 1603 1283 1748 1358; x_wconf 87' lang='lat' dir='ltr'>advenit</span> <span class='ocrx_word' id='word_1_78' title='bbox 1763 1307 1847 1358; x_wconf 92' lang='lat' dir='ltr'>cum</span> 
     </span>
     <span class='ocr_line' id='line_1_8' title="bbox 260 1381 1845 1504; baseline 0.005 -36"><span class='ocrx_word' id='word_1_79' title='bbox 260 1381 393 1493; x_wconf 80' lang='lat' dir='ltr'>angelis</span> <span class='ocrx_word' id='word_1_80' title='bbox 408 1401 498 1489; x_wconf 92' lang='lat' dir='ltr'>suis,</span> <span class='ocrx_word' id='word_1_81' title='bbox 514 1415 551 1474; x_wconf 84' lang='lat' dir='ltr'>et</span> <span class='ocrx_word' id='word_1_82' title='bbox 566 1403 744 1502; x_wconf 87' lang='lat' dir='ltr'>accipiens</span> <span class='ocrx_word' id='word_1_83' title='bbox 756 1405 915 1478; x_wconf 91' lang='lat' dir='ltr'>animam</span> <span class='ocrx_word' id='word_1_84' title='bbox 927 1407 1020 1504; x_wconf 92' lang='lat' dir='ltr'>ejus,</span> <span class='ocrx_word' id='word_1_85' title='bbox 1038 1403 1186 1480; x_wconf 82' lang='lat' dir='ltr'>tradidit</span> <span class='ocrx_word' id='word_1_86' title='bbox 1198 1404 1361 1478; x_wconf 86' lang='lat' dir='ltr'>Michaeli</span> <span class='ocrx_word' id='word_1_87' title='bbox 1378 1403 1618 1502; x_wconf 66' lang='lat' dir='ltr'>archangelo,</span> <span class='ocrx_word' id='word_1_88' title='bbox 1636 1419 1673 1478; x_wconf 92' lang='lat' dir='ltr'>et</span> <span class='ocrx_word' id='word_1_89' title='bbox 1688 1405 1845 1478; x_wconf 85' lang='lat' dir='ltr'><strong>recessit.</strong></span> 
     </span>
     <span class='ocr_line' id='line_1_9' title="bbox 143 1515 1848 1627; baseline 0.007 -40"><span class='ocrx_word' id='word_1_90' title='bbox 143 1599 147 1606; x_wconf 31' lang='lat'>¹</span> <span class='ocrx_word' id='word_1_91' title='bbox 260 1515 425 1591; x_wconf 89' lang='lat' dir='ltr'><strong>Diluculo</strong></span> <span class='ocrx_word' id='word_1_92' title='bbox 441 1538 561 1594; x_wconf 89' lang='lat' dir='ltr'>autem</span> <span class='ocrx_word' id='word_1_93' title='bbox 576 1523 785 1600; x_wconf 89' lang='lat' dir='ltr'>levaverunt</span> <span class='ocrx_word' id='word_1_94' title='bbox 800 1527 953 1626; x_wconf 89' lang='lat' dir='ltr'>apostoli</span> <span class='ocrx_word' id='word_1_95' title='bbox 968 1552 1052 1600; x_wconf 90' lang='lat' dir='ltr'>cum</span> <span class='ocrx_word' id='word_1_96' title='bbox 1067 1527 1198 1601; x_wconf 89' lang='lat' dir='ltr'>lectulo</span> <span class='ocrx_word' id='word_1_97' title='bbox 1215 1553 1347 1627; x_wconf 87' lang='lat' dir='ltr'>corpus</span> <span class='ocrx_word' id='word_1_98' title='bbox 1362 1526 1455 1624; x_wconf 87' lang='lat' dir='ltr'>ejus,</span> <span class='ocrx_word' id='word_1_99' title='bbox 1474 1541 1744 1626; x_wconf 86' lang='lat' dir='ltr'>posueruntque</span> <span class='ocrx_word' id='word_1_100' title='bbox 1759 1524 1848 1599; x_wconf 90' lang='lat' dir='ltr'>illud</span> 
     </span>
     <span class='ocr_line' id='line_1_10' title="bbox 260 1638 1849 1747; baseline 0.006 -38"><span class='ocrx_word' id='word_1_101' title='bbox 260 1638 297 1710; x_wconf 93' lang='lat' dir='ltr'>in</span> <span class='ocrx_word' id='word_1_102' title='bbox 314 1659 571 1735; x_wconf 88' lang='lat' dir='ltr'>monumento,</span> <span class='ocrx_word' id='word_1_103' title='bbox 590 1659 626 1716; x_wconf 89' lang='lat' dir='ltr'>et</span> <span class='ocrx_word' id='word_1_104' title='bbox 641 1646 893 1720; x_wconf 89' lang='lat' dir='ltr'>custodiebant</span> <span class='ocrx_word' id='word_1_105' title='bbox 903 1648 1023 1746; x_wconf 91' lang='lat' dir='ltr'>ipsum</span> <span class='ocrx_word' id='word_1_106' title='bbox 1044 1645 1241 1724; x_wconf 86' lang='lat' dir='ltr'>adventum</span> <span class='ocrx_word' id='word_1_107' title='bbox 1257 1647 1405 1722; x_wconf 88' lang='lat' dir='ltr'>Domini</span> <span class='ocrx_word' id='word_1_108' title='bbox 1421 1645 1678 1747; x_wconf 75' lang='lat' dir='ltr'>praestolantes.</span> <span class='ocrx_word' id='word_1_109' title='bbox 1703 1651 1748 1718; x_wconf 88' lang='lat' dir='ltr'>Et</span> <span class='ocrx_word' id='word_1_110' title='bbox 1765 1670 1849 1720; x_wconf 85' lang='lat' dir='ltr'>ecce</span> 
     </span>
     <span class='ocr_line' id='line_1_11' title="bbox 260 1757 1920 1868; baseline 0.006 -39"><span class='ocrx_word' id='word_1_111' title='bbox 260 1759 389 1830; x_wconf 88' lang='lat' dir='ltr'>iterum</span> <span class='ocrx_word' id='word_1_112' title='bbox 408 1761 517 1835; x_wconf 88' lang='lat' dir='ltr'>astitit</span> <span class='ocrx_word' id='word_1_113' title='bbox 534 1765 583 1836; x_wconf 90' lang='lat' dir='ltr'>eis</span> <span class='ocrx_word' id='word_1_114' title='bbox 606 1766 806 1857; x_wconf 84' lang='lat' dir='ltr'>Dominus,</span> <span class='ocrx_word' id='word_1_115' title='bbox 831 1781 867 1840; x_wconf 87' lang='lat' dir='ltr'>et</span> <span class='ocrx_word' id='word_1_116' title='bbox 882 1783 1089 1866; x_wconf 89' lang='lat' dir='ltr'>susceptum</span> <span class='ocrx_word' id='word_1_117' title='bbox 1104 1793 1236 1868; x_wconf 92' lang='lat' dir='ltr'>corpus</span> <span class='ocrx_word' id='word_1_118' title='bbox 1252 1782 1418 1841; x_wconf 90' lang='lat' dir='ltr'>sanctum</span> <span class='ocrx_word' id='word_1_119' title='bbox 1433 1767 1471 1839; x_wconf 92' lang='lat' dir='ltr'>in</span> <span class='ocrx_word' id='word_1_120' title='bbox 1488 1765 1586 1840; x_wconf 91' lang='lat' dir='ltr'>nube</span> <span class='ocrx_word' id='word_1_121' title='bbox 1602 1765 1732 1860; x_wconf 80' lang='lat' dir='ltr'>deferri</span> <span class='ocrx_word' id='word_1_122' title='bbox 1745 1767 1850 1863; x_wconf 89' lang='lat' dir='ltr'>jussit</span> <span class='ocrx_word' id='word_1_123' title='bbox 1910 1757 1920 1772; x_wconf 81' lang='grc'><strong>’</strong></span> 
     </span>
     <span class='ocr_line' id='line_1_12' title="bbox 260 1879 1850 1986; baseline 0.008 -37"><span class='ocrx_word' id='word_1_124' title='bbox 260 1879 297 1950; x_wconf 94' lang='lat' dir='ltr'>in</span> <span class='ocrx_word' id='word_1_125' title='bbox 315 1879 539 1978; x_wconf 84' lang='lat' dir='ltr'>paradisum,</span> <span class='ocrx_word' id='word_1_126' title='bbox 562 1883 626 1956; x_wconf 92' lang='lat' dir='ltr'>ubi</span> <span class='ocrx_word' id='word_1_127' title='bbox 647 1911 745 1960; x_wconf 91' lang='lat' dir='ltr'>nunc</span> <span class='ocrx_word' id='word_1_128' title='bbox 765 1903 949 1986; x_wconf 89' lang='lat' dir='ltr'>resumpta</span> <span class='ocrx_word' id='word_1_129' title='bbox 971 1889 1093 1964; x_wconf 91' lang='lat' dir='ltr'>anima</span> <span class='ocrx_word' id='word_1_130' title='bbox 1116 1915 1200 1962; x_wconf 92' lang='lat' dir='ltr'>cum</span> <span class='ocrx_word' id='word_1_131' title='bbox 1226 1888 1347 1963; x_wconf 89' lang='lat' dir='ltr'>electis</span> <span class='ocrx_word' id='word_1_132' title='bbox 1368 1888 1444 1986; x_wconf 87' lang='lat' dir='ltr'>ejus</span> <span class='ocrx_word' id='word_1_133' title='bbox 1464 1886 1626 1961; x_wconf 79' lang='lat' dir='ltr'>exultans</span> <span class='ocrx_word' id='word_1_134' title='bbox 1645 1887 1850 1962; x_wconf 78' lang='lat' dir='ltr'>aternitatis</span> 
     </span>
     <span class='ocr_line' id='line_1_13' title="bbox 259 1997 1847 2108; baseline 0.006 -38"><span class='ocrx_word' id='word_1_135' title='bbox 259 1997 366 2072; x_wconf 91' lang='lat' dir='ltr'>bonis</span> <span class='ocrx_word' id='word_1_136' title='bbox 391 2001 492 2074; x_wconf 92' lang='lat' dir='ltr'>nullo</span> <span class='ocrx_word' id='word_1_137' title='bbox 514 2006 692 2078; x_wconf 73' lang='lat' dir='ltr'>occasuris</span> <span class='ocrx_word' id='word_1_138' title='bbox 714 2005 787 2079; x_wconf 88' lang='lat' dir='ltr'>fine</span> <span class='ocrx_word' id='word_1_139' title='bbox 807 2006 1014 2105; x_wconf 80' lang='lat' dir='ltr'>perfruitur.</span> <span class='ocrx_word' id='word_1_140' title='bbox 1039 2037 1058 2078; x_wconf 82' lang='lat' dir='ltr'>u</span> <span class='ocrx_word' id='word_1_141' title='bbox 1081 2013 1133 2080; x_wconf 89' lang='lat' dir='ltr'>Ex</span> <span class='ocrx_word' id='word_1_142' title='bbox 1165 2033 1236 2108; x_wconf 90' lang='lat' dir='ltr'>qua</span> <span class='ocrx_word' id='word_1_143' title='bbox 1257 2009 1405 2107; x_wconf 91' lang='lat' dir='ltr'>quidem</span> <span class='ocrx_word' id='word_1_144' title='bbox 1429 2009 1520 2080; x_wconf 90' lang='lat' dir='ltr'>tanti</span> <span class='ocrx_word' id='word_1_145' title='bbox 1541 2006 1610 2080; x_wconf 83' lang='lat' dir='ltr'>viri</span> <span class='ocrx_word' id='word_1_146' title='bbox 1634 2006 1847 2098; x_wconf 87' lang='lat' dir='ltr'>assertione,</span> 
     </span>
     <span class='ocr_line' id='line_1_14' title="bbox 259 2118 1850 2225; baseline 0.006 -37"><span class='ocrx_word' id='word_1_147' title='bbox 259 2141 370 2212; x_wconf 89' lang='lat' dir='ltr'>quam</span> <span class='ocrx_word' id='word_1_148' title='bbox 386 2118 561 2215; x_wconf 90' lang='lat' dir='ltr'>gloriosus</span> <span class='ocrx_word' id='word_1_149' title='bbox 577 2123 643 2196; x_wconf 91' lang='lat' dir='ltr'>iste</span> <span class='ocrx_word' id='word_1_150' title='bbox 658 2149 807 2198; x_wconf 85' lang='lat' dir='ltr'>summae</span> <span class='ocrx_word' id='word_1_151' title='bbox 822 2124 969 2223; x_wconf 91' lang='lat' dir='ltr'>virginis</span> <span class='ocrx_word' id='word_1_152' title='bbox 985 2129 1154 2200; x_wconf 79' lang='lat' dir='ltr'>transitus</span> <span class='ocrx_word' id='word_1_153' title='bbox 1173 2128 1219 2199; x_wconf 88' lang='lat' dir='ltr'>sit</span> <span class='ocrx_word' id='word_1_154' title='bbox 1235 2127 1360 2225; x_wconf 91' lang='lat' dir='ltr'>liquet.</span> <span class='ocrx_word' id='word_1_155' title='bbox 1380 2124 1435 2199; x_wconf 82' lang='lat' dir='ltr'>Ad</span> <span class='ocrx_word' id='word_1_156' title='bbox 1454 2149 1564 2223; x_wconf 91' lang='lat' dir='ltr'>quem</span> <span class='ocrx_word' id='word_1_157' title='bbox 1578 2123 1747 2218; x_wconf 90' lang='lat' dir='ltr'>videlicet</span> <span class='ocrx_word' id='word_1_158' title='bbox 1761 2150 1850 2198; x_wconf 91' lang='lat' dir='ltr'>con·</span> 
     </span>
     <span class='ocr_line' id='line_1_15' title="bbox 260 2241 1851 2347; baseline 0.008 -38"><span class='ocrx_word' id='word_1_159' title='bbox 260 2241 476 2314; x_wconf 88' lang='lat' dir='ltr'>secrandum</span> <span class='ocrx_word' id='word_1_160' title='bbox 493 2269 556 2317; x_wconf 90' lang='lat' dir='ltr'>seu</span> <span class='ocrx_word' id='word_1_161' title='bbox 577 2244 835 2320; x_wconf 89' lang='lat' dir='ltr'>celebrandum</span> <span class='ocrx_word' id='word_1_162' title='bbox 850 2261 925 2321; x_wconf 87' lang='lat' dir='ltr'>tam</span> <span class='ocrx_word' id='word_1_163' title='bbox 940 2249 1018 2347; x_wconf 90' lang='lat' dir='ltr'>ipse</span> <span class='ocrx_word' id='word_1_164' title='bbox 1032 2249 1209 2323; x_wconf 91' lang='lat' dir='ltr'>Dominus</span> <span class='ocrx_word' id='word_1_165' title='bbox 1225 2273 1310 2321; x_wconf 91' lang='lat' dir='ltr'>cum</span> <span class='ocrx_word' id='word_1_166' title='bbox 1327 2249 1461 2345; x_wconf 84' lang='lat' dir='ltr'>angelis</span> <span class='ocrx_word' id='word_1_167' title='bbox 1481 2247 1527 2320; x_wconf 91' lang='lat' dir='ltr'>de</span> <span class='ocrx_word' id='word_1_168' title='bbox 1542 2248 1707 2347; x_wconf 89' lang='lat' dir='ltr'>supernis</span> <span class='ocrx_word' id='word_1_169' title='bbox 1724 2272 1851 2322; x_wconf 90' lang='lat' dir='ltr'>occur·</span> 
     </span>
     <span class='ocr_line' id='line_1_16' title="bbox 261 2360 1853 2467; baseline 0.006 -36"><span class='ocrx_word' id='word_1_170' title='bbox 261 2360 328 2449; x_wconf 91' lang='lat' dir='ltr'>rit,</span> <span class='ocrx_word' id='word_1_171' title='bbox 347 2385 457 2458; x_wconf 89' lang='lat' dir='ltr'>quam</span> <span class='ocrx_word' id='word_1_172' title='bbox 472 2365 626 2462; x_wconf 90' lang='lat' dir='ltr'>apostoli</span> <span class='ocrx_word' id='word_1_173' title='bbox 638 2365 684 2440; x_wconf 91' lang='lat' dir='ltr'>de</span> <span class='ocrx_word' id='word_1_174' title='bbox 700 2366 875 2441; x_wconf 86' lang='lat' dir='ltr'>universis</span> <span class='ocrx_word' id='word_1_175' title='bbox 896 2367 1104 2466; x_wconf 85' lang='lat' dir='ltr'>regionibus</span> <span class='ocrx_word' id='word_1_176' title='bbox 1124 2383 1209 2442; x_wconf 88' lang='lat' dir='ltr'>sunt</span> <span class='ocrx_word' id='word_1_177' title='bbox 1224 2367 1452 2466; x_wconf 88' lang='lat' dir='ltr'>congregati,</span> <span class='ocrx_word' id='word_1_178' title='bbox 1470 2382 1511 2439; x_wconf 91' lang='lat' dir='ltr'>ut</span> <span class='ocrx_word' id='word_1_179' title='bbox 1524 2367 1693 2467; x_wconf 84' lang='lat' dir='ltr'>exequias</span> <span class='ocrx_word' id='word_1_180' title='bbox 1704 2367 1780 2464; x_wconf 91' lang='lat' dir='ltr'>ejus</span> <span class='ocrx_word' id='word_1_181' title='bbox 1795 2367 1853 2441; x_wconf 90' lang='lat' dir='ltr'>isti</span> 
     </span>
     <span class='ocr_line' id='line_1_17' title="bbox 261 2487 965 2588; baseline 0.014 -36"><span class='ocrx_word' id='word_1_182' title='bbox 261 2501 518 2580; x_wconf 60' lang='lat' dir='ltr'>prepararent,</span> <span class='ocrx_word' id='word_1_183' title='bbox 536 2511 647 2584; x_wconf 89' lang='lat' dir='ltr'>quam</span> <span class='ocrx_word' id='word_1_184' title='bbox 662 2487 714 2561; x_wconf 90' lang='lat' dir='ltr'>illi</span> <span class='ocrx_word' id='word_1_185' title='bbox 725 2489 965 2588; x_wconf 87' lang='lat' dir='ltr'>susciperent.</span> 
     </span>
    </p>

    <p class='ocr_par' dir='ltr' id='par_1_3' title="bbox 189 2602 1919 5233">
     <span class='ocr_line' id='line_1_18' title="bbox 310 2602 1853 2710; baseline 0.005 -38"><span class='ocrx_word' id='word_1_186' title='bbox 310 2602 449 2675; x_wconf 80' lang='lat' dir='ltr'>Scirum</span> <span class='ocrx_word' id='word_1_187' title='bbox 470 2606 652 2703; x_wconf 91' lang='lat' dir='ltr'>apostolos</span> <span class='ocrx_word' id='word_1_188' title='bbox 673 2608 711 2680; x_wconf 95' lang='lat' dir='ltr'>in</span> <span class='ocrx_word' id='word_1_189' title='bbox 733 2623 849 2681; x_wconf 88' lang='lat' dir='ltr'>morte</span> <span class='ocrx_word' id='word_1_190' title='bbox 870 2610 1017 2682; x_wconf 91' lang='lat' dir='ltr'>Domini</span> <span class='ocrx_word' id='word_1_191' title='bbox 1038 2625 1136 2682; x_wconf 92' lang='lat' dir='ltr'>metu</span> <span class='ocrx_word' id='word_1_192' title='bbox 1154 2610 1261 2682; x_wconf 81' lang='lat' dir='ltr'>fuisse</span> <span class='ocrx_word' id='word_1_193' title='bbox 1283 2609 1484 2710; x_wconf 86' lang='lat' dir='ltr'>dispersos,</span> <span class='ocrx_word' id='word_1_194' title='bbox 1508 2624 1543 2681; x_wconf 89' lang='lat' dir='ltr'>et</span> <span class='ocrx_word' id='word_1_195' title='bbox 1567 2608 1606 2681; x_wconf 94' lang='lat' dir='ltr'>in</span> <span class='ocrx_word' id='word_1_196' title='bbox 1627 2607 1749 2706; x_wconf 88' lang='lat' dir='ltr'>fugam</span> <span class='ocrx_word' id='word_1_197' title='bbox 1764 2634 1853 2682; x_wconf 91' lang='lat' dir='ltr'>con-</span> 
     </span>
     <span class='ocr_line' id='line_1_19' title="bbox 262 2728 1856 2830; baseline 0.007 -37"><span class='ocrx_word' id='word_1_198' title='bbox 262 2746 396 2804; x_wconf 83' lang='lat' dir='ltr'>versos.</span> <span class='ocrx_word' id='word_1_199' title='bbox 416 2729 518 2808; x_wconf 89' lang='lat' dir='ltr'>Nunc</span> <span class='ocrx_word' id='word_1_200' title='bbox 535 2742 655 2801; x_wconf 88' lang='lat' dir='ltr'>autem</span> <span class='ocrx_word' id='word_1_201' title='bbox 672 2729 797 2803; x_wconf 90' lang='lat' dir='ltr'>divina</span> <span class='ocrx_word' id='word_1_202' title='bbox 811 2729 1079 2828; x_wconf 85' lang='lat' dir='ltr'>dispensatione</span> <span class='ocrx_word' id='word_1_203' title='bbox 1096 2731 1230 2804; x_wconf 88' lang='lat' dir='ltr'>factum</span> <span class='ocrx_word' id='word_1_204' title='bbox 1251 2746 1323 2823; x_wconf 91' lang='lat' dir='ltr'>est,</span> <span class='ocrx_word' id='word_1_205' title='bbox 1346 2747 1387 2803; x_wconf 92' lang='lat' dir='ltr'>ut</span> <span class='ocrx_word' id='word_1_206' title='bbox 1402 2731 1503 2830; x_wconf 92' lang='lat' dir='ltr'>quod</span> <span class='ocrx_word' id='word_1_207' title='bbox 1519 2731 1557 2804; x_wconf 92' lang='lat' dir='ltr'>in</span> <span class='ocrx_word' id='word_1_208' title='bbox 1574 2728 1650 2804; x_wconf 83' lang='lat' dir='ltr'>filio</span> <span class='ocrx_word' id='word_1_209' title='bbox 1665 2730 1786 2802; x_wconf 90' lang='lat' dir='ltr'>minus</span> <span class='ocrx_word' id='word_1_210' title='bbox 1802 2747 1856 2804; x_wconf 89' lang='lat' dir='ltr'>est</span> 
     </span>
     <span class='ocr_line' id='line_1_20' title="bbox 261 2845 1855 2948; baseline 0.006 -34"><span class='ocrx_word' id='word_1_211' title='bbox 261 2855 424 2933; x_wconf 87' lang='lat' dir='ltr'>auctum,</span> <span class='ocrx_word' id='word_1_212' title='bbox 437 2845 474 2916; x_wconf 95' lang='lat' dir='ltr'>in</span> <span class='ocrx_word' id='word_1_213' title='bbox 489 2845 663 2946; x_wconf 86' lang='lat' dir='ltr'>obsequio</span> <span class='ocrx_word' id='word_1_214' title='bbox 681 2848 804 2922; x_wconf 88' lang='lat' dir='ltr'>matris</span> <span class='ocrx_word' id='word_1_215' title='bbox 821 2865 1132 2948; x_wconf 84' lang='lat' dir='ltr'>recompensetur3</span> <span class='ocrx_word' id='word_1_216' title='bbox 1144 2865 1180 2922; x_wconf 90' lang='lat' dir='ltr'>et</span> <span class='ocrx_word' id='word_1_217' title='bbox 1191 2851 1292 2948; x_wconf 94' lang='lat' dir='ltr'>quod</span> <span class='ocrx_word' id='word_1_218' title='bbox 1308 2850 1359 2924; x_wconf 92' lang='lat' dir='ltr'>ibi</span> <span class='ocrx_word' id='word_1_219' title='bbox 1375 2849 1601 2948; x_wconf 87' lang='lat' dir='ltr'>deliquerant</span> <span class='ocrx_word' id='word_1_220' title='bbox 1612 2848 1776 2947; x_wconf 88' lang='lat' dir='ltr'>dispersi,</span> <span class='ocrx_word' id='word_1_221' title='bbox 1794 2851 1855 2924; x_wconf 90' lang='lat' dir='ltr'>hic</span> 
     </span>
     <span class='ocr_line' id='line_1_21' title="bbox 261 2965 1854 3068; baseline 0.006 -34"><span class='ocrx_word' id='word_1_222' title='bbox 261 2965 497 3038; x_wconf 89' lang='lat' dir='ltr'>emendarent</span> <span class='ocrx_word' id='word_1_223' title='bbox 512 2967 729 3064; x_wconf 87' lang='lat' dir='ltr'>congregati.</span> <span class='ocrx_word' id='word_1_224' title='bbox 752 2971 803 3041; x_wconf 84' lang='lat' dir='ltr'>Ex</span> <span class='ocrx_word' id='word_1_225' title='bbox 818 2993 892 3067; x_wconf 91' lang='lat' dir='ltr'>quo</span> <span class='ocrx_word' id='word_1_226' title='bbox 913 2970 1023 3042; x_wconf 88' lang='lat' dir='ltr'>etiam</span> <span class='ocrx_word' id='word_1_227' title='bbox 1043 2985 1211 3068; x_wconf 85' lang='lat' dir='ltr'>apparet,</span> <span class='ocrx_word' id='word_1_228' title='bbox 1231 2985 1367 3068; x_wconf 91' lang='lat' dir='ltr'>quanto</span> <span class='ocrx_word' id='word_1_229' title='bbox 1385 2969 1536 3067; x_wconf 91' lang='lat' dir='ltr'>amplius</span> <span class='ocrx_word' id='word_1_230' title='bbox 1553 2969 1599 3043; x_wconf 92' lang='lat' dir='ltr'>de</span> <span class='ocrx_word' id='word_1_231' title='bbox 1614 2968 1756 3042; x_wconf 92' lang='lat' dir='ltr'>honore</span> <span class='ocrx_word' id='word_1_232' title='bbox 1776 2994 1854 3044; x_wconf 88' lang='lat' dir='ltr'>ma·</span> 
     </span>
     <span class='ocr_line' id='line_1_22' title="bbox 261 3070 1854 3188; baseline 0.006 -33"><span class='ocrx_word' id='word_1_233' title='bbox 261 3084 325 3156; x_wconf 89' lang='lat' dir='ltr'>tris</span> <span class='ocrx_word' id='word_1_234' title='bbox 341 3083 416 3183; x_wconf 85' lang='lat' dir='ltr'>ipse</span> <span class='ocrx_word' id='word_1_235' title='bbox 433 3086 630 3177; x_wconf 88' lang='lat' dir='ltr'>Dominus,</span> <span class='ocrx_word' id='word_1_236' title='bbox 647 3070 756 3186; x_wconf 84' lang='lat' dir='ltr'>quam</span> <span class='ocrx_word' id='word_1_237' title='bbox 773 3088 819 3162; x_wconf 93' lang='lat' dir='ltr'>de</span> <span class='ocrx_word' id='word_1_238' title='bbox 835 3090 984 3187; x_wconf 89' lang='lat' dir='ltr'>proprio</span> <span class='ocrx_word' id='word_1_239' title='bbox 1001 3089 1108 3162; x_wconf 84' lang='lat' dir='ltr'>fuisse</span> <span class='ocrx_word' id='word_1_240' title='bbox 1123 3091 1287 3163; x_wconf 86' lang='lat' dir='ltr'>videatur</span> <span class='ocrx_word' id='word_1_241' title='bbox 1302 3088 1492 3178; x_wconf 91' lang='lat' dir='ltr'>sollicitus,</span> <span class='ocrx_word' id='word_1_242' title='bbox 1511 3090 1541 3162; x_wconf 92' lang='lat' dir='ltr'>si</span> <span class='ocrx_word' id='word_1_243' title='bbox 1557 3089 1638 3188; x_wconf 87' lang='lat' dir='ltr'>quis</span> <span class='ocrx_word' id='word_1_244' title='bbox 1653 3101 1728 3162; x_wconf 80' lang='lat' dir='ltr'>tam</span> <span class='ocrx_word' id='word_1_245' title='bbox 1743 3089 1854 3164; x_wconf 87' lang='lat' dir='ltr'>vitam</span> 
     </span>
     <span class='ocr_line' id='line_1_23' title="bbox 261 3191 1855 3310; baseline 0.004 -34"><span class='ocrx_word' id='word_1_246' title='bbox 261 3206 387 3277; x_wconf 87' lang='lat' dir='ltr'>matris</span> <span class='ocrx_word' id='word_1_247' title='bbox 401 3231 510 3304; x_wconf 89' lang='lat' dir='ltr'>quam</span> <span class='ocrx_word' id='word_1_248' title='bbox 526 3209 660 3281; x_wconf 88' lang='lat' dir='ltr'>exitum</span> <span class='ocrx_word' id='word_1_249' title='bbox 675 3225 814 3308; x_wconf 87' lang='lat' dir='ltr'>penset.</span> <span class='ocrx_word' id='word_1_250' title='bbox 835 3217 913 3309; x_wconf 90' lang='lat' dir='ltr'>lpse</span> <span class='ocrx_word' id='word_1_251' title='bbox 934 3213 1086 3310; x_wconf 92' lang='lat' dir='ltr'>quippe,</span> <span class='ocrx_word' id='word_1_252' title='bbox 1110 3239 1185 3284; x_wconf 91' lang='lat' dir='ltr'>non</span> <span class='ocrx_word' id='word_1_253' title='bbox 1196 3191 1381 3296; x_wconf 72' lang='lat' dir='ltr'>‚solum&#39;in</span> <span class='ocrx_word' id='word_1_254' title='bbox 1397 3212 1587 3310; x_wconf 90' lang='lat' dir='ltr'>passione,</span> <span class='ocrx_word' id='word_1_255' title='bbox 1605 3211 1855 3284; x_wconf 84' lang='lat' dir='ltr'>verumetiam</span> 
     </span>
     <span class='ocr_line' id='line_1_24' title="bbox 262 3331 1855 3432; baseline 0.001 -32"><span class='ocrx_word' id='word_1_256' title='bbox 262 3342 368 3400; x_wconf 87' lang='lat' dir='ltr'>antea</span> <span class='ocrx_word' id='word_1_257' title='bbox 387 3342 487 3400; x_wconf 85' lang='lat' dir='ltr'>tanta</span> <span class='ocrx_word' id='word_1_258' title='bbox 510 3332 678 3404; x_wconf 90' lang='lat' dir='ltr'>sustinuit</span> <span class='ocrx_word' id='word_1_259' title='bbox 702 3331 858 3430; x_wconf 92' lang='lat' dir='ltr'>probra,</span> <span class='ocrx_word' id='word_1_260' title='bbox 883 3347 922 3405; x_wconf 91' lang='lat' dir='ltr'>ut</span> <span class='ocrx_word' id='word_1_261' title='bbox 935 3331 1060 3406; x_wconf 84' lang='lat' dir='ltr'>&#39;homo</span> <span class='ocrx_word' id='word_1_262' title='bbox 1084 3358 1214 3423; x_wconf 84' lang='lat' dir='ltr'>vorax,</span> <span class='ocrx_word' id='word_1_263' title='bbox 1233 3349 1268 3407; x_wconf 89' lang='lat' dir='ltr'>et</span> <span class='ocrx_word' id='word_1_264' title='bbox 1296 3349 1442 3432; x_wconf 90' lang='lat' dir='ltr'>potator</span> <span class='ocrx_word' id='word_1_265' title='bbox 1462 3333 1555 3422; x_wconf 88' lang='lat' dir='ltr'>vini,</span> <span class='ocrx_word' id='word_1_266' title='bbox 1579 3347 1616 3404; x_wconf 90' lang='lat' dir='ltr'>et</span> <span class='ocrx_word' id='word_1_267' title='bbox 1635 3332 1855 3406; x_wconf 79' lang='lat' dir='ltr'>daemonium</span> 
     </span>
     <span class='ocr_line' id='line_1_25' title="bbox 261 3447 1856 3554; baseline 0.001 -33"><span class='ocrx_word' id='word_1_268' title='bbox 261 3447 398 3521; x_wconf 86' lang='lat' dir='ltr'>habens</span> <span class='ocrx_word' id='word_1_269' title='bbox 423 3448 616 3541; x_wconf 90' lang='lat' dir='ltr'>diceretur,</span> <span class='ocrx_word' id='word_1_270' title='bbox 645 3453 745 3524; x_wconf 92' lang='lat' dir='ltr'>nulla</span> <span class='ocrx_word' id='word_1_271' title='bbox 771 3478 919 3554; x_wconf 89' lang='lat' dir='ltr'>prorsus</span> <span class='ocrx_word' id='word_1_272' title='bbox 944 3455 1099 3531; x_wconf 83' lang='lat' dir='ltr'>insamiae</span> <span class='ocrx_word' id='word_1_273' title='bbox 1119 3455 1259 3527; x_wconf 89' lang='lat' dir='ltr'>macula</span> <span class='ocrx_word' id='word_1_274' title='bbox 1285 3455 1408 3527; x_wconf 88' lang='lat' dir='ltr'>matris</span> <span class='ocrx_word' id='word_1_275' title='bbox 1428 3451 1676 3525; x_wconf 86' lang='lat' dir='ltr'>excellentiam</span> <span class='ocrx_word' id='word_1_276' title='bbox 1700 3452 1856 3550; x_wconf 85' lang='lat' dir='ltr'>respergi</span> 
     </span>
     <span class='ocr_line' id='line_1_26' title="bbox 263 3570 1919 3682; baseline 0.001 -41"><span class='ocrx_word' id='word_1_277' title='bbox 263 3570 420 3666; x_wconf 90' lang='lat' dir='ltr'>pertulit.</span> <span class='ocrx_word' id='word_1_278' title='bbox 443 3570 546 3646; x_wconf 88' lang='lat' dir='ltr'>Unde</span> <span class='ocrx_word' id='word_1_279' title='bbox 563 3588 599 3645; x_wconf 90' lang='lat' dir='ltr'>et</span> <span class='ocrx_word' id='word_1_280' title='bbox 619 3571 665 3644; x_wconf 91' lang='lat' dir='ltr'>de</span> <span class='ocrx_word' id='word_1_281' title='bbox 686 3574 763 3671; x_wconf 89' lang='lat' dir='ltr'>ipsa</span> <span class='ocrx_word' id='word_1_282' title='bbox 780 3576 980 3648; x_wconf 88' lang='lat' dir='ltr'>nasciturus</span> <span class='ocrx_word' id='word_1_283' title='bbox 1001 3601 1176 3675; x_wconf 89' lang='lat' dir='ltr'>sponsum</span> <span class='ocrx_word' id='word_1_284' title='bbox 1192 3577 1225 3648; x_wconf 94' lang='lat' dir='ltr'>ei</span> <span class='ocrx_word' id='word_1_285' title='bbox 1242 3574 1417 3673; x_wconf 89' lang='lat' dir='ltr'>providit,</span> <span class='ocrx_word' id='word_1_286' title='bbox 1436 3597 1627 3672; x_wconf 88' lang='lat' dir='ltr'>perquem</span> <span class='ocrx_word' id='word_1_287' title='bbox 1642 3597 1719 3644; x_wconf 93' lang='lat' dir='ltr'>non</span> <span class='ocrx_word' id='word_1_288' title='bbox 1737 3572 1855 3644; x_wconf 91' lang='lat' dir='ltr'>solum</span> <span class='ocrx_word' id='word_1_289' title='bbox 1914 3671 1919 3682; x_wconf 32' lang='grc'>1</span> 
     </span>
     <span class='ocr_line' id='line_1_27' title="bbox 263 3688 1857 3793; baseline 0.004 -33"><span class='ocrx_word' id='word_1_290' title='bbox 263 3688 339 3784; x_wconf 86' lang='lat' dir='ltr'>ejus</span> <span class='ocrx_word' id='word_1_291' title='bbox 354 3690 603 3788; x_wconf 84' lang='lat' dir='ltr'>corporalibus</span> <span class='ocrx_word' id='word_1_292' title='bbox 619 3693 942 3767; x_wconf 88' lang='lat' dir='ltr'>necessitudinibus</span> <span class='ocrx_word' id='word_1_293' title='bbox 957 3695 1182 3793; x_wconf 90' lang='lat' dir='ltr'>provideret,</span> <span class='ocrx_word' id='word_1_294' title='bbox 1199 3721 1324 3767; x_wconf 90' lang='lat' dir='ltr'>verum</span> <span class='ocrx_word' id='word_1_295' title='bbox 1339 3696 1447 3767; x_wconf 90' lang='lat' dir='ltr'>etiam</span> <span class='ocrx_word' id='word_1_296' title='bbox 1463 3709 1539 3766; x_wconf 84' lang='lat' dir='ltr'>tam</span> <span class='ocrx_word' id='word_1_297' title='bbox 1554 3691 1736 3766; x_wconf 90' lang='lat' dir='ltr'>maledicti</span> <span class='ocrx_word' id='word_1_298' title='bbox 1747 3716 1857 3789; x_wconf 91' lang='lat' dir='ltr'>quam</span> 
     </span>
     <span class='ocr_line' id='line_1_28' title="bbox 264 3807 1854 3913; baseline 0.004 -34"><span class='ocrx_word' id='word_1_299' title='bbox 264 3807 417 3882; x_wconf 84' lang='lat' dir='ltr'>insamiae</span> <span class='ocrx_word' id='word_1_300' title='bbox 433 3813 569 3883; x_wconf 87' lang='lat' dir='ltr'>crimen</span> <span class='ocrx_word' id='word_1_301' title='bbox 588 3811 635 3884; x_wconf 88' lang='lat' dir='ltr'>ab</span> <span class='ocrx_word' id='word_1_302' title='bbox 651 3838 693 3885; x_wconf 87' lang='lat' dir='ltr'>ea</span> <span class='ocrx_word' id='word_1_303' title='bbox 708 3814 947 3913; x_wconf 90' lang='lat' dir='ltr'>propulsaret.</span> <span class='ocrx_word' id='word_1_304' title='bbox 961 3815 1093 3886; x_wconf 89' lang='lat' dir='ltr'>Triduo</span> <span class='ocrx_word' id='word_1_305' title='bbox 1103 3815 1327 3886; x_wconf 90' lang='lat' dir='ltr'>dominicum</span> <span class='ocrx_word' id='word_1_306' title='bbox 1339 3839 1470 3912; x_wconf 90' lang='lat' dir='ltr'>corpus</span> <span class='ocrx_word' id='word_1_307' title='bbox 1489 3814 1526 3885; x_wconf 93' lang='lat' dir='ltr'>in</span> <span class='ocrx_word' id='word_1_308' title='bbox 1542 3813 1708 3912; x_wconf 87' lang='lat' dir='ltr'>sepulcro</span> <span class='ocrx_word' id='word_1_309' title='bbox 1729 3812 1854 3910; x_wconf 84' lang='lat' dir='ltr'>jacuit,</span> 
     </span>
     <span class='ocr_line' id='line_1_29' title="bbox 264 3927 1858 4030; baseline 0.003 -32"><span class='ocrx_word' id='word_1_310' title='bbox 264 3942 340 3999; x_wconf 91' lang='lat' dir='ltr'>eta</span> <span class='ocrx_word' id='word_1_311' title='bbox 366 3927 425 4000; x_wconf 92' lang='lat' dir='ltr'>die</span> <span class='ocrx_word' id='word_1_312' title='bbox 449 3932 719 4003; x_wconf 84' lang='lat' dir='ltr'>resurrectionis</span> <span class='ocrx_word' id='word_1_313' title='bbox 744 3932 981 4030; x_wconf 85' lang='lat' dir='ltr'>quadraginta</span> <span class='ocrx_word' id='word_1_314' title='bbox 1004 3933 1132 4006; x_wconf 88' lang='lat' dir='ltr'>diebus</span> <span class='ocrx_word' id='word_1_315' title='bbox 1157 3936 1415 4006; x_wconf 88' lang='lat' dir='ltr'>ascensionem.</span> <span class='ocrx_word' id='word_1_316' title='bbox 1432 3956 1533 4005; x_wconf 88' lang='lat' dir='ltr'>suam</span> <span class='ocrx_word' id='word_1_317' title='bbox 1558 3931 1708 4003; x_wconf 92' lang='lat' dir='ltr'>distulit.</span> <span class='ocrx_word' id='word_1_318' title='bbox 1739 3934 1858 4017; x_wconf 86' lang='lat' dir='ltr'>Quam</span> 
     </span>
     <span class='ocr_line' id='line_1_30' title="bbox 263 4045 1859 4162; baseline 0.001 -44"><span class='ocrx_word' id='word_1_319' title='bbox 263 4045 412 4144; x_wconf 91' lang='lat' dir='ltr'>quidem</span> <span class='ocrx_word' id='word_1_320' title='bbox 428 4047 637 4147; x_wconf 86' lang='lat' dir='ltr'>dilationem</span> <span class='ocrx_word' id='word_1_321' title='bbox 659 4076 910 4152; x_wconf 91' lang='lat' dir='ltr'>nequaquam,</span> <span class='ocrx_word' id='word_1_322' title='bbox 938 4069 979 4126; x_wconf 93' lang='lat' dir='ltr'>ut</span> <span class='ocrx_word' id='word_1_323' title='bbox 1003 4053 1140 4126; x_wconf 89' lang='lat' dir='ltr'>dictum</span> <span class='ocrx_word' id='word_1_324' title='bbox 1165 4069 1236 4144; x_wconf 86' lang='lat' dir='ltr'>est,</span> <span class='ocrx_word' id='word_1_325' title='bbox 1264 4054 1301 4124; x_wconf 93' lang='lat' dir='ltr'>in</span> <span class='ocrx_word' id='word_1_326' title='bbox 1326 4066 1440 4162; x_wconf 83' lang='lat' dir='ltr'>matre</span> <span class='ocrx_word' id='word_1_327' title='bbox 1461 4050 1619 4149; x_wconf 90' lang='lat' dir='ltr'>pertulit.</span> <span class='ocrx_word' id='word_1_328' title='bbox 1643 4051 1807 4146; x_wconf 89' lang='lat' dir='ltr'>Denique</span> <span class='ocrx_word' id='word_1_329' title='bbox 1822 4066 1859 4121; x_wconf 89' lang='lat' dir='ltr'>et</span> 
     </span>
     <span class='ocr_line' id='line_1_31' title="bbox 264 4157 1858 4272; baseline 0.003 -34"><span class='ocrx_word' id='word_1_330' title='bbox 264 4157 406 4240; x_wconf 86' lang='lat' dir='ltr'>sacrum</span> <span class='ocrx_word' id='word_1_331' title='bbox 431 4193 563 4268; x_wconf 90' lang='lat' dir='ltr'>corpus</span> <span class='ocrx_word' id='word_1_332' title='bbox 585 4170 679 4244; x_wconf 88' lang='lat' dir='ltr'>clam</span> <span class='ocrx_word' id='word_1_333' title='bbox 702 4174 801 4270; x_wconf 89' lang='lat' dir='ltr'>prius</span> <span class='ocrx_word' id='word_1_334' title='bbox 826 4174 862 4245; x_wconf 93' lang='lat' dir='ltr'>in</span> <span class='ocrx_word' id='word_1_335' title='bbox 879 4173 1087 4272; x_wconf 88' lang='lat' dir='ltr'>paradisum</span> <span class='ocrx_word' id='word_1_336' title='bbox 1113 4173 1254 4246; x_wconf 90' lang='lat' dir='ltr'>sustulit</span> <span class='ocrx_word' id='word_1_337' title='bbox 1269 4195 1379 4270; x_wconf 88' lang='lat' dir='ltr'>quam</span> <span class='ocrx_word' id='word_1_338' title='bbox 1400 4170 1639 4260; x_wconf 88' lang='lat' dir='ltr'>resuscitavit,</span> <span class='ocrx_word' id='word_1_339' title='bbox 1658 4193 1732 4266; x_wconf 93' lang='lat' dir='ltr'>quo</span> <span class='ocrx_word' id='word_1_340' title='bbox 1749 4169 1858 4242; x_wconf 87' lang='lat' dir='ltr'>mira·</span> 
     </span>
     <span class='ocr_line' id='line_1_32' title="bbox 264 4285 1859 4392; baseline 0.002 -35"><span class='ocrx_word' id='word_1_341' title='bbox 264 4285 373 4359; x_wconf 90' lang='lat' dir='ltr'>bilior</span> <span class='ocrx_word' id='word_1_342' title='bbox 388 4290 561 4365; x_wconf 79' lang='lat' dir='ltr'>exanimis</span> <span class='ocrx_word' id='word_1_343' title='bbox 584 4294 746 4390; x_wconf 90' lang='lat' dir='ltr'>corporis</span> <span class='ocrx_word' id='word_1_344' title='bbox 767 4295 964 4392; x_wconf 89' lang='lat' dir='ltr'>assumptio</span> <span class='ocrx_word' id='word_1_345' title='bbox 990 4293 1091 4367; x_wconf 87' lang='lat' dir='ltr'>fieret</span> <span class='ocrx_word' id='word_1_346' title='bbox 1115 4318 1158 4366; x_wconf 90' lang='lat' dir='ltr'>ac</span> <span class='ocrx_word' id='word_1_347' title='bbox 1183 4291 1413 4382; x_wconf 90' lang='lat' dir='ltr'>resurrecti0,</span> <span class='ocrx_word' id='word_1_348' title='bbox 1434 4289 1637 4364; x_wconf 88' lang='lat' dir='ltr'>nullatenus</span> <span class='ocrx_word' id='word_1_349' title='bbox 1648 4289 1723 4386; x_wconf 88' lang='lat' dir='ltr'>jam</span> <span class='ocrx_word' id='word_1_350' title='bbox 1740 4288 1859 4385; x_wconf 90' lang='lat' dir='ltr'>ipsum</span> 
     </span>
     <span class='ocr_line' id='line_1_33' title="bbox 265 4407 1860 4511; baseline 0.001 -33"><span class='ocrx_word' id='word_1_351' title='bbox 265 4409 474 4502; x_wconf 87' lang='lat' dir='ltr'>suscitatum</span> <span class='ocrx_word' id='word_1_352' title='bbox 490 4425 634 4483; x_wconf 88' lang='lat' dir='ltr'>terreno</span> <span class='ocrx_word' id='word_1_353' title='bbox 651 4428 820 4485; x_wconf 91' lang='lat' dir='ltr'>contactu</span> <span class='ocrx_word' id='word_1_354' title='bbox 833 4414 1000 4511; x_wconf 88' lang='lat' dir='ltr'>judicans</span> <span class='ocrx_word' id='word_1_355' title='bbox 1016 4413 1179 4511; x_wconf 90' lang='lat' dir='ltr'>dignum.</span> <span class='ocrx_word' id='word_1_356' title='bbox 1199 4418 1366 4485; x_wconf 88' lang='lat' dir='ltr'>Creatum</span> <span class='ocrx_word' id='word_1_357' title='bbox 1382 4427 1479 4483; x_wconf 82' lang='lat' dir='ltr'>extra</span> <span class='ocrx_word' id='word_1_358' title='bbox 1491 4407 1698 4509; x_wconf 87' lang='lat' dir='ltr'>paradisum</span> <span class='ocrx_word' id='word_1_359' title='bbox 1710 4408 1860 4505; x_wconf 87' lang='lat' dir='ltr'>legimus</span> 
     </span>
     <span class='ocr_line' id='line_1_34' title="bbox 267 4511 1859 4633; baseline -0.001 -33"><span class='ocrx_word' id='word_1_360' title='bbox 267 4529 398 4620; x_wconf 73' lang='lat' dir='ltr'>Adam,</span> <span class='ocrx_word' id='word_1_361' title='bbox 423 4511 780 4630; x_wconf 67' lang='lat' dir='ltr'>in&#39;paradisobvam</span> <span class='ocrx_word' id='word_1_362' title='bbox 801 4563 808 4606; x_wconf 90' lang='lat'><strong>:</strong></span> <span class='ocrx_word' id='word_1_363' title='bbox 828 4536 1075 4609; x_wconf 88' lang='lat' dir='ltr'>resuscitatum</span> <span class='ocrx_word' id='word_1_364' title='bbox 1092 4537 1129 4606; x_wconf 90' lang='lat' dir='ltr'>iu</span> <span class='ocrx_word' id='word_1_365' title='bbox 1147 4536 1249 4607; x_wconf 90' lang='lat' dir='ltr'>terris</span> <span class='ocrx_word' id='word_1_366' title='bbox 1265 4535 1480 4633; x_wconf 88' lang='lat' dir='ltr'>Dominum,</span> <span class='ocrx_word' id='word_1_367' title='bbox 1500 4532 1537 4605; x_wconf 92' lang='lat' dir='ltr'>in</span> <span class='ocrx_word' id='word_1_368' title='bbox 1554 4528 1757 4602; x_wconf 89' lang='lat' dir='ltr'>coelestibus</span> <span class='ocrx_word' id='word_1_369' title='bbox 1772 4552 1859 4600; x_wconf 87' lang='lat' dir='ltr'>vero</span> 
     </span>
     <span class='ocr_line' id='line_1_35' title="bbox 189 4647 1861 4754; baseline -0.001 -34"><span class='ocrx_word' id='word_1_370' title='bbox 189 4676 194 4686; x_wconf 95' lang='lat'>·</span> <span class='ocrx_word' id='word_1_371' title='bbox 267 4673 397 4748; x_wconf 90' lang='lat' dir='ltr'>corpus</span> <span class='ocrx_word' id='word_1_372' title='bbox 407 4665 622 4725; x_wconf 90' lang='lat' dir='ltr'>maternum.</span> <span class='ocrx_word' id='word_1_373' title='bbox 643 4654 1023 4752; x_wconf 83' lang='lat' dir='ltr'>Perpendantleminae</span> <span class='ocrx_word' id='word_1_374' title='bbox 1037 4670 1173 4754; x_wconf 88' lang='lat' dir='ltr'>quanta</span> <span class='ocrx_word' id='word_1_375' title='bbox 1183 4654 1389 4726; x_wconf 79' lang='lat' dir='ltr'>inferiorem</span> <span class='ocrx_word' id='word_1_376' title='bbox 1399 4673 1655 4726; x_wconf 77' lang='lat' dir='ltr'>serumserum</span> <span class='ocrx_word' id='word_1_377' title='bbox 1665 4647 1778 4746; x_wconf 87' lang='lat' dir='ltr'>gloria</span> <span class='ocrx_word' id='word_1_378' title='bbox 1789 4651 1861 4719; x_wconf 90' lang='lat' dir='ltr'>Do·</span> 
     </span>
     <span class='ocr_line' id='line_1_36' title="bbox 268 4768 1862 4873; baseline -0.001 -35"><span class='ocrx_word' id='word_1_379' title='bbox 268 4768 387 4841; x_wconf 90' lang='lat' dir='ltr'>minus</span> <span class='ocrx_word' id='word_1_380' title='bbox 401 4769 697 4872; x_wconf 86' lang='lat' dir='ltr'>sublimav[er]it,</span> <span class='ocrx_word' id='word_1_381' title='bbox 716 4791 752 4847; x_wconf 91' lang='lat' dir='ltr'>et</span> <span class='ocrx_word' id='word_1_382' title='bbox 765 4799 875 4873; x_wconf 90' lang='lat' dir='ltr'>quam</span> <span class='ocrx_word' id='word_1_383' title='bbox 891 4775 941 4848; x_wconf 89' lang='lat' dir='ltr'>eis</span> <span class='ocrx_word' id='word_1_384' title='bbox 957 4800 1034 4849; x_wconf 88' lang='lat' dir='ltr'>esse</span> <span class='ocrx_word' id='word_1_385' title='bbox 1049 4775 1221 4848; x_wconf 88' lang='lat' dir='ltr'>naturalis</span> <span class='ocrx_word' id='word_1_386' title='bbox 1238 4773 1400 4846; x_wconf 88' lang='lat' dir='ltr'>videatur</span> <span class='ocrx_word' id='word_1_387' title='bbox 1416 4787 1491 4844; x_wconf 84' lang='lat' dir='ltr'>tam</span> <span class='ocrx_word' id='word_1_388' title='bbox 1506 4768 1657 4842; x_wconf 89' lang='lat' dir='ltr'>coelestis</span> <span class='ocrx_word' id='word_1_389' title='bbox 1673 4789 1783 4866; x_wconf 87' lang='lat' dir='ltr'>quam</span> <span class='ocrx_word' id='word_1_390' title='bbox 1794 4780 1862 4838; x_wconf 73' lang='lat' dir='ltr'>ten</span> 
     </span>
     <span class='ocr_line' id='line_1_37' title="bbox 268 4882 1861 4994; baseline -0.001 -36"><span class='ocrx_word' id='word_1_391' title='bbox 268 4889 388 4960; x_wconf 89' lang='lat' dir='ltr'>restris</span> <span class='ocrx_word' id='word_1_392' title='bbox 398 4882 598 4987; x_wconf 78' lang='lat' dir='ltr'>paradisus.</span> <span class='ocrx_word' id='word_1_393' title='bbox 612 4899 652 4965; x_wconf 89' lang='lat' dir='ltr'>In</span> <span class='ocrx_word' id='word_1_394' title='bbox 663 4893 735 4966; x_wconf 92' lang='lat' dir='ltr'>hoc</span> <span class='ocrx_word' id='word_1_395' title='bbox 746 4895 880 4994; x_wconf 91' lang='lat' dir='ltr'>quippe</span> <span class='ocrx_word' id='word_1_396' title='bbox 894 4894 1069 4968; x_wconf 88' lang='lat' dir='ltr'>semineus</span> <span class='ocrx_word' id='word_1_397' title='bbox 1085 4919 1188 4968; x_wconf 81' lang='lat' dir='ltr'>sexus</span> <span class='ocrx_word' id='word_1_398' title='bbox 1201 4909 1276 4967; x_wconf 89' lang='lat' dir='ltr'>tam</span> <span class='ocrx_word' id='word_1_399' title='bbox 1287 4916 1439 4990; x_wconf 87' lang='lat' dir='ltr'>corpore</span> <span class='ocrx_word' id='word_1_400' title='bbox 1451 4914 1561 4990; x_wconf 87' lang='lat' dir='ltr'>quam</span> <span class='ocrx_word' id='word_1_401' title='bbox 1571 4888 1692 4961; x_wconf 85' lang='lat' dir='ltr'>anima</span> <span class='ocrx_word' id='word_1_402' title='bbox 1703 4885 1861 4984; x_wconf 90' lang='lat' dir='ltr'>primum</span> 
     </span>
     <span class='ocr_line' id='line_1_38' title="bbox 268 5001 1862 5118; baseline -0.002 -39"><span class='ocrx_word' id='word_1_403' title='bbox 268 5025 430 5100; x_wconf 88' lang='lat' dir='ltr'>creatus,</span> <span class='ocrx_word' id='word_1_404' title='bbox 450 5011 486 5082; x_wconf 91' lang='lat' dir='ltr'>in</span> <span class='ocrx_word' id='word_1_405' title='bbox 504 5013 612 5085; x_wconf 92' lang='lat' dir='ltr'>istum</span> <span class='ocrx_word' id='word_1_406' title='bbox 627 5013 739 5087; x_wconf 93' lang='lat' dir='ltr'>bodie</span> <span class='ocrx_word' id='word_1_407' title='bbox 756 5017 877 5088; x_wconf 89' lang='lat' dir='ltr'>anima</span> <span class='ocrx_word' id='word_1_408' title='bbox 892 5017 1026 5118; x_wconf 87' lang='lat' dir='ltr'>pariter</span> <span class='ocrx_word' id='word_1_409' title='bbox 1038 5041 1121 5087; x_wconf 92' lang='lat' dir='ltr'>cum</span> <span class='ocrx_word' id='word_1_410' title='bbox 1137 5038 1290 5113; x_wconf 88' lang='lat' dir='ltr'>corpore</span> <span class='ocrx_word' id='word_1_411' title='bbox 1306 5012 1531 5085; x_wconf 88' lang='lat' dir='ltr'>sublimatur.</span> <span class='ocrx_word' id='word_1_412' title='bbox 1551 5013 1605 5081; x_wconf 92' lang='lat' dir='ltr'>De</span> <span class='ocrx_word' id='word_1_413' title='bbox 1619 5005 1732 5078; x_wconf 85' lang='lat' dir='ltr'>veteri</span> <span class='ocrx_word' id='word_1_414' title='bbox 1748 5001 1862 5077; x_wconf 75' lang='lat' dir='ltr'>Adam</span> 
     </span>
     <span class='ocr_line' id='line_1_39' title="bbox 269 5123 1862 5233; baseline 0.002 -35"><span class='ocrx_word' id='word_1_415' title='bbox 269 5144 389 5206; x_wconf 87' lang='lat' dir='ltr'>creata</span> <span class='ocrx_word' id='word_1_416' title='bbox 407 5147 461 5203; x_wconf 88' lang='lat' dir='ltr'>est</span> <span class='ocrx_word' id='word_1_417' title='bbox 478 5135 551 5205; x_wconf 89' lang='lat' dir='ltr'>Eva</span> <span class='ocrx_word' id='word_1_418' title='bbox 567 5160 575 5206; x_wconf 75' lang='grc' dir='ltr'><strong><em>ε</em></strong></span> <span class='ocrx_word' id='word_1_419' title='bbox 590 5160 706 5210; x_wconf 83' lang='lat' dir='ltr'>novus</span> <span class='ocrx_word' id='word_1_420' title='bbox 723 5151 843 5208; x_wconf 89' lang='lat' dir='ltr'>autem</span> <span class='ocrx_word' id='word_1_421' title='bbox 854 5135 969 5218; x_wconf 77' lang='lat' dir='ltr'>Adam</span> <span class='ocrx_word' id='word_1_422' title='bbox 980 5152 1016 5210; x_wconf 89' lang='lat' dir='ltr'>et</span> <span class='ocrx_word' id='word_1_423' title='bbox 1032 5136 1162 5222; x_wconf 81' lang='lat' dir='ltr'>veteris</span> <span class='ocrx_word' id='word_1_424' title='bbox 1177 5133 1386 5233; x_wconf 87' lang='lat' dir='ltr'>redemptor</span> <span class='ocrx_word' id='word_1_425' title='bbox 1402 5145 1593 5230; x_wconf 83' lang='lat' dir='ltr'>generatur</span> <span class='ocrx_word' id='word_1_426' title='bbox 1608 5124 1785 5204; x_wconf 77' lang='lat' dir='ltr'>extraria.</span> <span class='ocrx_word' id='word_1_427' title='bbox 1800 5123 1862 5198; x_wconf 81' lang='lat' dir='ltr'>llla</span> 
     </span>
    </p>
   </div>
   <div class='ocr_carea' id='block_1_3' title="bbox 0 0 2275 6100">
    <p class='ocr_par' dir='ltr' id='par_1_4' title="bbox 0 0 2275 6100">
     <span class='ocr_line' id='line_1_40' title="bbox 0 0 2275 6100; baseline 0 0"><span class='ocrx_word' id='word_1_428' title='bbox 0 0 2275 6100; x_wconf 95' lang='lat' dir='ltr'> </span> 
     </span>
    </p>
   </div>
  </div>
 </body>
</html>
