4510 6108
452 561 522 635 526
1051 557 1178 630 PETRI
1203 555 1438 632 tumtunm

450 713 597 772 venerat
608 697 892 771 invitatusvino
899 698 1020 795 itaque
1030 696 1081 768 ibi
1091 695 1387 788 deficientc,dicit
1397 713 1512 771 mater
1522 701 1604 770 Jesu
1614 698 1660 770 ad
1667 705 1781 774 eum¹:
1792 730 1810 769 u
1818 695 1951 774 Vinum
1961 725 2035 776 non

450 819 597 893 habent.
618 850 635 887 u
653 825 696 890 Et
711 819 797 890 dicit
811 818 844 888 ei
857 821 956 890 lesus
977 846 984 888 :
1000 847 1017 886 ιι
1031 816 1127 904 Quid
1139 816 1228 890 mihi
1243 833 1279 890 et
1292 816 1357 891 tibi
1367 818 1515 890 mulier?
1528 818 1902 894 nondumvcnithora
1913 846 2004 896 mea.
2014 851 2033 891 o

450 941 543 1012 Dicit
560 955 675 1012 mater
692 940 766 1036 ejus
781 938 971 1010 ministris:
988 967 1005 1007 ιι
1016 939 1267 1036 Quodcunque
1283 937 1412 1011 dixerit
1421 939 1525 1011 vobis
1541 940 1658 1012 facite.
1675 969 1693 1009 n
1717 947 1761 1015 Et
1775 958 1859 1042 post
1875 942 1991 1041 aliqua
2001 947 2032 1012 ¹:

452 1091 469 1126 a
489 1061 582 1133 Dicit
598 1061 648 1133 eis
664 1065 763 1132 Jesus
781 1089 789 1134 ι
805 1090 822 1129 «
832 1058 981 1160 Impletc
996 1059 1144 1157 hydrias
1157 1085 1263 1159 aqua,
1283 1075 1351 1133 etc.
1367 1089 1386 1129 a
1411 1066 1503 1133 Ecce
1520 1076 1634 1134 mater
1650 1061 1781 1137 Christi
1796 1062 1843 1135 de
1857 1063 2036 1164 corporali

449 1178 625 1252 beneficio
651 1180 818 1270 sollicita,
847 1179 1105 1252 intercedendo
1128 1179 1256 1254 invitat
1277 1179 1392 1253 hlium
1412 1178 1459 1254 ad
1478 1180 1722 1280 praestandum
1746 1181 1979 1274 beneficium,
2001 1199 2037 1256 et

448 1301 550 1398 quasi
566 1300 612 1371 ab
629 1301 707 1399 ipso
725 1301 912 1398 objurgata
933 1302 1104 1398 graviter,
1126 1325 1201 1372 non
1219 1299 1371 1394 destitit,
1389 1300 1507 1374 donec
1523 1301 1623 1400 quod
1639 1301 1850 1377 intendebat
1866 1303 2033 1376 obtinuit.

449 1423 493 1491 Et
508 1418 656 1518 quidem
671 1422 701 1492 si
717 1421 905 1519 diligenter
921 1421 1152 1514 attendimus,
1164 1446 1240 1494 non
1254 1435 1329 1495 tam
1344 1421 1561 1495 beneficium
1577 1448 1657 1496 eam
1669 1423 1871 1498 videbimus
1879 1448 2034 1522 rogasse,

449 1565 559 1638 quam
575 1541 755 1613 desectum
767 1543 841 1616 vini
854 1545 1049 1615 nuntiasse.
1069 1547 1190 1632 Quum
1206 1544 1304 1616 enim
1320 1541 1449 1616 dixerit
1464 1545 1550 1642 quia
1564 1543 1897 1638 deiecissetvinum,
1909 1571 2038 1645 nequa·

448 1683 558 1756 quam
574 1685 720 1758 rogasse
735 1662 864 1759 legitur
881 1677 921 1735 ut
936 1661 1007 1735 hoc
1024 1664 1100 1761 ipse
1115 1663 1307 1765 praeberet3
1325 1661 1390 1736 sed
1405 1663 1477 1735 hoc
1492 1662 1610 1736 solum
1626 1663 1789 1738 sufficere
1806 1664 1974 1737 arbitrata
1985 1681 2038 1737 est
2131 1665 2134 1678 '

449 1781 495 1853 ad
510 1783 779 1882 impetrandum
796 1784 896 1882 quod
912 1785 1079 1874 volebat,
1097 1785 1127 1858 si
1144 1786 1326 1858 nuntiaret
1343 1785 1444 1883 quod
1468 1779 1609 1874 deerat3'
1634 1809 1702 1858 nec
1716 1787 1792 1882 jam
1812 1784 1910 1884 apud
1926 1784 2036 1859 lilium

449 1925 594 2000 precem
614 1927 717 1976 suam
738 1928 814 1976 esse
836 1905 1093 1994 necessariam,
1121 1929 1234 2002 quum
1249 1902 1432 1975 videretur
1455 1927 1558 1975 suam
1586 1903 1784 1976 insinuasse
1800 1902 2034 1976 voluntatem.

388 2069 392 2076 ·
451 2032 523 2102 Nec
546 2039 682 2126 rogata‘
695 2025 843 2124 quidem
859 2048 880 2098 a
896 2025 1058 2099 convivis
1081 2025 1216 2114 fuerat,
1239 2040 1280 2096 ut
1296 2023 1368 2097 hoc
1383 2025 1434 2096 eis
1455 1999 1672 2097 beneficium
1692 2026 1915 2124 impetraret.
1943 2024 2036 2112 Quid

451 2172 536 2246 ergo
551 2173 617 2250 per
632 2170 778 2246 precem
793 2144 930 2216 lactura
945 2127 1016 2232 est,
1034 2167 1147 2239 quum
1165 2167 1185 2215 a
1202 2141 1368 2214 fidelibus
1383 2158 1541 2234 exorata,
1560 2169 1627 2242 pro
1644 2146 1729 2244 ipsis
1744 2144 1842 2244 apud
1858 2143 1972 2217 filium
1986 2147 2037 2218 in·

450 2266 663 2354 tercesserit,
677 2278 712 2335 et
728 2287 796 2360 pro
813 2259 925 2333 salute
937 2285 1094 2358 quorum
1106 2285 1144 2333 se
1160 2260 1207 2333 ab
1224 2241 1303 2359 ipso
1317 2261 1481 2352 electam,
1499 2277 1535 2334 et
1550 2264 1601 2336 eis
1617 2261 1740 2335 debito
1753 2263 1948 2360 obligatam
1964 2289 2037 2337 esse

451 2383 696 2481 recognoscit?
713 2385 801 2468 Quae
816 2395 953 2477 quanto
970 2380 1129 2452 sanctior
1140 2394 1176 2452 et
1183 2380 1313 2477 justior
1324 2395 1390 2471 est,
1404 2395 1508 2454 tanto
1524 2382 1561 2452 in
1578 2382 1818 2480 persolvendo
1835 2383 1960 2458 debito
1974 2383 2037 2456 sol·

451 2507 587 2579 licitam
594 2503 706 2600 magis
718 2526 794 2573 esse
801 2515 954 2572 constat.
967 2499 1076 2587 Quod
1085 2501 1288 2572 nonsolum
1296 2501 1450 2590 ratione,
1460 2525 1587 2574 verum
1595 2502 2036 2602 ctiamexemplorumma-

451 2626 621 2698 nisestum
637 2638 691 2696 est
705 2621 798 2694 luce.
818 2622 873 2693 Ad
889 2619 1119 2696 Colossenses
1135 2620 1326 2721 Apostolus
1343 2621 1515 2712 scribens,
1527 2623 1689 2722 quodam
1700 2621 1783 2696 loco
1796 2623 1841 2696 de
1853 2629 1931 2698 Deo
1941 2641 2037 2725 patre

451 2763 487 2819 et
503 2743 661 2817 Domino
677 2747 761 2815 Jesu
777 2741 940 2832 Christ0,
955 2741 1006 2814 sic
1023 2744 1091 2814 ait⁸
1109 2769 1118 2814 ε
1140 2771 1158 2812 ι
1171 2747 1216 2815 Et
1231 2767 1296 2815 vos
1312 2767 1425 2841 qumn
1442 2744 1576 2815 mortui
1593 2744 1714 2828 essetis
1730 2745 1767 2816 in
1785 2744 1942 2840 delictis,
1959 2771 2037 2818 con·

451 2866 643 2942 vivificavit
659 2891 743 2938 cum
759 2865 835 2956 illo,
851 2865 996 2940 donans
1008 2865 1113 2939 vobis
1129 2867 1253 2939 omnia
1267 2865 1417 2958 delicta,
1439 2864 1563 2940 delens
1579 2865 1680 2964 quod
1697 2864 1867 2940 adversus
1883 2895 1951 2942 nos
1967 2884 2037 2942 erat

451 2983 717 3090 cyrographum
742 2986 895 3078 decreti,
924 2985 1024 3085 quod
1049 3001 1126 3060 erat
1150 2987 1374 3060 contrarium
1390 2986 1511 3078 vobis3
1537 3003 1574 3062 et
1596 2988 1716 3088 ipsum
1736 2988 1817 3062 tulit
1835 2989 1882 3062 de
1901 2991 2034 3080 medio,

452 3109 600 3207 affigens
624 3107 713 3179 illud
729 3107 840 3196 cruci,
858 3106 1060 3206 exspolians
1076 3107 1300 3205 principatus
1318 3121 1354 3178 et
1372 3120 1614 3206 potestates.»
1636 3106 1691 3179 td
1708 3105 1807 3179 hunc
1825 3108 1946 3206 itaque
1962 3132 2036 3181 mo·

453 3229 542 3302 dum
557 3244 595 3302 et
606 3227 754 3300 Domini
770 3241 885 3300 mater
896 3227 1097 3300 miserrimo
1112 3241 1222 3325 atque
1238 3225 1428 3326 desperato
1446 3225 1647 3325 Theophilo
1663 3226 1905 3300 execrandum
1921 3251 1963 3300 ac
1979 3227 2037 3298 de·

453 3348 660 3423 testandum
683 3347 871 3420 restituens
893 3344 1178 3444 cyrographum,
1203 3346 1250 3419 ad
1271 3343 1558 3420 consolationem
1584 3347 1781 3420 multorum
1802 3349 1839 3419 in
1861 3372 1938 3420 uno
1958 3363 2039 3420 tunc

454 3470 525 3566 egit
547 3466 714 3558 homine,
740 3466 843 3564 quod
861 3464 956 3538 filius
979 3466 1056 3561 ejus
1081 3465 1303 3538 inhumano
1329 3490 1460 3563 genere
1480 3466 1709 3564 cognoscitur
1729 3469 1854 3564 egisse.
1881 3468 2039 3563 Denique

455 3601 631 3687 quantum
642 3584 746 3658 velox
755 3599 791 3658 ct
804 3599 975 3684 prompta
990 3585 1035 3657 sit
1043 3584 1101 3656 his
1113 3585 1175 3682 qui
1186 3606 1267 3656 eam
1279 3586 1463 3676 invocant,
1477 3585 1569 3659 serre
1582 3611 1690 3685 opem
1702 3612 1778 3659 uon
1790 3587 1909 3659 solum
1918 3601 2040 3659 contra

455 3709 657 3799 daemones,
679 3729 806 3780 verum
829 3705 937 3779 etiam
956 3709 1083 3782 co'ntra
1110 3722 1338 3780 terrenorum
1353 3699 1558 3807 principum
1574 3708 1822 3806 tyrannidem,
1840 3708 1899 3781 ille
1915 3708 2041 3782 Juliani

455 3827 682 3927 imperatoris
701 3825 864 3900 interitus
887 3840 1124 3926 protestatur,
1152 3851 1268 3925 quem
1282 3829 1319 3898 in
1344 3829 1424 3900 Vita
1443 3826 1540 3900 beati
1561 3827 1678 3900 Basilii
1704 3827 1868 3926 legimus.
1899 3833 2040 3918 Quanto

455 3975 541 4048 ergo
557 3948 714 4022 securius
735 3947 781 4020 de
804 3949 1030 4048 protectione
1046 3964 1082 4023 et
1104 3949 1273 4046 suffragio
1299 3947 1536 4043 confidimus,
1556 3965 1661 4023 tanto
1686 3975 1754 4023 nos
1777 3950 1943 4023 devotius
1968 3952 2042 4048 ejus

455 4073 625 4142 interesse
648 4067 830 4142 festivitati
856 4069 1043 4159 convenit,
1071 4084 1107 4140 et
1132 4090 1428 4167 unumquemque
1449 4069 1682 4163 nostrum,ad
1704 4095 1785 4144 eam
1806 4071 2043 4170 suspirantem

455 4195 674 4266 incessanter
694 4190 869 4262 clamare*
889 4219 896 4262 :
918 4219 936 4258 ι
948 4187 1062 4262 Trahe
1089 4214 1164 4279 me;
1192 4206 1275 4289 post
1295 4204 1331 4265 te
1351 4215 1536 4264 curremus
1552 4191 1590 4263 in
1607 4189 1759 4264 odorem
1777 4208 2044 4290 unguentorum

436 4397 440 4406 Ι
455 4333 614 4389 tuorum.
632 4343 650 4381 n
666 4317 793 4385 Tracta
808 4313 943 4411 quippe
960 4326 1013 4384 est
1030 4327 1069 4384 ut
1086 4311 1222 4403 trahat,
1241 4327 1424 4410 assumpta
1439 4327 1493 4384 est
1509 4327 1548 4384 ut
1564 4327 1743 4403 assumat,
1765 4335 1844 4411 quae
1860 4329 1980 4386 creata
1990 4326 2046 4384 'est

455 4452 495 4509 ut
509 4435 633 4525 salvet,
647 4451 682 4506 et
695 4431 849 4506 formata
863 4448 903 4504 ut
913 4431 1096 4504 reformet.
1112 4436 1194 4519 Quo
1205 4434 1302 4506 enim
1312 4431 1511 4505 mirabilior
1521 4434 1558 4504 in
1571 4433 1797 4532 reparatione
1809 4448 1934 4506 nostra
1944 4432 2046 4506 fieret

323 4621 333 4641 ,
455 4555 618 4654 operatio
635 4552 770 4643 divina,
788 4577 854 4651 per
870 4548 998 4624 eadem
1015 4551 1146 4652 quibus
1163 4553 1365 4626 corruimus
1380 4554 1489 4624 erecti
1504 4553 1740 4642 surreximus,
1764 4553 1794 4624 si
1816 4567 1961 4624 naturas
1984 4575 2048 4650 po-

455 4675 525 4745 tius
541 4695 651 4772 quam
667 4695 723 4744 res
736 4672 830 4770 ipsas
840 4695 1045 4772 pensemus.
1065 4669 1237 4744 Diabolus
1248 4672 1381 4773 quippe
1393 4671 1429 4743 in
1445 4687 1610 4771 serpente
1619 4671 1667 4744 de
1676 4671 1776 4769 ligno
1785 4673 1898 4744 vetlto
1909 4672 2049 4771 primos

457 4807 622 4890 parentes
646 4791 819 4881 tentavit,
841 4791 959 4863 virum
981 4805 1016 4861 et
1039 4789 1211 4862 seminam
1231 4792 1441 4892 captivavit,
1465 4804 1500 4864 et
1525 4815 1590 4890 per
1611 4791 1869 4904 haec'quatuor
1885 4788 2050 4863 dammti

457 4937 600 5000 sumus,
630 4910 763 4984 scilicet
787 4909 925 5008 lignum
951 4909 1194 5010 prohibitum,
1218 4927 1422 5010 serpentem
1449 4911 1680 5000 suadentem,
1710 4917 1820 4984 Evam
1840 4912 2047 4990 seductam,

493 5188 501 5214 ¹
519 5185 669 5255 locu.,cap.
678 5201 709 5249 u,
719 5201 744 5237 v.
756 5186 779 5238 3,
790 5211 824 5226 -
834 5183 845 5216 ¹
857 5149 931 5247 lbid.¹
942 5197 968 5236 t.
983 5185 1007 5236 l.
1020 5211 1052 5226 -·
1065 5183 1076 5214 ¹
1089 5187 1191 5246 totus„
1201 5201 1257 5252 cap.
1272 5203 1302 5250 ιι,
1313 5203 1337 5238 v.
1350 5189 1389 5238 tt.
1400 5181 1453 5228 α’
1466 5187 1549 5248 Cant,
1560 5201 1616 5251 cap.
1631 5201 1656 5260 y,
1669 5200 1692 5235 r.
1706 5185 1732 5244 3,
