4590 6106
878 643 1112 717 EPts'lotAE.
1737 642 1783 712 25

205 811 313 884 quem
333 785 549 880 refugeram,
573 781 688 852 modis
707 780 875 854 omnibus
893 783 1151 854 interdixerunt
1176 807 1222 852 ue
1245 805 1303 851 me
1319 781 1490 879 deinceps
1511 781 1696 871 retineret,
1718 781 1784 852 uisi

205 902 583 978 excommunicationis
601 903 777 1001 particeps
795 926 871 973 esse
889 904 1089 974 sustineret.
1111 905 1193 988 Quo
1211 901 1352 989 audito,
1378 916 1448 970 tam
1467 901 1566 999 prior
1582 901 1658 998 ipse
1676 925 1784 1000 quam

204 1048 273 1122 ego
298 1023 400 1095 valde
428 1021 559 1094 anxiati
586 1021 742 1092 firbnrvs¹.
770 1018 887 1091 Abbas
916 1036 1033 1094 autem
1064 1021 1100 1090 iu
1127 1019 1195 1090 hac
1221 1017 1474 1090 obstinatione¹
1492 1017 1678 1109 recedens,
1704 1033 1786 1118 post

207 1171 341 1245 paucos
359 1145 434 1219 ffies
453 1143 642 1216 defirnctus
660 1145 739 1214 est⁸.
764 1147 829 1214 Cui
847 1168 959 1241 quum
978 1143 1067 1214 alius
1085 1143 1334 1232 successisset,
1356 1143 1507 1214 conveni
1520 1167 1699 1214 eumcum
1712 1143 1786 1240 epi-

208 1289 320 1362 scopo
338 1264 546 1352 meldensi',
568 1277 608 1334 ut
629 1261 716 1332 mibi
739 1261 810 1333 hoc
827 1261 926 1358 quod
949 1287 969 1332 a
989 1261 1247 1360 praedecessore
1269 1260 1345 1356 ejus
1362 1261 1550 1357 petieram,
1571 1259 1783 1356 indulgeret.

205 1385 269 1454 Cui
284 1384 336 1454 rei
348 1408 459 1479 quum
474 1388 542 1452 nec
560 1381 618 1452 ille
631 1382 750 1479 primo
763 1381 1018 1477 acquiesceret,
1034 1396 1158 1478 postea
1170 1376 1486 1452 intervenientibus
1503 1377 1624 1450 amicis
1642 1377 1785 1477 quibus-

129 1589 132 1596 ,
204 1502 287 1573 darn
304 1503 452 1591 nostris,
466 1525 586 1598 regem
598 1514 633 1572 et
645 1500 833 1571 consilium
852 1500 928 1596 ejus
946 1525 1053 1599 super
1065 1501 1136 1573 hoc
1147 1499 1376 1598 compellavi3
1393 1514 1428 1570 et
1441 1499 1492 1570 sic
1509 1500 1609 1597 quod
1622 1501 1785 1574 volebam

203 1619 415 1717 impetravi⁸.
437 1618 637 1717 Stephanus
659 1619 792 1716 quippe
814 1620 904 1716 regis
928 1633 1013 1691 tunc
1031 1618 1197 1717 dapifer',
1217 1620 1367 1690 vocato⁸
1389 1619 1426 1688 in
1451 1633 1587 1717 partem
1608 1614 1734 1692 abbate
1752 1639 1788 1692 et

203 1738 431 1812 familiaribus
444 1738 541 1834 ejus,
558 1738 718 1833 quaesivit
732 1737 779 1810 ab
791 1739 842 1810 eis
860 1763 924 1810 cur
938 1763 996 1810 me
1010 1740 1161 1811 invitum
1178 1739 1332 1810 retinere
1351 1737 1498 1828 vellent,
1515 1763 1558 1810 ex
1575 1764 1650 1836 quo
1667 1740 1786 1811 incur·

205 1885 282 1932 rere
296 1859 397 1932 facile
411 1857 619 1930 scandalum
632 1874 797 1956 possent,
809 1873 844 1931 et
857 1859 992 1932 nullam
1007 1859 1193 1932 utilitatem
1200 1859 1353 1950 habere3
1370 1883 1484 1956 quum
1502 1859 1703 1931 nullatenus
1717 1861 1787 1931 vita

206 2003 287 2052 mea
305 1994 341 2050 et
360 1981 518 2077 ipsorum
536 1979 744 2049 convenire·
754 1994 912 2076 possent.
930 1977 1093 2052 Sciebam
1107 1995 1227 2052 autem
1247 1979 1284 2050 iu
1301 1979 1373 2051 boc
1388 1979 1474 2076 regii
1488 1978 1626 2050 consilii
1645 1995 1786 2051 seuten-

208 2100 295 2170 tiam
316 2122 409 2188 esse,
437 2111 476 2168 ut
501 2121 574 2194 quo
600 2097 719 2168 minus
743 2097 912 2196 regularis
935 2097 1076 2170 abbatia
1096 2099 1156 2170 illa
1173 2113 1282 2190 esset,
1305 2099 1415 2196 magis
1433 2099 1506 2196 regi
1524 2113 1615 2170 esset
1631 2098 1786 2194 subjecta

208 2231 315 2313 atque
328 2215 440 2304 utilis,
455 2229 631 2311 quantum
646 2213 810 2287 videlicet
823 2217 869 2287 ad
882 2214 980 2287 lucra
995 2215 1224 2315 temporalia3
1245 2216 1342 2288 unde
1360 2241 1419 2288 me
1432 2216 1532 2288 facile
1546 2218 1637 2313 regis
1654 2231 1690 2289 et
1708 2241 1789 2288 suo·

208 2359 287 2406 rum
311 2358 494 2406 assensum
518 2333 689 2429 consequi
714 2333 957 2426 credideram
983 2337 1104 2433 sicque
1129 2351 1248 2408 actum
1274 2349 1339 2407 est.
1359 2335 1431 2408 Sed
1458 2361 1504 2407 ue
1529 2335 1789 2433 glorationem¹⁰

207 2479 308 2527 suam
320 2479 428 2551 qnam
440 2454 486 2525 de
500 2478 558 2524 me
570 2452 748 2543 babebat,
769 2456 1025 2527 monasterium
1040 2471 1203 2527 nostrum
1217 2457 1411 2546 amitteret,
1427 2472 1681 2528 concesserunt
1700 2457 1787 2528 mihi

206 2574 373 2672 adquam
386 2574 516 2645 vellem
529 2571 758 2645 solitudinem
776 2576 945 2665 transire,
967 2573 1167 2646 dummodo
1181 2575 1271 2646 nulli
1282 2601 1340 2646 me
1353 2572 1502 2646 abbatie
1520 2574 1745 2672 subjugarem
1754 2581 1784 2666 ¹¹3

207 2693 347 2790 hocque
360 2696 397 2765 in
416 2692 601 2793 praesentia
614 2693 704 2789 regis
717 2709 754 2765 et
771 2718 919 2766 suorum
933 2696 1099 2792 utrinque
1114 2719 1297 2768 assensum
1311 2709 1415 2766 estet
1433 2693 1696 2767 confirmatum.
1714 2701 1788 2793 ligo

205 2812 322 2908 itaque
333 2812 379 2884 ad
389 2812 619 2884 solitudinem
631 2812 837 2907 quamdam,
852 2816 888 2886 in
908 2816 1059 2887 trecensi
1076 2840 1181 2912 pago,
1199 2816 1286 2886 mihi
1300 2830 1405 2887 antea
1422 2817 1616 2911 cognitam,
1631 2841 1689 2888 me
1701 2843 1788 2890 con·

207 2929 287 3022 tuli,
308 2931 429 3028 ibique
442 2956 463 3002 a
478 2929 693 3028 quibusdam
712 2947 804 3004 terra
823 2933 910 3005 mihi
924 2933 1074 3024 donata,
1095 2959 1240 3005 assensu
1256 2935 1414 3032 episcopi
1428 2935 1566 3024 terrae¹¹,
1592 2938 1786 3007 oratorium

191 3040 393 3147 'quoddam
406 3053 444 3121 in
458 3055 603 3124 nomine
617 3067 745 3126 sancte
761 3055 975 3144 Trinitatisfl,
993 3079 1035 3125 ex
1049 3054 1217 3126 calamis¹⁴
1230 3068 1265 3125 et
1278 3053 1398 3125 culmo
1416 3053 1572 3152 primum
1591 3056 1784 3146 construxi,

207 3170 367 3242 obicum
382 3171 538 3268 quodam
552 3172 679 3246 clerico
693 3188 819 3246 nostro
839 3171 998 3263 latitans,
1013 3173 1101 3244 illud
1115 3197 1198 3245 vere
1212 3174 1368 3244 Domino
1387 3187 1550 3271 poteram
1570 3172 1759 3245 decantare
1778 3203 1785 3242 :

213 3317 228 3353 u
244 3291 338 3360 Ecce
356 3287 518 3386 elongavi
536 3291 688 3390 lirgiens,
709 3307 745 3364 et
762 3293 876 3364 mansi
893 3291 1083 3364 solitudine
1091 3295 1120 3361 ¹¹.
1140 3320 1158 3358 u
1548 3311 1550 3316 ’

257 3407 364 3494 Quod
385 3435 498 3504 quum
517 3414 766 3510 cognovissent
790 3411 1005 3504 scholaresss,
1032 3428 1217 3512 coeperunt
1240 3413 1399 3510 undique
1420 3437 1653 3505 concurrere,
1674 3431 1710 3487 et
1736 3427 1791 3487 re·'

212 3523 299 3598 lictis
322 3527 523 3601 civitatibus
550 3547 586 3604 et
607 3531 772 3622 castellis,
796 3531 1025 3604 solitudinem
1050 3533 1268 3624 inhabitare,
1293 3547 1329 3605 et
1359 3558 1427 3633 pro
1450 3533 1576 3633 amplis
1602 3533 1788 3626 domibus,

213 3671 321 3743 parva
344 3647 569 3724 tabernacula
589 3651 656 3724 sibi
674 3667 904 3742 construere,
934 3667 970 3724 et
993 3677 1060 3750 pro
1083 3653 1241 3726 delicatis
1265 3651 1372 3744 cibis,
1397 3653 1517 3726 herbis
1541 3654 1734 3752 agrestibus
1758 3670 1792 3726 et

213 3790 304 3863 pane
321 3767 455 3840 cibario
473 3772 649 3864 victitare,
671 3787 706 3845 et
723 3797 790 3872 pro
809 3771 975 3844 mollibus
994 3773 1127 3863 stratis,
1149 3773 1307 3844 culmum
1326 3773 1392 3845 sibi
1416 3789 1451 3846 et
1472 3788 1627 3846 stramen
1649 3798 1792 3872 compa·

210 3908 308 3976 rare,
335 3901 370 3958 et
391 3911 460 3984 pro
479 3891 632 3982 mensis,
654 3891 773 3988 glebas
791 3891 936 3987 erigere.
968 3893 1012 3962 nt
1040 3915 1123 3962 vere
1150 3916 1212 3962 eos
1239 3893 1376 3988 priores
1401 3891 1635 3991 philosophos
1663 3893 1791 3965 imitari

210 4002 394 4094 crederes,
423 4007 469 4079 de
493 4009 622 4105 quibus
649 4025 685 4082 et
709 4011 947 4106 Hieronymus
970 4011 1007 4080 in
1031 4009 1123 4081 libro
1147 4011 1306 4082 secundo
1334 4015 1468 4082 Contra
1487 4015 1712 4084 Joviuiauum
1736 4013 1791 4084 his

214 4142 473 4198 commemorat
483 4128 622 4202 verbis:
644 4159 663 4200 u
684 4135 751 4201 Per
761 4133 780 4168 ¹⁷
793 4153 929 4219 sensus,
945 4131 1046 4227 quasi
1064 4154 1129 4227 per
1145 4128 1318 4225 quasdam
1343 4130 1532 4220 fenestras,
1557 4133 1725 4203 vitiorum
1746 4133 1791 4204 ad

214 4243 370 4314 animam
386 4245 550 4319 introitus
568 4263 632 4321 est.
654 4253 734 4320 Non
752 4263 871 4347 potest
889 4248 1095 4348 metropolis
1113 4265 1150 4320 et
1166 4273 1227 4320 arx
1245 4250 1374 4321 mentis
1392 4253 1483 4349 capi,
1504 4253 1572 4322 nisi
1589 4275 1655 4349 per
1671 4267 1791 4350 portas

212 4360 355 4434 irruerit
371 4361 505 4436 hostilis
518 4369 701 4440 exercitus.
723 4368 761 4438 Si
784 4367 998 4440 circensibus
1017 4370 1192 4467 quispiam
1206 4368 1418 4459 delectatur,
1439 4373 1468 4441 si
1481 4370 1700 4442 ‘athletarum
1714 4394 1790 4440 cer·

215 4482 365 4572 tamine,
382 4485 411 4555 si
424 4484 621 4560 mobilitate
637 4487 874 4580 histrionum,
896 4491 925 4560 si
941 4489 1063 4560 formis
1081 4487 1288 4580 mulierum,
1303 4489 1332 4560 si
1349 4488 1538 4587 splendore
1553 4511 1786 4585 gemmarum,

213 4602 380 4691 vestium,
401 4617 435 4675 et
462 4607 595 4678 crateris
620 4606 852 4702 hujusmodi,
880 4633 944 4705 per
968 4609 1156 4679 oculomm
1178 4608 1345 4680 fenestras
1368 4609 1495 4679 animae
1523 4623 1625 4708 capta
1646 4607 1790 4680 libertas

213 4733 280 4810 est,
296 4722 519 4820 etimpletur
539 4723 626 4796 illud
649 4727 899 4825 propheticum
908 4728 927 4764 ¹³
940 4753 948 4798 t
963 4731 1062 4798 Mors
1080 4729 1226 4798 intravit
1236 4753 1307 4824 per
1314 4725 1497 4824 sernestras
1514 4745 1665 4800 nostras.
1682 4728 1789 4825 lgitur
1843 4803 1848 4812 ,

244 4975 252 4998 ¹
273 4975 533 5030 Votidoloreimmerai
541 4977 611 5030 utts.
625 4979 770 5032 -'lleute
784 4981 983 5034 obdurotclllds.
1017 4983 1040 5010 ¹⁰
1056 4985 1184 5036 Victoriam
1208 4983 1279 5036 ltus,
1298 5011 1329 5022 ·-
1347 4985 1368 5012 *¹
1392 4986 1539 5050 Suijicerem
1559 4987 1629 5040 atis.
1644 5014 1678 5026 -
1692 4986 1713 5014 ¹¹
1727 4987 1788 5039 Vide

215 5056 974 5119 -⁸Vidcnouam-⁴Videnot.xu.-⁸Vidsnot.xr.u
1018 5079 1070 5120 not.
1092 5085 1156 5120 xciv.
1177 5095 1210 5106 -
1233 5067 1254 5095 ¹⁸
1277 5067 1337 5120 Vide
1359 5079 1409 5120 aot.
1438 5087 1493 5122 xcv.
1516 5099 1542 5110 -
1567 5071 1590 5100 ¹⁴
1610 5073 1683 5124 Callia
1706 5072 1733 5122 l).
1756 5098 1785 5107 -

216 5137 302 5192 ‘Votis
319 5147 377 5195 meir
397 5148 568 5198 ardentissimis
588 5152 760 5200 obsecundavit
778 5150 847 5202 RMS.
860 5177 889 5188 -
902 5150 910 5178 ⁷
925 5151 986 5204 Vide
1019 5152 1042 5178 '⁸
1054 5151 1142 5203 Psalm.
1156 5168 1204 5213 ur,
1218 5167 1242 5200 v.
1256 5154 1280 5204 8.
1295 5178 1324 5190 -
1339 5151 1361 5179 ¹⁸
1376 5151 1437 5204 Vide
1450 5166 1502 5207 not.
1515 5172 1578 5206 auu.
1592 5182 1623 5192 -
1642 5155 1664 5183 ¹²
1682 5157 1789 5217 Quinque

216 5232 264 5274 unt.
274 5239 341 5276 ιιιιι.
351 5251 385 5264 -·
395 5226 405 5255 ⁸
416 5229 494 5280 citato
505 5229 576 5282 ttttS.
594 5260 619 5269 —
633 5232 643 5259 '
659 5233 793 5297 Generum
804 5233 854 5286 llS.
870 5233 941 5288 dmb.
955 5262 986 5272 -
1017 5233 1171 5288 interseritur
1181 5235 1249 5288 ABD.
1261 5261 1295 5276 -·
1305 5234 1327 5263 ¹⁸
1337 5237 1425 5288 lm.
1441 5251 1496 5304 cap.
1511 5254 1552 5304 rx,
1562 5255 1587 5291 v.
1599 5241 1641 5290 at.

332 5339 342 5384 ¹
1498 5405 1500 5411 ,
1649 5340 1669 5400 l
