4590 6106
467 633 513 706 56
1010 633 1203 705 ANDREAE
1228 631 1506 722 Quuucu‘rsru

465 775 559 830 Sancti
574 774 649 829 Petri
670 773 735 833 Viri
748 771 992 844 chronographus,
1011 772 1060 844 qui
1076 771 1164 826 refert
1175 781 1205 827 et
1224 770 1342 826 alterum
1355 771 1390 826 ab
1406 789 1440 826 eo
1458 780 1526 826 tunc
1548 769 1653 826 Belvaci
1672 769 1842 825 celebratum
1857 770 1942 826 inisse
1954 774 2050 826 conci·

464 865 545 921 lium.
560 889 573 916 4
586 869 668 922 Anno
681 864 828 920 millesimo
841 864 993 918 centesimo
1004 863 1156 937 vigesimo,
1169 885 1182 913 4
1197 865 1299 938 444444,
1315 863 1510 918 «celebratum
1519 873 1561 918 est
1572 862 1722 917 concilium
1732 861 1841 918 decimo
1851 863 1952 936 quinto
1962 862 2052 918 calen-

465 959 514 1014 das
536 958 692 1014 novembris
714 977 729 1012 a
750 955 866 1011 domino
886 955 1003 1012 Conone
1028 958 1208 1030 prenestino,
1230 956 1321 1030 legato
1347 957 1434 1012 trium
1454 957 1679 1030 provinciarum,
1706 956 1945 1028 rothomagensis,
1965 973 2051 1012 seno-

467 1053 574 1118 nensis,
596 1061 625 1105 et
643 1051 807 1104 rhemensis.
829 1047 872 1104 444
890 1049 967 1123 4444
985 1049 1134 1106 concilium
1150 1050 1328 1107 Daimbsrtus
1343 1049 1568 1123 archiepiscopus
1586 1068 1650 1106 cum
1668 1047 1847 1122 suffraganeis
1864 1060 1893 1104 et
1905 1048 2051 1105 abbatibus

467 1144 579 1198 Beiraco
592 1143 724 1198 invitatus
736 1152 787 1197 est.
805 1165 819 1193 4
837 1143 932 1213 Quare
947 1161 1002 1197 nou
1015 1142 1133 1198 dubium
1148 1144 1219 1218 quin
1231 1161 1310 1200 error
1321 1144 1358 1198 sit
1372 1145 1401 1198 in
1415 1142 1517 1198 tabulis
1535 1143 1699 1199 arroasianis
1711 1185 1720 1215 ,
1733 1142 1782 1198 ubi
1795 1144 1875 1198 Coun
1888 1143 1936 1198 bic
1948 1142 2052 1200 obiisse

466 1236 570 1294 dicitur
589 1254 664 1293 anno
685 1237 773 1306 sttt,
787 1235 804 1292 5
817 1235 857 1292 id.
874 1237 994 1312 augusti.
1014 1236 1072 1292 Nec
1086 1237 1179 1292 minus
1190 1246 1366 1311 perspectum
1381 1247 1439 1306 est,
1453 1237 1483 1292 id
1496 1235 1573 1311 quod
1588 1235 1684 1292 scribit
1696 1235 1857 1292 Abelardus
1869 1254 1926 1291 non
1941 1235 1975 1290 ad
1991 1237 2056 1311 priss

468 1349 558 1396 mam,
573 1327 620 1384 sed
637 1327 787 1384 secundam
802 1328 861 1400 ejus
877 1326 1044 1402 legationem
1060 1327 1163 1384 debere
1180 1329 1289 1384 referri.
1307 1328 1379 1384 Nam
1396 1339 1425 1384 et
1439 1338 1520 1384 44444
1535 1329 1667 1403 premisit
1679 1327 1788 1384 obitum
1802 1326 1950 1384 Gnillelmi
1966 1329 2050 1384 Cam-

467 1423 607 1498 pelleusis,
626 1423 675 1496 qui
695 1421 844 1478 defunctus
869 1433 910 1478 est
928 1425 1099 1490 44444449,
1115 1432 1144 1477 44
1161 1421 1318 1496 paulopost
1337 1423 1466 1478 meminit
1480 1421 1612 1478 Gauiridi
1628 1421 1799 1478 carnotensis
1811 1421 1952 1496 episcopi,
1967 1407 2050 1497 quem

467 1525 571 1569 constat
584 1533 658 1570 4444
670 1526 779 1571 tantum
795 1515 943 1572 millesimo
954 1516 1106 1572 centesimo
1119 1512 1229 1571 decimo
1241 1525 1318 1571 sexto
1330 1515 1407 1572 Ivoui
1422 1517 1593 1570 successisse.

1075 1662 1146 1718 Nota
1159 1661 1306 1732 XXXIV,
1317 1679 1380 1736 pag.
1394 1665 1438 1720 ts.

505 1789 562 1842 Sub
577 1792 687 1844 4444444
704 1789 815 1844 concilii
826 1791 854 1843 in
868 1791 1059 1844 suessionensi
1073 1792 1192 1845 civitate.
1210 1821 1246 1834 -
1259 1790 1367 1866 Duplex
1382 1787 1481 1846 eodem
1498 1787 1557 1844 iere
1575 1799 1701 1862 tempore
1721 1787 1870 1843 concilium
1898 1786 2052 1844 suessionis

467 1895 647 1940 convocatum
663 1896 721 1954 est,
737 1885 859 1958 primurn
874 1904 889 1939 4
905 1883 1064 1940 Rhaiualdo
1077 1885 1286 1960 archiepiscopo
1301 1886 1440 1941 rhemensi
1455 1895 1551 1942 contra
1570 1882 1749 1938 444444Ιί4444
1763 1885 1933 1950 annotetis,
1946 1882 1981 1937 de
1994 1899 2052 1956 quo

467 1978 572 2032 mentio
584 1977 658 2032 iitab
668 1978 751 2034 lrone
762 1978 845 2051 epist.
856 1993 909 2046 vu,
922 1977 958 2032 ab
972 1978 1103 2036 Anselmo
1117 1977 1243 2034 beccensi
1257 1977 1367 2048 abbate,
1380 1979 1458 2052 epist.
1467 1976 1503 2032 ad
1511 1975 1663 2032 Fulconem
1677 1975 1865 2031 belvacensem
1878 1975 2049 2048 episcopum,

467 2079 495 2122 et
503 2067 538 2122 ab
547 2067 692 2125 Ahelardo
704 2079 809 2139 nostro,
821 2069 937 2143 epistola
950 2069 986 2124 44
996 2069 1166 2125 Gauiridum
1176 2071 1337 2144 episcopum
1348 2069 1537 2143 parisiensem,
1552 2067 1651 2140 ntjnm
1662 2078 1743 2123 antea
1755 2066 1912 2122 docuimus.
1924 2064 2052 2122 Alterum

468 2162 534 2228 hoc,
551 2180 623 2217 4444
637 2165 666 2218 44
671 2165 706 2220 20
717 2204 724 2230 ,
738 2162 902 2236 presidente
915 2164 1031 2218 Conone
1045 2161 1117 2218 sedis
1130 2162 1287 2236 apostolice
1299 2161 1407 2237 legato,
1423 2173 1518 2218 contra
1531 2161 1635 2235 prelati
1647 2160 1783 2217 Abelardi
1796 2159 1900 2216 librum
1911 2159 1947 2213 de
1956 2159 2053 2214 Trini-

466 2264 536 2324 tatc,
550 2257 597 2328 qui
615 2266 643 2312 et
656 2257 684 2310 in
699 2274 749 2324 eo,
762 2255 838 2312 nulla
850 2257 902 2310 sibi
917 2254 1105 2329 respondendi
1119 2254 1250 2311 facultate
1263 2273 1411 2328 concessa,
1425 2255 1587 2310 combustus
1597 2263 1648 2308 est.
1661 2252 1694 2308 44
1707 2254 1782 2308 enim
1792 2270 1880 2326 quum
1894 2251 2053 2308 Abelardus

466 2350 524 2420 ipsc
538 2358 647 2421 postea,
662 2358 724 2404 tum
736 2347 816 2404 Otho
832 2349 1017 2422 Frisingensis
1026 2350 1173 2420 episcopus
1185 2349 1281 2402 asserit
1295 2347 1419 2403 libide
1435 2347 1501 2402 lleb.
1515 2351 1603 2420 gestis
1617 2345 1761 2401 Frederici
1771 2347 1802 2410 1,
1818 2363 1878 2419 cap.
1901 2361 1971 2398 savir
1986 2345 2049 2418 [ap.

468 2440 532 2496 dom
546 2439 631 2509 Brial,
648 2441 749 2513 script.
762 2459 816 2497 rer.
830 2441 935 2514 gallic,
952 2449 971 2494 t.
983 2437 1064 2506 Xlll,
1078 2458 1106 2513 p.
1120 2435 1206 2516 654],
1222 2437 1267 2494 bis
1280 2440 1380 2495 verbis:
1400 2441 1579 2496 «suessionis
1589 2438 1750 2514 provinciali
1762 2447 1859 2493 contra
1870 2455 1936 2493 eum
1947 2437 2051 2511 synodo

468 2535 520 2589 sub
541 2535 685 2606 4444444444
709 2551 828 2588 romane
850 2532 923 2588 sedis
941 2533 1025 2606 legati
1048 2543 1235 2607 congregato,
1258 2535 1293 2589 ab
1311 2534 1432 2608 egregiis
1450 2534 1517 2588 viris
1540 2543 1569 2588 et
1590 2535 1742 2590 nominatis
1761 2532 1901 2606 magistris
1920 2531 2051 2589 Alberioo

468 2627 637 2695 Rhemeuse,
648 2637 676 2682 et
686 2625 820 2682 leutaldo
830 2625 1002 2696 Novariensi,
1017 2625 1189 2682 Sabellianus
1203 2626 1344 2682 bereticus
1352 2626 1509 2699 judicatus,
1524 2627 1610 2682 libros
1621 2644 1692 2701 qnos
1703 2623 1830 2682 ediderat
1840 2626 1955 2700 propria
1967 2640 2052 2680 manu

467 2719 502 2773 ab
515 2721 651 2794 episcopis
664 2719 725 2793 igni
737 2719 804 2776 dare
817 2730 927 2774 coactus
942 2729 998 2787 est,
1013 2719 1090 2774 nulls
1104 2719 1157 2775 sibi
1172 2718 1358 2792 respondendi
1375 2719 1521 2788 facultate,
1535 2737 1569 2775 eo
1581 2717 1658 2794 qnod
1674 2717 1847 2792 disceptandi
1861 2717 1890 2773 in
1904 2735 1938 2773 eo
1952 2719 2051 2792 peritia

468 2812 503 2866 ab
521 2811 651 2869 omnibus
666 2822 792 2886 suspecta
808 2811 978 2882 haberetur,
992 2829 1130 2868 concessa.
1147 2835 1161 2863 4
1177 2811 1260 2868 Unde
1272 2821 1301 2868 44
1314 2813 1453 2867 succincte
1470 2810 1627 2867 Bernardus
1641 2810 1757 2884 epistola
1776 2810 1811 2866 ad
1830 2811 1941 2865 lvonem
1958 2809 2052 2864 cardi·

468 2906 576 2975 nalem,
598 2905 632 2960 44
649 2905 747 2961 eodem
767 2904 911 2962 Ahelardo
927 2924 933 2955 =
950 2927 963 2955 4
978 2905 1131 2961 Damnatus
1149 2915 1206 2970 444,
1222 2927 1236 2956 s
1256 2905 1367 2980 inquit,
1386 2903 1562 2961 «suessione
1580 2920 1643 2960 cum
1664 2921 1748 2977 opere
1762 2921 1827 2972 suo,
1846 2920 1939 2959 coram
1960 2901 2053 2975 legato

470 3015 589 3052 romanae
602 2997 729 3053 ecclesie.
746 3020 759 3048 4
792 3045 797 3056 .

1085 3092 1158 3148 Nota
1171 3091 1300 3161 XXXV,
1311 3109 1376 3167 pag.
1391 3096 1437 3148 40,

508 3211 668 3287 Gausridus
680 3191 855 3268 carnotensis
867 3217 1021 3286 episcopus.
1037 3244 1072 3255 -
1085 3213 1205 3269 Nomine
1218 3214 1263 3283 ll,
1277 3214 1370 3270 lvonis
1387 3230 1545 3282 successor,
1562 3213 1772 3290 apostolicasque
1784 3211 1963 3286 postmodum
1982 3211 2054 3270 sedis

469 3307 587 3379 legatus,
593 3305 628 3360 de
636 3323 693 3380 qno
702 3303 782 3379 plura
792 3315 902 3361 sanctus
913 3305 1082 3378 Beruardus,
1093 3316 1122 3362 44
1133 3307 1182 3380 444
1195 3306 1280 3361 vitam
1290 3307 1350 3379 ejus
1359 3307 1525 3380 conscripsit
1534 3306 1692 3362 hemardum
1708 3306 1786 3374 44444,
1806 3305 1888 3361 Bone
1901 3302 1990 3362 Vallis
2002 3304 2052 3360 ab·

470 3399 528 3455 bas.
544 3399 645 3454 Extant
656 3397 741 3453 etiam
753 3397 859 3473 aliquot
871 3397 1002 3454 Ganlridi
1014 3398 1218 3454 vindocinensis
1230 3398 1337 3454 abbatis
1350 3397 1385 3453 44
1397 3415 1462 3453 eum
1476 3398 1606 3473 epistole.

1062 3547 1136 3605 Nota
1155 3548 1301 3619 XXXVI,
1320 3564 1384 3622 pag.
1404 3551 1450 3607 ui.

505 3666 575 3722 Inde
587 3670 671 3739 quusi
683 3687 748 3722 reus
759 3677 786 3722 et
798 3670 938 3723 convietus
950 3667 1051 3723 abbati
1063 3667 1162 3724 Sancti
1171 3667 1316 3738 Mednrdi,
1330 3672 1380 3743 qui
1389 3667 1497 3737 aderat,
1512 3667 1679 3725 truditus.-
1688 3666 1782 3723 Abbas
1794 3669 1818 3723 is
1832 3667 1947 3723 l'orsitan
1956 3665 2053 3722 444444-

468 3775 531 3812 4444
544 3756 590 3812 ille
602 3759 651 3833 qni
664 3757 717 3814 snb
730 3777 835 3815 aunum
846 3759 954 3815 Christi
966 3761 1044 3828 4448,
1058 3758 1142 3814 abbas
1154 3761 1246 3816 sancti
1257 3760 1401 3818 Vincentii
1417 3759 1620 3828 laudunensis,
1634 3778 1666 3815 44
1684 3758 1796 3815 taudem
1810 3777 1884 3820 anuo
1897 3760 1977 3824 4444,
1990 3759 2053 3832 cpi-

468 3867 567 3924 scopus
576 3854 747 3908 tornacensis
758 3853 873 3910 effectus
884 3863 925 3909 est
935 3876 942 3920 ;
951 3853 986 3908 de
999 3872 1057 3928 qno
1065 3853 1124 3926 jam
1138 3871 1189 3909 nos
1201 3855 1370 3929 superiusex
1380 3855 1505 3911 Historia
1517 3852 1696 3910 laudunensis
1707 3853 1836 3909 ecclesie.
1850 3851 2050 3910 blonasterium

467 3951 559 3998 antem
573 3943 666 4000 Sancti
681 3945 808 4002 44444444
821 3955 944 4019 creptum
958 3955 1000 4001 est
1012 3966 1027 4002 a
1039 3946 1185 4003 Clothario
1200 3948 1229 4017 1,
1242 3965 1308 4021 rege
1320 3947 1492 4004 Francorum
1505 3945 1580 4021 apud
1588 3947 1761 4013 Suessiones,
1774 3955 1803 4002 et
1816 3963 1831 4000 a
1844 3945 1985 4018 sigiberto
1993 3941 2052 3998 44444

467 4036 527 4107 ejus
541 4038 682 4112 expletum
696 4049 780 4112 atque
800 4039 1000 4112 compositum,
1019 4040 1060 4095 444
1079 4040 1161 4097 docet
1177 4041 1334 4115 Gregorius
1352 4042 1512 4098 tumnensis
1531 4040 1771 4114 archiepiscopus,
1793 4036 1842 4094 lib.
1863 4039 1906 4096 tv
1919 4037 2053 4094 Historia

469 4130 656 4200 Frnncornm,
672 4148 732 4205 cap.
746 4149 794 4197 44,
812 4133 855 4187 his
871 4131 978 4188 serbis:
993 4133 1157 4207 «Tempore
1169 4149 1282 4208 quoque
1294 4134 1432 4190 Clotharii
1444 4134 1529 4208 regis,
1543 4144 1654 4189 sanctus
1666 4131 1717 4188 Dei
1730 4131 2052 4204 biedardnsepiscopns,

468 4235 661 4282 consummato
673 4227 738 4281 boni
750 4227 843 4300 operis
857 4245 957 4296 cursu,
972 4237 1000 4282 et
1013 4227 1112 4302 plenus
1124 4226 1249 4294 dicrum,
1263 4228 1409 4283 sanctitate
1419 4228 1590 4301 precipuns,
1605 4226 1678 4282 diem
1693 4225 1774 4282 obiit.
1786 4227 1878 4296 Quem
1889 4223 2053 4280 Clotbarius

470 4338 520 4376 rex·
533 4339 599 4375 cum
616 4339 726 4376 summo
739 4323 848 4378 honore
860 4321 933 4396 apud
947 4323 1107 4379 Suessiones
1125 4323 1266 4378 civitatem
1281 4321 1419 4396 sepelivit,
1433 4331 1462 4379 ct
1473 4321 1615 4378 basilicam
1626 4339 1784 4396 supereum
1801 4320 1936 4375 fabricare
1947 4319 2049 4391 erepit,

468 4431 551 4487 quam
569 4425 661 4488 postea
681 4415 836 4490 sigibertus
849 4415 921 4471 lilius
934 4415 994 4487 ejus
1006 4416 1125 4489 explevit
1138 4427 1222 4490 atque
1240 4417 1434 4489 composuit.»
1449 4415 1602 4490 4444444444
1621 4425 1732 4472 sanctus
1751 4415 1909 4488 Gregorius
1927 4411 2052 4488 pontifex

470 4511 622 4580 maximus,
636 4509 690 4564 hoc
705 4510 904 4565 monasterium
918 4528 933 4564 a
946 4509 1054 4564 Josnne
1069 4509 1127 4577 444,
1142 4509 1340 4582 predecessore
1353 4527 1419 4579 suo,
1432 4520 1516 4584 caput
1533 4511 1660 4566 omnium
1680 4509 1912 4566 monasteriorum
1926 4515 1954 4564 et
1966 4503 2051 4560 abba·

468 4602 571 4656 4444444
586 4601 709 4658 Francius
721 4603 903 4658 constitutum
922 4601 1015 4656 luisse.
1037 4600 1091 4657 Sed
1111 4601 1176 4677 quia
1196 4601 1294 4658 littere
1310 4601 1414 4677 quibus
1433 4603 1462 4658 id
1480 4604 1621 4672 asseritur,
1642 4599 1721 4657 valde
1740 4611 1872 4676 suspecte
1892 4611 1973 4671 sunt,
1991 4609 2051 4654 eta

470 4692 564 4748 multis
578 4695 662 4749 etism
681 4694 806 4750 salsitatis
823 4704 992 4768 arguuntur,
1007 4693 1073 4750 libet
1086 4695 1134 4750 liic
1149 4696 1287 4770 integram
1299 4695 1414 4752 loannis
1427 4695 1468 4751 111
1484 4697 1710 4752 constitutionem
1723 4695 1877 4768 subjicere3
1891 4709 2051 4768 quanquam

467 4798 495 4840 er
511 4789 568 4861 ipsa
584 4787 798 4861 suppositionis,
812 4799 860 4844 444
873 4789 969 4844 saltem
984 4786 1195 4845 adulterationis
1212 4789 1279 4845 vitio
1299 4807 1355 4846 non
1375 4800 1461 4846 caret.
1480 4789 1611 4846 Meminit
1630 4789 1707 4845 enim
1722 4789 1798 4844 iuter
1816 4795 1913 4844 444444
1930 4787 2052 4842 nominis

468 4879 756 4953 archiepiscoporum,
769 4882 846 4956 quod
858 4893 922 4938 ante
934 4881 1028 4957 Pipini
1043 4893 1072 4938 et
1086 4883 1179 4940 Caroli
1195 4883 1288 4957 Magni
1304 4883 1428 4940 seculum
1440 4885 1471 4940 in
1482 4901 1535 4940 usn
1547 4901 1604 4940 non
1615 4883 1680 4939 luit.
1693 4883 1751 4940 Nec
1764 4882 1851 4957 stylus
1861 4899 1975 4958 quoquc
1986 4899 2052 4936 con-

469 4972 567 5027 formis
579 4989 639 5028 esse
651 4971 765 5028 ridetur
779 4973 880 5030 litteris
894 4973 1051 5048 apostolicis
1061 4975 1136 5031 illius
1149 4975 1245 5031 seculi.
1260 4975 1397 5048 Quinimo
1410 4993 1501 5052 neque
1512 4977 1730 5032 monasticarum
1740 4974 1938 5032 fundationum
1950 4972 2051 5030 conflr-

469 5066 604 5120 mationes
617 5083 632 5120 4
644 5063 708 5121 sede
718 5083 832 5122 romana
843 5067 963 5142 requiri,
979 5085 1070 5143 neque
1082 5069 1146 5124 4444
1161 5067 1307 5124 dominice
1316 5069 1515 5126 incarnationis
1529 5067 1649 5144 publicis
1661 5069 1854 5125 instrumentis
1866 5067 1982 5142 apponi,
1998 5065 2051 5120 uisi

469 5159 554 5231 longo
571 5169 634 5230 post
647 5171 773 5233 tempore
785 5173 940 5234 coeperunt,
954 5163 997 5217 uti
1010 5161 1091 5218 docet
1105 5161 1207 5218 alicubi
1222 5161 1399 5219 doctissimus
1416 5171 1444 5218 et
1457 5161 1661 5220 illustrissimus
1676 5161 1826 5219 cardinalis
1839 5161 1993 5218 Batonius:
2004 5159 2053 5218 Est

467 5260 558 5305 autem
572 5253 737 5308 constitutio
751 5251 799 5309 illa
816 5255 872 5310 sive
888 5255 1063 5329 privilegium
1078 5257 1192 5313 ioannis
1204 5257 1247 5311 Ill
1257 5255 1409 5328 ejusmodi:
