4510 6108
898 597 1140 672 SERMONES.

521 1021 592 1111 DE
625 1020 835 1111 SANCTO
868 1020 1085 1112 JOANNE
1121 1019 1520 1110 EVANGELISTA.

910 1269 1021 1316 ΕΒΗ-ΜΟ
1046 1267 1130 1315 XXV.

281 1488 352 1575 Qui
367 1509 550 1559 sermones
565 1485 603 1557 in
619 1499 827 1556 sanctorum
843 1477 1090 1557 festivitatibus
1106 1495 1349 1581 componunt,
1369 1506 1389 1554 a
1405 1487 1654 1580 praerogativa,
1673 1485 1744 1558 hnc
1760 1503 1813 1560 est

232 1629 255 1678 a
270 1604 460 1702 dignitate¹
475 1605 637 1702 ipsorum
651 1627 727 1674 non
744 1603 942 1700 incongrue
954 1599 1101 1675 sumunt
1116 1601 1320 1690 exordium3
1335 1617 1375 1672 ut
1391 1625 1517 1673 eorum
1534 1602 1622 1675 festa
1637 1619 1738 1676 tanto
1755 1605 1813 1678 de

234 1717 349 1796 votius
370 1721 573 1795 afidelibus
590 1720 827 1812 celebrentur,
856 1736 993 1822 quanto
1014 1720 1166 1820 amplius
1181 1723 1355 1821 ipsorum
1375 1721 1643 1795 commendatio
1660 1739 1713 1796 est
1728 1729 1739 1763 ²
1755 1749 1814 1796 au·

231 1844 306 1917 dita
321 1860 357 1916 et
373 1869 435 1918 eos
451 1849 527 1916 Deo
543 1845 554 1884 ⁸
569 1843 739 1940 gratiores
755 1842 997 1940 intelligimus,
1011 1859 1047 1914 et
1063 1842 1109 1915 de
1126 1843 1260 1915 meritis
1276 1844 1437 1940 ipsorum
1453 1844 1565 1940 magis
1582 1843 1809 1916 confidimus.

231 1965 379 2034 Constat
394 1977 515 2035 autem
535 1961 628 2033 inter
648 1961 833 2034 universos
854 1959 1054 2059 apostolos,
1078 1962 1170 2034 sicut
1186 1976 1222 2032 et
1237 1960 1363 2033 beatus
1379 1963 1542 2033 meminit
1558 1964 1772 2059 Augustinus
1788 1969 1810 2056 ⁴,

230 2083 418 2183 epistolam
437 2081 535 2156 Pauli
554 2081 605 2153 ad
624 2081 773 2154 Galatas
792 2106 994 2180 exponens,
1013 2094 1086 2155 tres
1105 2081 1393 2154 honorabiliores
1409 2084 1581 2174 extitisse,
1600 2087 1743 2155 Petrum
1766 2086 1815 2155 vi·

230 2201 371 2292 delicet,
390 2215 425 2274 et
441 2200 633 2291 lembum,
652 2213 688 2272 et
704 2203 881 2272 loannem
894 2227 902 2272 ε
917 2201 994 2296 qui,
1005 2213 1046 2271 ut
1062 2214 1281 2272 memoratus
1297 2202 1346 2272 ait
1361 2200 1580 2299 Apostolus⁸,
1598 2201 1817 2276 videbantur

229 2323 406 2418 columnae
425 2347 518 2413 esse,
542 2321 644 2420 quasi
667 2319 916 2392 fulcimentum
935 2319 1070 2390 scilicet
1098 2342 1140 2390 ac
1165 2317 1278 2390 robur
1302 2319 1467 2392 aliorum.
1491 2325 1565 2393 Hos
1590 2324 1723 2421 quippe
1743 2338 1814 2396 tres

230 2441 521 2516 familiarissimos
542 2440 672 2512 Christi
697 2437 803 2511 luisse
827 2461 870 2508 ex
897 2436 1018 2510 multis
1042 2437 1130 2508 loeis
1152 2437 1429 2534 Evangeliorum
1454 2439 1670 2537 colligimus,
1698 2459 1733 2515 et
1759 2442 1815 2516 his

229 2587 391 2635 seorsum
411 2561 610 2634 Dominum
629 2583 694 2631 sna
720 2571 858 2630 secreta
886 2557 1012 2656 saepius
1040 2557 1279 2648 commisisse,
1302 2573 1338 2629 et
1361 2573 1535 2658 tanquam
1561 2561 1815 2660 inseparabiles

230 2680 378 2753 comites
394 2705 456 2753 eos
471 2679 651 2752 habuisse.
667 2678 729 2750 llis
745 2677 843 2748 enim
858 2699 1020 2748 seorsum
1036 2675 1226 2774 assumptis
1242 2675 1650 2774 transfigurationissuae
1666 2681 1814 2777 gloriam

228 2802 268 2874 in
292 2817 416 2874 monte
439 2799 631 2889 revelavit,
655 2813 691 2870 et
718 2796 764 2869 ad
780 2787 986 2896 passionem
1004 2797 1153 2868 veniens
1175 2797 1312 2868 eisdem
1336 2813 1474 2871 secreto
1495 2802 1685 2898 assumptis
1710 2804 1811 2876 ait⁶:

232 2949 251 2989 «
268 2922 389 2993 Tristis
405 2934 459 2992 est
475 2919 596 2991 anima
615 2941 695 2990 mea
712 2941 826 3014 usque
843 2915 890 2988 ad
911 2929 1079 2988 mortem.
1103 2917 1282 2988 Sustinete
1302 2916 1379 3009 hic,
1398 2930 1434 2989 et
1453 2918 1595 3016 vigilate
1616 2944 1771 2993 mecum.
1793 2951 1812 2991 a

228 3040 283 3111 Ad
299 3065 392 3138 quos
412 3039 521 3110 etiam
536 3052 619 3137 post
639 3037 842 3109 orationem
864 3059 1044 3132 regressus
1051 3037 1090 3106 ’.ε
1112 3037 1316 3134 «Vigilate,
1338 3065 1356 3106 n
1380 3038 1516 3136 inquit,
1534 3067 1554 3107 «
1572 3056 1608 3112 et
1628 3059 1744 3132 orate,
1769 3069 1815 3115 ne

228 3159 368 3231 intretis
384 3159 421 3229 in
437 3159 686 3230 tentationem.
709 3183 728 3225 u
748 3155 853 3228 Unde
868 3170 1032 3254 patenter
1048 3155 1222 3247 innuitur,
1242 3181 1352 3254 quam
1369 3157 1651 3256 inseparabiliter
1666 3162 1724 3233 isti
1744 3178 1815 3234 tres

229 3280 262 3349 ei
282 3301 424 3374 semper
439 3275 669 3366 adhaeserint,
686 3298 777 3372 quos
793 3289 830 3346 et
845 3275 883 3345 in
901 3272 1014 3370 gloria
1027 3273 1365 3371 transfigurationis,
1380 3290 1416 3347 et
1430 3277 1468 3348 in
1483 3278 1612 3374 agonia
1625 3281 1812 3377 passionis,

228 3412 265 3470 et
282 3412 356 3470 tarn
372 3396 409 3469 in
426 3395 552 3494 vigiliis
568 3420 679 3494 quam
694 3395 731 3466 in
748 3393 912 3466 oratione
927 3407 1101 3490 tanquam
1115 3395 1266 3468 comites
1282 3395 1646 3490 indivisos-habuerit,
1660 3424 1727 3472 nec
1741 3425 1762 3473 a
1778 3423 1819 3473 se

228 3540 392 3616 unquam
407 3515 499 3588 siout
515 3529 661 3588 caeteros
676 3513 833 3614 separari
847 3513 1061 3613 permiserit.

279 3639 401 3725 Quum
416 3635 537 3733 itaque
560 3635 635 3726 isti,
662 3649 703 3707 ut
722 3635 948 3724 dictumest,
972 3634 1065 3705 inter
1098 3637 1281 3734 apostolos
1315 3662 1390 3710 non
1416 3637 1625 3711 dubitentur
1655 3639 1815 3712 honora·

228 3756 392 3848 biliores,
415 3770 553 3855 quanto
573 3756 781 3855 praemineat
800 3753 942 3826 bonore
966 3757 1122 3826 loannes
1143 3758 1224 3853 quis
1244 3757 1407 3848 dubitet,
1433 3761 1496 3856 qui
1518 3761 1612 3832 inter
1639 3760 1707 3834 hos
1730 3787 1817 3860 quo-

230 3903 301 3976 que
322 3879 385 3976 qui
405 3877 693 3950 honorabiliores
713 3876 924 3963 extiterunt,
953 3873 1140 3973 privilegio
1158 3873 1351 3948 'dominicae
1376 3876 1578 3951 dilectionis
1603 3881 1816 3979 ampliorem

229 3997 425 4095 quemdam
444 3996 624 4070 honorem
650 4010 703 4069 est
730 3995 901 4092 adeptus,
926 4004 963 4064 et
991 3991 1141 4091 abipso
1166 3995 1325 4066 Domino
1351 3997 1457 4068 matri
1478 3997 1553 4094 ejus
1581 4000 1709 4094 virgini
1734 4016 1814 4072 tan·

230 4141 341 4214 quam
361 4115 450 4190 alius
469 4115 563 4189 filius
589 4139 656 4216 pro
674 4117 754 4214 ipso
778 4129 831 4185 est
856 4113 958 4210 virgo
985 4111 1216 4185 substitutus?
1239 4115 1296 4186 Sic
1323 4116 1421 4187 enim
1444 4116 1604 4214 utrisque
1627 4119 1725 4188 cruci
1741 4118 1815 4214 ejus

229 4237 428 4311 astantibus
456 4238 502 4310 de
529 4240 606 4337 ipsa
634 4260 739 4310 cruce
761 4234 939 4332 loquitur,
969 4231 1141 4305 dicens⁸z
1169 4235 1350 4326 «Mulier,
1373 4260 1456 4308 eece
1481 4235 1574 4308 filius
1597 4252 1692 4308 tuus.
1715 4265 1733 4304 n
1762 4238 1815 4309 Ad

229 4353 446 4454 discipulum
462 4371 582 4428 autem
598 4383 607 4426 z
624 4384 641 4424 r<
656 4359 747 4427 Ecce
762 4351 877 4425 mater
892 4367 967 4424 tua.
981 4379 999 4419 u
1019 4349 1089 4423 Ubi
1100 4367 1139 4424 et
1152 4353 1303 4451 ipsemet
1317 4358 1475 4428 loannes
1488 4355 1679 4428 annexuit:
1697 4359 1819 4426 «Ecce

229 4473 324 4548 filius
350 4491 448 4565 tuus,
470 4505 488 4545 a
515 4476 638 4548 dicens
665 4501 673 4546 t
700 4503 717 4543 a
737 4477 783 4545 Et
803 4498 846 4544 ex
871 4471 931 4544 illa
956 4468 1050 4542 bora
1076 4474 1213 4571 aoeepit
1240 4497 1321 4547 eam
1345 4474 1540 4573 discipulus
1563 4476 1601 4547 in
1626 4499 1702 4548 sua.
1724 4503 1743 4542 n
1773 4481 1816 4546 ln

228 4617 309 4684 sua,
327 4593 445 4692 inquit
458 4597 487 4686 ⁹,
505 4592 676 4668 subaudis
691 4591 883 4691 stipendia,
902 4605 937 4662 et
953 4589 1055 4687 quasi
1071 4591 1282 4687 virginitatis
1297 4617 1368 4664 suae
1384 4593 1530 4692 praemia
1541 4597 1576 4682 ¹⁰,
1599 4617 1673 4664 nnn
1697 4593 1734 4664 in
1752 4617 1815 4665 sua

230 4715 334 4812 quasi
365 4739 527 4788 uxorem.
555 4713 650 4788 Felix
677 4713 753 4786 haec
784 4708 1076 4808 incomparabilis
1106 4713 1349 4786 remuneratio
1380 4711 1562 4811 discipuli,
1594 4713 1652 4784 eui
1677 4713 1819 4809 virgine*

266 4955 275 4982 ¹
292 4953 344 5005 tls.
366 4955 435 5006 Eine.
453 4981 470 4994 -
487 4959 507 5008 Δ
527 4955 596 5006 deest
615 4955 660 5006 Ed.
684 4953 755 5004 almb.
771 4979 787 4990 -
801 4950 811 4978 ¹
831 4951 882 5003 llS.
901 4948 970 5001 Eine.
985 4977 1003 4989 -
1045 4951 1142 5012 'lbid.,
1155 4971 1178 5004 v.
1194 4955 1275 5003 38.-
1286 4951 1388 5014 'loan.,
1399 4969 1455 5019 cap.
1466 4967 1525 5010 xlx,
1536 4969 1559 5002 v.
1572 4954 1652 5003 te-
1664 4951 1733 5004 ⁰llS.
1748 4953 1816 5006 ttius.

230 5042 441 5093 Commendattone
450 5042 496 5094 Ed.
510 5039 636 5094 amb-⁸
646 5039 697 5091 ns,
706 5040 774 5090 Eine.
784 5062 800 5079 -
813 5039 863 5088 Deo
874 5037 1000 5091 deestlld.
1041 5038 1169 5100 -lnquam
1178 5037 1226 5089 Ed.
1237 5036 1344 5089 Amb-
1357 5035 1379 5064 ¹⁰
1390 5037 1431 5088 Sic
1446 5035 1508 5086 God.
1521 5035 1613 5087 Eira·
1622 5037 1818 5090 Primhdldin

229 5126 306 5181 Amb.
318 5153 349 5166 -
361 5126 372 5156 ⁴
383 5127 446 5195 Cap.
457 5145 514 5188 xm,
530 5127 591 5192 opp.
601 5135 620 5176 t.
632 5124 682 5188 lll,
697 5135 761 5192 part.
778 5123 811 5184 lt,
832 5123 884 5175 col.
896 5123 953 5174 948.
970 5149 999 5161 -
1041 5120 1113 5174 hmb.
1759 5135 1762 5142 ·

232 5207 998 5278 'Gatnt.,cap.n,v.9.-⁸llarc,cammunti.-
