4496 6102
450 613 522 686 406
974 665 980 698 e
1046 637 1174 709 PEl'Rl
1200 637 1434 711 tumtunm
1537 685 1540 696 ·

453 774 561 855 caput
577 763 713 858 anguli,
728 743 836 840 »boc
853 786 905 842 est
923 777 1135 850 constitutus
1151 803 1172 850 a
1191 784 1268 852 Deo
1285 783 1320 851 in
1340 790 1467 880 caput,
1490 797 1528 854 ut
1546 781 1716 872 diximus,
1739 782 1896 856 duorum
1921 785 2032 883 parie-

452 890 549 969 tum,
570 883 607 953 in
639 911 708 958 una
733 887 845 960 domo
861 894 928 965 Dei
945 897 1014 968 sibi
1032 900 1319 996 conjunctorum.
1342 906 1461 999 Aquo
1478 928 1563 975 vero
1589 919 1661 974 tam
1685 927 1855 1000 magnum
1876 905 1963 1002 quid
1982 907 2032 977 fa·

451 1015 548 1070 ctum
565 1003 626 1094 sit,
646 1013 860 1106 supponitur
877 1039 989 1112 quum
1008 1019 1159 1092 dicitur:
1182 1051 1200 1089 u
1218 1027 1241 1092 Α
1263 1024 1422 1127 Domino
1436 1023 1567 1095 factum
1581 1040 1633 1096 est
1651 1025 1757 1096 istud.
1775 1055 1792 1092 n
1817 1031 1857 1098 lu
1876 1051 1950 1122 quo
1968 1051 2032 1124 pa·

450 1138 566 1195 tenter
592 1130 747 1218 ostendit
775 1134 903 1208 frustra
928 1161 990 1210 eos
1016 1140 1213 1233 laborasse,
1244 1145 1304 1238 qui
1334 1143 1433 1240 quod
1461 1144 1684 1242 disposuerat
1708 1149 1804 1218 Deus
1830 1145 2032 1218 nitebantur

449 1259 619 1317 evertere.
643 1250 743 1322 Unde
759 1268 793 1323 et
813 1255 850 1324 in
873 1271 1023 1338 mortem
1042 1260 1117 1354 ejus
1130 1263 1323 1358 conspirati
1336 1261 1517 1335 dicebant¹
1534 1291 1540 1333 ι
1561 1264 1728 1335 «Videtis
1746 1266 1829 1361 quia
1845 1264 1935 1336 nibil
1951 1289 2031 1363 pro·

449 1359 599 1434 ficimus.
625 1369 716 1439 Ecce
738 1372 897 1443 mundus·
911 1389 1007 1447 totus
1029 1394 1111 1474 post
1129 1402 1212 1450 eum
1234 1378 1331 1450 abiit.
1353 1385 1396 1452 Et
1412 1396 1464 1454 est
1486 1381 1646 1454 mirabile
1669 1384 1706 1454 in
1729 1382 1840 1454 oculis
1855 1385 1997 1456 nostris.
2011 1413 2029 1451 ιι

449 1483 544 1568 Quid
568 1487 662 1557 enim
690 1489 883 1562 mirabilius
908 1496 945 1564 in
972 1495 1084 1568 oculis
1108 1497 1314 1590 hominum,
1342 1525 1451 1598 quam
1468 1491 1596 1573 dirinae
1618 1501 1859 1600 dispositionis
1883 1503 2030 1599 prolun-

448 1599 554 1694 dum,
575 1603 621 1675 de
640 1631 712 1704 quo
732 1609 808 1707 ipse
827 1612 919 1682 ait':
940 1643 957 1682 u
973 1619 1012 1685 ln
1028 1615 1203 1711 judicium
1227 1643 1293 1716 ego
1317 1621 1399 1692 veni
1423 1622 1459 1691 in
1482 1621 1581 1694 hunc
1604 1621 1801 1711 mundum,
1823 1637 1862 1694 ut
1875 1625 1942 1720 'qui
1956 1648 2030 1694 non

447 1720 567 1793 vident
590 1723 753 1817 videant,
781 1745 817 1808 et
841 1733 902 1827 qui
925 1733 1055 1820 vident¹
1071 1737 1153 1806 caeci
1178 1736 1291 1808 liant?
1307 1767 1324 1806 n
1351 1743 1442 1811 Ecce
1468 1739 1633 1812 doctores
1648 1741 1741 1838 legis
1764 1763 1872 1838 quem
1894 1741 1931 1812 in
1956 1741 2031 1838 lege

445 1845 661 1939 promissum
684 1851 919 1946 expectabant
934 1872 1144 1948 ventumm,
1170 1859 1371 1932 venientem
1385 1875 1558 1958 ¹tanquam
1579 1862 1800 1958 incognitum
1817 1859 2031 1960 reprobave-

445 1979 541 2033 runt.
572 1968 796 2039 Erraverunt
811 1973 985 2068 magistri,
1013 1977 1147 2073 inquo
1173 2001 1248 2050 non
1271 1994 1477 2053 erravemnt
1498 1980 1673 2078 discipuli.
1699 1981 1843 2052 Caecitas
1863 2007 1906 2052 ex
1931 1995 2031 2079 parte

446 2082 535 2153 lacta
553 2098 606 2155 est
623 2086 660 2157 in
679 2089 798 2179 lsrael,
821 2103 859 2160 ut
877 2092 1062 2190 plenitudo
1086 2099 1246 2192 gentium
1263 2099 1499 2171 subintraret:
1510 2101 1622 2189 brecti
1639 2115 1723 2172 sunt
1740 2101 1841 2172 olivae
1859 2101 1949 2172 rami
1966 2125 2029 2172 na-

446 2203 593 2295 turales,
617 2221 657 2277 ut
678 2207 856 2303 sylvestris
875 2213 1088 2286 insereretur
1109 2217 1271 2290 oleaster.
1301 2217 1488 2290 Peculiaris
1509 2219 1569 2291 ille
1589 2220 1774 2316 quondam
1791 2222 1857 2292 Dei
1874 2221 2031 2318 populus

447 2345 489 2391 ex
508 2347 635 2422 magna
652 2343 754 2424 parte
769 2332 885 2400 Deum
905 2333 1132 2430 reprobando
1152 2337 1281 2418 meruit
1297 2335 1481 2436 reprobari
1504 2363 1524 2410 a
1546 2343 1641 2428 De0,
1669 2355 1704 2411 et
1726 2341 1826 2436 quasi
1848 2339 1928 2410 liliis
1947 2339 2031 2412 alie-

446 2444 554 2534 natis,
578 2445 613 2516 in
638 2471 763 2518 eorum
786 2447 905 2521 locum
931 2471 1175 2530 successerunt
1197 2455 1314 2529 alieni.
1338 2457 1446 2544 Quod
1468 2457 1675 2532 altissimum
1696 2459 1763 2531 Dei
1783 2459 1971 2530 consilium
1995 2461 2031 2531 in
2114 2459 2118 2469 ’

341 2649 346 2658 ·
447 2575 580 2633 tantam
597 2563 869 2640 admirationem
882 2573 979 2642 venit
997 2573 1175 2646 mentibus
1191 2574 1371 2666 fidelium,
1390 2592 1430 2648 ut
1447 2578 1522 2674 ipse
1542 2577 1729 2675 Apostolus
1748 2602 1857 2676 super
1878 2578 1950 2650 boc
1971 2604 2032 2650 ex-

446 2681 602 2755 clamans
618 2684 752 2758 dicar:
772 2717 790 2756 ιι
806 2687 1002 2763 Oaltitudo
1020 2693 1222 2765 divitiarum
1243 2696 1423 2795 sapientiae
1446 2711 1482 2767 et
1497 2697 1648 2768 scientiae
1666 2694 1751 2768 Deil
1772 2721 1880 2795 quam
1896 2699 2033 2769 incom-

381 2847 384 2856 ι
446 2802 696 2896 prehensibilia
719 2823 801 2879 sunt
822 2809 954 2904 judicia
977 2811 1070 2906 ejus,
1096 2829 1131 2884 et
1152 2813 1411 2911 iuvestigabiles
1429 2815 1493 2885 viae
1509 2805 1606 2911 ejus!
1634 2815 1721 2902 Quis
1743 2816 1839 2886 enim
1863 2817 2033 2912 cognovit
2069 2805 2072 2812 ⁴

445 2945 589 2994 sensum
606 2927 771 3017 Domini,
794 2943 855 3000 aut
876 2929 955 3027 quis
976 2932 1198 3004 consiliarius
1218 2933 1294 3029 ejus
1316 2933 1433 3006 tutat»
1458 2933 1510 3004 td
1531 2933 1638 3030 hujus
1655 2935 1825 3031 temporis
1843 2933 2034 3032 plenitudi-

445 3069 528 3118 nem
547 3049 664 3146 gratiae
681 3049 836 3122 exultare
854 3045 1105 3144 admonemur,
1126 3069 1161 3126 et
1178 3055 1305 3146 laetari,
1321 3079 1434 3152 quum
1449 3054 1598 3126 dicitur:
1624 3083 1642 3123 ιι
1657 3059 1738 3126 Haec
1756 3071 1809 3127 est
1825 3055 1918 3147 dies,
1934 3073 2030 3129 etc.»

419 3265 422 3272 Ι
444 3167 626 3264 Tanquam
648 3167 676 3238 si
699 3167 854 3241 diceret:
881 3175 958 3243 Hoc
981 3186 1034 3243 est
1055 3173 1143 3244 illud
1162 3189 1302 3272 tempus
1320 3173 1485 3246 lidelibus
1503 3186 1681 3272 optatum,
1705 3174 1804 3271 quod
1824 3200 1888 3273 per
1905 3192 2034 3249 semet·

445 3285 560 3383 ipsum
583 3289 759 3358 Dominus
782 3289 884 3387 copia
907 3289 1054 3387 replevit
1077 3293 1240 3364 omnium
1267 3293 1460 3365 bonorum.
1491 3323 1509 3361 u
1524 3293 1745 3383 ExultemuS,
1760 3323 1779 3361 n
1800 3295 1935 3392 inquit,
1964 3325 1984 3363 a
1998 3312 2035 3369 et

444 3405 646 3480 laetemur.»
667 3409 864 3504 Ingeminat
877 3410 1071 3504 gaudium,
1096 3413 1294 3510 praevidens
1312 3415 1347 3484 in
1373 3413 1515 3486 duobus
1537 3412 1679 3512 populis
1693 3414 1855 3486 Ecclesiae
1872 3440 2035 3488 cremen-

444 3545 533 3601 tum.
556 3529 609 3602 td
626 3529 720 3601 banc
736 3529 855 3627 itaque
873 3533 1044 3629 temporis
1061 3535 1209 3630 gratiam
1228 3536 1310 3606 totis
1326 3537 1418 3607 votis
1436 3537 1511 3633 ipse
1528 3531 1826 3634 psalmbgrapbus
1840 3521 2032 3627 anhelans,

443 3653 480 3720 in
493 3673 601 3746 quam
624 3673 725 3719 suam
745 3665 780 3720 et
800 3651 961 3722 omnium
982 3650 1142 3724 fidelium
1162 3652 1310 3726 salutem
1329 3655 1536 3753 expectabat
1550 3654 1725 3744 flaturam,
1745 3646 1867 3727 exbrat
1881 3657 2032 3741 dicens:

446 3799 463 3836 u
479 3771 512 3839 Ο
530 3771 697 3856 Domine,
715 3768 852 3840 salvum
865 3795 930 3856 me
947 3769 1014 3844 lac.
1029 3800 1046 3839 u
1062 3775 1134 3863 Me,
1158 3774 1324 3871 inquam,
1340 3775 1403 3872 qui
1424 3789 1458 3846 te
1471 3797 1707 3871 recognosco,
1726 3776 1788 3871 qui
1804 3775 1895 3892 iope
1914 3777 2036 3850 solum

444 3901 620 3986 tunquam
638 3888 801 3958 omnium
825 3892 965 3980 lesum,
992 3891 1028 3962 id
1052 3907 1106 3964 est
1129 3892 1365 3982 Salvatorem,
1389 3917 1490 3990 spem
1514 3907 1625 3964 totam
1649 3895 1847 3981 constitum
1875 3913 2038 3993 quanta-

443 4033 586 4106 cunque
599 4009 761 4080 ‘caecitate
787 4009 942 4109 populus
970 3991 1071 4083 meus
1095 4015 1139 4084 sit
1163 4013 1429 4111 percutiendus.
1459 4017 1502 4084 Et
1526 4028 1565 4084 ut
1588 4013 1724 4085 salvum
1750 4014 1874 4104 facias,
1897 4043 1918 4085 u
1939 4016 2037 4090 bene

443 4153 699 4228 prosperare.»
727 4135 803 4201 Hoc
827 4147 897 4216 est,
926 4153 1097 4230 prospere
1119 4157 1201 4229 agas
1220 4134 1256 4204 in
1280 4133 1448 4206 omnibus
1473 4157 1551 4231 quae
1574 4131 1752 4231 disponis,
1772 4147 1838 4204 tuae
1857 4136 2039 4208 voluntati

368 4323 372 4334 ⁴
443 4251 772 4352 obtemperantibus
789 4253 976 4327 sibi'causa
996 4254 1117 4327 salutis
1131 4268 1280 4326 aetemae.
1302 4259 1485 4342 Quantum
1499 4269 1618 4328 autem
1637 4258 1838 4354 prosperari
1851 4256 1982 4330 debeat
1995 4258 2038 4329 in

441 4372 497 4444 bis
519 4395 599 4470 quae
622 4371 711 4468 agit,
739 4373 960 4446 demonstrat
984 4399 1096 4473 quum
1122 4374 1317 4474 supponit:
1343 4405 1361 4443 u
1384 4374 1595 4446 Benedictus
1617 4375 1680 4472 qui
1699 4375 1858 4448 ‘venitin
1882 4379 2040 4450 nomine

442 4497 634 4568 Domini.»
655 4471 882 4586 Benedictus,
911 4498 1047 4593 iuquit,
1070 4498 1142 4569 hoc
1165 4510 1218 4568 est
1240 4523 1261 4569 a
1282 4501 1360 4569 Dee
1387 4497 1639 4586 sanctificatus
1661 4511 1761 4569 etex
1782 4511 1885 4570 utero
1910 4500 2041 4570 matris

391 4599 396 4609 ¹
442 4615 609 4687 omnibus
631 4615 736 4689 donis
757 4617 907 4715 Spiritus
929 4619 1040 4689 sancti
1064 4631 1343 4690 consummatus.
1370 4623 1409 4688 ln
1433 4618 1581 4689 nomine
1601 4601 1765 4704 Domini,
1787 4615 1877 4688 sicut
1895 4633 1934 4690 et
1956 4619 2042 4716 ipse

440 4739 524 4810 ait‘:
543 4767 560 4806 ιι
576 4744 651 4836 Ego
674 4739 756 4809 veni
776 4738 982 4810 innomine
1005 4739 1114 4836 patris
1135 4737 1231 4810 mei:
1251 4753 1288 4810 et
1307 4737 1396 4810 alius
1418 4739 1536 4809 veniet
1555 4739 1593 4808 in
1612 4737 1760 4809 nomine
1781 4760 1864 4826 suo,
1888 4750 1924 4810 et
1946 4761 2044 4808 eum

442 4862 649 4959 suscipietis.
668 4885 683 4923 ιι
705 4859 744 4931 ln
760 4847 906 4933 nomine
925 4861 1035 4931 Patris
1051 4837 1168 4949 uenit,
1184 4858 1246 4956 qui
1260 4883 1334 4930 non
1348 4858 1530 4957 propriam
1549 4857 1716 4954 gloriam,
1736 4853 1798 4926 scd
1812 4857 1922 4928 Patris
1936 4881 2045 4954 quae-

441 4989 505 5079 rit;
532 5003 689 5058 nectam
710 4985 810 5056 nosci
830 4985 906 5057 vult
925 4999 965 5055 ut
984 4983 1196 5073 honoretur,
1216 5007 1325 5079 quam
1343 5005 1426 5053 eum
1447 4981 1615 5076 cognosci
1637 4978 1719 5050 facit
1739 4993 1779 5049 ut
1798 4976 2041 5074 glorificetur.

473 5263 480 5289 ⁸
500 5260 582 5321 loau„
594 5275 649 5325 cap.
665 5273 711 5317 ιιι,
727 5273 748 5306 v.
764 5259 802 5307 ta.
812 5255 865 5296 -'
877 5255 958 5311 toan..
971 5271 1027 5321 cap.
1039 5271 1064 5307 tx
1076 5293 1082 5315 ,
1096 5270 1119 5305 ι.
1133 5255 1175 5304 39.
1186 5281 1217 5292 -
1228 5251 1237 5281 “
1250 5255 1331 5314 tlon„
1343 5267 1399 5318 cap.
1412 5269 1451 5312 ιι,
1465 5267 1489 5302 ιι.
1502 5253 1542 5304 33.
1554 5277 1586 5288 -
1597 5250 1607 5278 ⁴
1617 5249 1700 5311 loen..
1712 5263 1769 5315 cap.
1784 5265 1808 5311 a,
1822 5266 1845 5301 ι.
1860 5249 1901 5299 ta.
