4536 6102
450 631 520 703 aas
1047 629 1176 702 rerer
1203 627 1437 702 semelem

446 800 529 848 men
548 790 652 846 tuum
664 773 679 843 Ρ
691 801 709 840 n
725 775 862 844 Nomen
878 771 942 842 Dei
960 770 1048 844 fides
1063 787 1115 844 est
1131 773 1216 862 Dei,
1234 797 1423 871 perquam
1440 770 1669 844 credentibus
1684 771 1888 842 innotescit.
1912 799 1931 839 a
1942 765 2035 846 San-⁴
2061 749 2064 756 ’
2109 779 2134 868 ’,

447 893 600 966 tilicctur
614 915 748 964 nomen
766 906 886 981 tuum,
902 920 920 960 u
937 891 1177 964 sanctificetur
1194 891 1282 964 tides
1298 908 1379 983 tua,
1395 917 1473 991 quae
1490 907 1544 964 est
1560 893 1688 964 notitia
1703 893 1768 964 tui.
1784 891 1854 964 Sed
1870 891 2039 990 nunquid

449 1039 589 1085 nomen·
611 1012 755 1082 Domini
781 1035 856 1082 non
879 1026 932 1082 est
952 1010 1213 1084 sanctificatum
1240 1026 1275 1082 et
1299 1005 1488 1084 sanctum?
1504 1013 1640 1083 Omnes
1655 1012 1845 1109 Scripturas
1859 1010 2049 1099 clamant„
2153 1049 2162 1088 r

450 1158 575 1205 omnes
591 1146 787 1203 resonant:
811 1134 1015 1204 «Sanctum
1041 1155 1176 1203 nomen
1200 1146 1316 1203 tuum.
1337 1135 1513 1203 »Nomen
1539 1131 1687 1229 quidem
1703 1131 1867 1220 Domini,
1893 1130 2032 1217 tenes,

448 1266 612 1325 sanctum
639 1265 710 1340 est,
734 1249 797 1323 sed
818 1249 937 1323 adbuc
957 1251 994 1321 in
1021 1249 1192 1322 cordibus
1219 1250 1462 1347 quorumdam
1487 1250 1640 1348 amplius
1665 1249 1878 1322 sanctificari
1904 1264 2033 1349 potest:

448 1377 568 1444 Potest
583 1395 740 1468 namque
755 1369 967 1444 sanctificari
984 1371 1022 1443 in
1032 1370 1204 1442 cordibus
1219 1394 1457 1469 paganorum,
1470 1371 1505 1442 in
1519 1370 1650 1469 quibus
1663 1369 1830 1442 nondum
1845 1369 2037 1443 sanctifica·

450 1510 526 1564 tum
543 1507 595 1564 est
611 1517 677 1589 per
694 1491 803 1563 fidem
819 1519 827 1562 ε
842 1493 879 1562 in
896 1489 1067 1564 cordibus
1083 1491 1309 1580 ludaeorum,
1327 1492 1364 1562 in
1381 1491 1512 1589 quibus
1529 1490 1693 1562 nondum
1710 1488 1970 1562 sanctificatum
1986 1507 2036 1563 est

451 1638 515 1711 per
533 1611 616 1684 fidei
634 1612 983 1684 consommationem
1000 1639 1007 1682 :
1024 1611 1061 1682 in
1079 1609 1250 1682 cordibus
1267 1609 1437 1683 salsorum
1455 1609 1746 1700 christianorum,
1760 1611 1797 1681 in
1813 1610 1946 1707 quibus
1963 1635 2035 1681 non

451 1747 504 1805 est
520 1710 779 1804 sanctificatum
796 1755 861 1828 per
877 1730 1120 1802 dilectionem.
1139 1735 1243 1805 Potes
1260 1753 1405 1828 quoque
1422 1729 1576 1829 amplius
1588 1729 1801 1802 sanctifica-ri
1816 1730 1854 1800 in
1871 1727 2037 1800 cordibus

451 1853 648 1924 electorum
669 1875 733 1948 per
754 1851 929 1948 majorem
946 1849 1030 1922 fidei
1051 1849 1382 1940 confirmationem,
1402 1865 1437 1922 et
1458 1850 1632 1946 majorem
1648 1851 1714 1920 Dei
1737 1865 1773 1920 et
1793 1849 2037 1947 proximorum

451 1974 695 2047 dilectionem.
708 1977 853 2059 Quanto
870 1974 1002 2045 etenim
1019 1975 1170 2071 quisque
1186 1973 1378 2071 perfectius
1394 1977 1511 2044 Deum
1527 1971 1641 2043 credit
1655 1986 1691 2042 et
1707 1969 1833 2068 diligit,
1851 1985 1955 2042 tanto
1972 1993 2039 2042 am·

323 2165 328 2176 ,
453 2095 545 2192 plius
564 2119 698 2167 nomen
715 2095 826 2165 Patris
842 2094 879 2164 in
901 2118 939 2166 se
954 2093 1152 2167 sanctificat
1168 2109 1205 2166 et
1220 2093 1480 2167 sanctificatum
1493 2093 1729 2165 demonstrat.
1752 2121 1770 2160 α
1787 2097 1889 2165 Pater
1904 2107 2036 2180 noster,

453 2218 567 2314 quies
584 2217 622 2286 in
638 2215 749 2304 coelis,
764 2213 1005 2288 sanctificetur
1020 2238 1154 2287 nomen
1171 2230 1287 2288 tuum.
1302 2243 1321 2282 n
1333 2213 1581 2287 Sanctificetur
1596 2237 1731 2285 nomen
1748 2228 1851 2284 tuum
1868 2213 1906 2284 in
1923 2212 2037 2284 cordi-

454 2337 522 2406 bus
539 2359 776 2433 paganorum,
796 2332 1036 2406 sanctificetur
1054 2335 1091 2406 in
1108 2333 1280 2406 cordibus
1301 2315 1524 2423 ludaeorum,
1538 2349 1578 2406 ut
1599 2349 1636 2405 et
1652 2332 1701 2404 illi
1723 2334 1760 2404 in
1777 2347 1813 2404 te
1830 2331 1992 2420 credant,
2007 2347 2040 2403 et

456 2457 511 2526 isti
536 2455 726 2552 perfectius
750 2453 920 2551 credant,
940 2468 976 2525 et
996 2455 1138 2551 utrique
1162 2453 1323 2550 diligant.
1348 2453 1596 2526 Sanctificetur
1615 2454 1652 2525 in
1674 2452 1846 2524 cordibus
1873 2451 2039 2525 salsorum

435 2601 440 2609 ·
455 2576 757 2663 Christianorum,
776 2589 816 2645 ut
836 2575 927 2645 sicut
942 2573 1079 2646 babent
1095 2599 1159 2673 per
1175 2573 1285 2646 fidem
1301 2578 1353 2646 tui
1369 2575 1631 2671 cognitionem,
1650 2575 1701 2645 sic
1721 2597 1868 2671 quoque
1887 2572 2039 2644 babeant

455 2721 519 2793 per
537 2696 704 2767 allectum
722 2709 757 2764 et
774 2693 1015 2766 dilectionem.
1033 2694 1279 2767 Sanctificetur
1293 2695 1412 2767 adhuc
1424 2696 1461 2766 in
1478 2693 1648 2767 cordibus
1667 2693 1863 2766 electorum
1880 2717 1945 2792 per
1965 2717 2040 2764 ma-

452 2817 571 2909 jorem
587 2814 784 2887 claritatem
801 2813 1033 2909 cognitionis,
1052 2830 1089 2886 et
1105 2815 1278 2911 majorem
1290 2815 1501 2887 suavitatem
1513 2814 1736 2887 dilectionis:
1755 2843 1773 2882 s
1787 2818 1890 2886 Pater
1906 2827 2037 2900 noster,

455 2936 517 3032 qui
534 2959 572 3006 es
588 2936 623 3006 in
637 2935 752 3024 coelia,
769 2933 1011 3007 sanctificetur
1028 2959 1163 3006 nomen
1180 2949 1295 3006 tunm.
1313 2962 1331 3002 a
1632 2931 1636 2940 “

1087 3163 1243 3210 SECUNDA
1266 3161 1414 3208 ΡΕΤΙΤΙΟ.

508 3349 526 3388 κ
547 3293 718 3390 Advenial
734 3341 886 3414 regnum
904 3332 1021 3388 tuum.
1039 3314 1170 3404 »Quid
1187 3315 1356 3413 estquod
1374 3315 1528 3413 petimus
1545 3316 1634 3387 dum
1650 3316 1822 3405 dicimus,
1841 3343 1859 3383 u
1880 3314 2041 3388 adveniat

459 3463 609 3534 regnum
625 3438 748 3509 tuum?
764 3465 781 3504 n
797 3436 966 3532 Nunquid
986 3460 1061 3507 non
1085 3434 1195 3507 habet
1211 3459 1362 3531 regnum
1377 3435 1492 3506 Deus?
1512 3433 1678 3532 nunquid
1692 3461 1767 3507 non
1783 3450 1835 3507 est
1852 3461 1914 3508 rex
1930 3435 2042 3507 Deus?

459 3561 495 3629 Si
511 3565 607 3630 Deus
624 3583 699 3629 ncn
718 3573 771 3629 est
791 3581 874 3647 rex,
895 3571 956 3628 aut
974 3557 1005 3627 si
1027 3581 1102 3628 non
1119 3556 1230 3628 babet
1245 3581 1413 3653 regnum,
1433 3555 1521 3655 quid
1544 3571 1597 3629 est
1621 3558 1721 3654 quod
1748 3557 1932 3630 Psalmista
1952 3559 2038 3629 ait¹:

461 3679 678 3765 «Quoniam
698 3699 759 3748 rex
780 3677 898 3748 omnis
921 3691 1022 3748 terrae
1046 3681 1160 3768 Deus,
1188 3676 1326 3776 psallite
1353 3677 1554 3775 sapienter?
1569 3707 1586 3744 n
1607 3681 1702 3774 Ergo
1724 3703 1784 3750 rex
1805 3693 1859 3750 est
1881 3683 1993 3766 Deus,
2010 3693 2041 3747 et

459 3819 610 3894 regnum
627 3796 738 3868 habet
750 3801 859 3868 Deus.
874 3801 993 3885 Quare
1010 3823 1095 3894 ergo
1111 3799 1284 3897 petimus,
1302 3813 1340 3870 ut
1357 3797 1525 3871 adveniat
1541 3823 1693 3896 regnum
1709 3799 1805 3896 ejus?
1816 3799 1973 3887 Quando
1984 3823 2042 3897 pe-

459 3920 567 3989 timus
583 3933 623 3989 ut
640 3917 807 3990 adveniat
822 3943 973 4016 regnum
991 3919 1087 4015 ejus,
1107 3945 1182 3991 non
1207 3919 1363 4018 petimus
1384 3934 1424 3991 ut
1440 3918 1608 3993 adveniat
1624 3921 1661 3990 in
1677 3919 1749 3992 boc
1770 3919 1872 4017 quod
1883 3921 1960 4017 jam
1977 3933 2042 4004 est,

459 4036 522 4110 sed
539 4039 575 4108 in
592 4037 663 4110 hoc
679 4036 780 4136 quod
795 4037 960 4111 nondum
978 4054 1050 4130 cst,
1068 4040 1125 4110 vel
1146 4041 1265 4139 potius
1283 4039 1530 4112 manifestetur
1545 4040 1583 4112 in
1607 4065 1651 4112 co
1673 4040 1772 4138 quod
1794 4041 1961 4112 nondum
1979 4062 2046 4111 ma·

460 4159 628 4231 nifestum
650 4175 715 4232 est.
736 4159 788 4230 sd
809 4158 885 4230 baec
905 4172 941 4231 et
959 4160 1130 4232 nascituri
1150 4176 1234 4232 sunt
1255 4159 1377 4260 multi,
1397 4161 1459 4258 qui
1480 4159 1525 4233 ad
1546 4185 1698 4258 regnum
1718 4157 1794 4257 ejus
1814 4175 1899 4233 sunt
1918 4159 2047 4262 prede·

459 4279 580 4350 stinati
600 4307 608 4350 :
635 4293 671 4350 et
691 4279 753 4376 qui
774 4278 1014 4377 praedestinati
1032 4280 1191 4352 necdum
1211 4296 1296 4354 sunt
1313 4277 1359 4352 de
1376 4304 1489 4377 regno
1505 4281 1615 4380 ipsius
1635 4305 1728 4370 esse,
1749 4277 1919 4353 omnibus
1941 4279 2050 4352 mani-

460 4399 575 4470 festat.
597 4397 772 4471 Adveniet
797 4423 884 4496 ergo
907 4423 1060 4496 regnum
1080 4413 1204 4488 tuum,
1229 4426 1252 4472 o
1274 4415 1377 4498 pater
1400 4399 1563 4492 coelestis,
1590 4416 1631 4472 nt
1654 4424 1718 4499 per
1743 4415 1911 4472 naturam
1934 4399 2049 4471 carnis

461 4535 675 4616 generentur
686 4518 733 4592 ad
746 4545 896 4618 regnum
909 4535 1014 4593 tuum
1024 4522 1283 4621 praedestinati,
1299 4537 1335 4594 et
1349 4546 1414 4622 per
1426 4523 1577 4619 gratiam
1587 4520 1757 4621 baptismi
1769 4536 2045 4619 regenerentur:

462 4654 496 4710 et
513 4637 601 4711 fiant
611 4639 712 4736 justi,
729 4654 764 4711 et
779 4665 845 4739 per
858 4639 1055 4714 claritatem
1068 4643 1211 4739 justitiae
1227 4640 1396 4715 omnibus
1410 4641 1683 4714 manifestentur
1698 4667 1774 4714 esse
1790 4641 1852 4714 filii
1867 4641 1966 4738 regni
1979 4641 2046 4712 tui.

464 4788 480 4826 a
502 4759 675 4831 bdveniat
695 4783 816 4857 »ergo
836 4781 1024 4856 «regnum
1047 4777 1167 4852 tuum,
1187 4791 1205 4831 n
1225 4764 1318 4836 utin
1339 4761 1411 4834 fine
1431 4761 1567 4852 saeculi,
1585 4763 1623 4834 in
1639 4762 1698 4834 die
1710 4761 1855 4860 judicii,
1876 4762 1914 4832 in
1936 4783 2050 4832 resur·

461 4877 620 4950 rectione
636 4879 808 4976 generali,
828 4896 1038 4980 separentur
1053 4905 1163 4979 gram
1179 4907 1200 4956 a
1218 4881 1346 4982 paleis,
1364 4883 1447 4979 agni
1468 4882 1514 4954 ab
1530 4881 1664 4970 hoedis,
1683 4881 1906 4954 frumentum
1923 4905 1944 4953 a
1960 4881 2052 4951 ziza·

461 4997 545 5088 niis,
562 5011 597 5068 et
614 4999 768 5091 Ecclesia
785 5015 864 5092 tua,
882 5023 961 5100 quac
977 5017 1030 5076 est
1045 5027 1197 5100 regnum
1212 5018 1334 5094 tuum,
1353 5001 1399 5075 dc
1415 5021 1581 5102 pressura
1596 4999 1714 5076 saculi
1729 5001 1913 5101 praesentis
1929 5015 1962 5072 te
1982 5023 2047 5071 vo-

495 5237 502 5264 ⁸
521 5237 610 5290 Psalm.
626 5254 730 5296 mvsa.
744 5241 769 5289 8.
