4496 6102
693 569 736 644 lN
762 569 973 642 PASSlONE
999 567 1156 642 DOlrllNl
1182 568 1344 640 SERMO.
1760 569 1829 640 437

243 703 423 801 protectus
442 703 488 777 ad
508 721 669 780 montem
691 709 838 800 Oliveti,
861 735 973 808 quum
992 709 1042 781 ibi
1061 709 1221 798 sederet,
1241 711 1330 782 sicut
1349 709 1532 781 Matthaeus
1550 705 1690 797 scribit,
1716 733 1834 782 acces·
1936 711 1942 726 '

243 839 364 896 serunt
380 824 425 896 a'd
446 849 529 896 eum
547 825 711 929 discipuli
724 831 812 927 ejus,
827 846 963 904 secreto
977 831 1153 904 dicentes¹
1170 859 1178 901 ι
1201 862 1218 898 ι(
1231 832 1296 902 Dic
1313 829 1419 903 nobis
1432 828 1579 929 quando
1593 829 1669 901 haec
1682 846 1787 902 erunt
1797 861 1830 920 ,n

242 937 288 1012 dc
314 940 557 1016 destructione
581 947 715 1022 scilicet
739 950 952 1041 Jerusalem,
985 979 1003 1018 ιι
1028 965 1063 1022 et
1085 949 1186 1048 qnod
1209 951 1348 1048 signum
1377 949 1444 1021 erit
1468 949 1643 1020 adventus
1664 949 1736 1038 tui,
1760 977 1777 1013 n
1797 951 1831 1018 in

242 1062 314 1134 fine
327 1063 460 1137 scilicet
472 1067 615 1160 mundi,
637 1085 672 1142 et
689 1070 799 1169 ipsius
818 1071 1137 1144 consummationis
1156 1072 1284 1144 saeculi.
1300 1076 1353 1144 De
1369 1095 1439 1170 qua
1458 1096 1570 1170 quum
1589 1070 1692 1170 plura
1708 1072 1833 1142 Domi·

242 1209 310 1256 nus
327 1185 563 1284 praedixisset,
578 1205 614 1262 et
626 1190 806 1289 prolixum
823 1193 874 1264 eis
890 1216 1093 1264 sermonem
1106 1191 1306 1282 habuisset,
1323 1191 1505 1290 subjungit
1520 1191 1723 1264 Matthaeus’
1737 1219 1744 1262 :
1760 1221 1776 1260 ιι
1792 1195 1832 1262 Et

241 1303 454 1398 factumest,
474 1333 586 1405 quum
600 1327 883 1386 consummasset
896 1316 997 1385 lesus
1008 1335 1190 1384 sermones
1203 1312 1271 1384 hos
1284 1336 1429 1403 omnes,
1446 1311 1532 1384 dixit
1545 1309 1726 1409 discipulis
1739 1312 1829 1382 suis:

245 1453 263 1492 n
276 1427 378 1498 Scitis
391 1429 475 1526 quia
488 1446 569 1529 post
583 1431 735 1506 biduum
750 1434 885 1530 Pascha
898 1434 976 1526 fiet,
994 1405 1030 1508 el
1043 1433 1305 1507 frlinshominis
1323 1433 1484 1506 tradetur
1500 1450 1541 1505 ut
1558 1432 1795 1532 crucifigatur.
1814 1463 1830 1498 n

242 1549 326 1618 Post
342 1545 514 1640 biduum,
534 1550 604 1624 hoc
621 1569 675 1626 est
693 1557 729 1626 in
747 1554 819 1627 line
834 1556 965 1654 quintae
986 1556 1099 1646 lcriae,
1120 1555 1267 1653 quando
1282 1570 1368 1627 tunc
1382 1553 1571 1654 oportebat
1583 1570 1684 1626 vetus
1701 1554 1832 1626 Pascha

240 1663 411 1738 celebrari
429 1668 475 1740 de
493 1670 738 1746 immolatione
751 1675 833 1772 agni
846 1699 907 1748 seu
922 1675 1014 1747 haedi
1029 1674 1074 1747 ad
1088 1700 1290 1774 vesperum.
1309 1681 1386 1747 Hoc
1402 1675 1497 1749 enim
1513 1674 1646 1747 Pascha
1666 1674 1832 1746 hocloco

240 1783 344 1877 dicit,
365 1789 464 1886 quod
486 1793 684 1865 secundum
703 1793 816 1892 legem
837 1795 1006 1867 omnibus
1025 1810 1099 1869 erat
1117 1811 1257 1868 notum.
1282 1798 1396 1868 Tertia
1415 1797 1534 1894 itaque
1558 1794 1664 1886 feria,
1688 1794 1760 1867 hoc
1781 1811 1832 1868 est

242 1903 299 1976 die
314 1908 451 1998 Martis,
468 1935 670 1985 sermonem
685 1913 785 1986 illum
798 1914 924 1986 habuit
934 1916 971 1987 in
986 1931 1110 1988 monte
1124 1915 1271 2008 Oliveti,
1292 1930 1327 1988 et
1340 1941 1384 1988 eo
1400 1913 1516 2005 finito,
1532 1913 1620 1984 dixit
1635 1913 1830 2012 discipulis,

241 2025 323 2121 quia
336 2044 419 2125 post
427 2028 578 2105 biduum
593 2034 728 2106 Pascha
739 2033 810 2108 fiet.
826 2041 925 2108 Tunc
938 2037 1071 2136 quippe
1084 2035 1146 2112 illo
1159 2062 1255 2109 anno
1265 2036 1405 2127 accidit,
1420 2052 1460 2108 ut
1470 2051 1553 2134 post
1565 2033 1654 2106 illud
1665 2034 1829 2122 biduum,

186 2199 190 2206 .
241 2142 276 2214 in
291 2146 433 2241 quinta,
454 2166 493 2221 nt
506 2150 676 2243 diximus,
698 2152 802 2252 seria,
818 2155 1084 2254 quartadecima
1098 2156 1252 2228 eveniret
1270 2156 1376 2249 luna,
1398 2170 1436 2228 ut
1454 2180 1498 2227 eo
1513 2155 1571 2228 die
1584 2154 1630 2227 ad
1642 2179 1830 2254 vesperum

240 2265 438 2338 secundum
457 2267 571 2368 legem
586 2275 714 2345 veteris
732 2274 874 2348 Paschae
892 2274 994 2348 lieret
1009 2275 1234 2348 sacrificium.
1252 2279 1335 2364 Quo
1348 2275 1496 2374 quidem
1513 2274 1628 2367 linito,
1644 2277 1754 2348 veteri
1768 2278 1833 2347 sci·

239 2382 321 2456 licet
334 2387 478 2460 Paschae
487 2392 659 2464 sacrificio
673 2394 709 2464 in
724 2393 891 2467 carnibus
909 2393 1002 2468 haedi
1012 2395 1069 2468 vel
1081 2396 1162 2494 agni
1174 2420 1256 2467 cum
1271 2396 1403 2492 azymis
1417 2412 1452 2468 et
1463 2395 1609 2468 lactucis
1622 2396 1830 2494 agrestibus,

239 2507 355 2579 statim
368 2508 445 2608 ipsc
462 2513 639 2586 Dominus
655 2539 790 2589 novum
811 2516 944 2588 Pascha
961 2541 1073 2614 quum
1091 2516 1212 2589 lecerit
1230 2517 1267 2588 in
1289 2530 1511 2589 sacramento
1528 2517 1690 2616 corporis
1706 2534 1741 2590 et
1756 2543 1835 2590 san·

239 2630 353 2724 guinis
371 2631 443 2722 sui,
464 2647 500 2704 ct
517 2635 567 2705 sic
582 2651 683 2709 vetus
705 2637 839 2710 Pascha
860 2621 1073 2710 terminavit.

288 2751 482 2850 Completis
493 2773 612 2830 autern
627 2759 811 2858 utriusque
826 2760 967 2833 Paschae
980 2762 1227 2851 sacramentis,
1243 2761 1288 2833 de
1302 2761 1427 2834 eadem
1441 2775 1547 2832 nocte
1558 2774 1611 2832 est
1623 2759 1773 2832 traditus
1786 2763 1831 2832 ad

187 2915 189 2920 ·
239 2875 453 2971 passionem.
471 2882 525 2951 De
538 2903 609 2976 qua
622 2893 885 2977 consequenter
905 2879 1096 2953 traditione
1118 2879 1300 2978 subjungit
1315 2896 1354 2954 ut
1373 2880 1510 2952 dictum
1528 2881 1620 2952 est⁸z
1641 2883 1719 2950 «Et
1738 2878 1831 2951 filins

239 2992 396 3067 hominis
420 2997 579 3070 tradetur
607 3013 648 3070 ut
670 2997 907 3097 cmcifrgatur.
938 3005 1037 3072 Tunc
1064 3001 1268 3098 congregati
1298 3015 1401 3091 sunt,
1429 3029 1446 3067 u
1477 3001 1593 3098 inquit
1621 2998 1827 3089 Matthaeus,

242 3141 260 3180 r
274 3115 453 3214 principes
473 3118 700 3192 sacerdotnm
716 3171 727 3207 ,
746 3136 783 3193 et
803 3122 960 3194 seniores
977 3120 1102 3220 poptdi
1124 3121 1314 3193 consilium
1338 3121 1517 3212 lecerunt,
1539 3137 1578 3194 ut
1601 3125 1721 3193 Jesnm
1743 3119 1829 3193 dolo

239 3249 402 3310 tenerent
423 3253 459 3311 et
477 3240 695 3314 occiderent.
716 3241 892 3315 Dicebant
910 3258 1029 3316 autem
1045 3271 1052 3313 :
1071 3247 1151 3314 Non
1171 3243 1207 3314 in
1229 3242 1287 3315 die
1308 3242 1418 3334 festo,
1435 3271 1452 3310 u
1476 3241 1645 3314 subaudis
1661 3269 1669 3314 :
1683 3241 1755 3313 hoc
1775 3243 1831 3312 sa-

239 3355 407 3430 ciendum
428 3384 503 3433 esse
523 3389 531 3432 :
555 3391 573 3431 ιι
589 3386 636 3434 ne
649 3361 739 3447 forte
760 3362 933 3435 tumultus
956 3361 1057 3434 fieret
1074 3362 1111 3434 in
1132 3361 1291 3461 populo;
1309 3389 1326 3429 n
1342 3351 1425 3433 'hoc
1440 3376 1514 3454 est,
1534 3386 1581 3433 ne
1599 3361 1727 3452 turbae,
1752 3387 1831 3458 quae

237 3475 338 3548 illum
361 3505 443 3552 cum
462 3483 678 3557 exultatione
700 3500 949 3585 susceperant,
964 3485 1019 3557 vel
1037 3487 1127 3558 sicut
1141 3483 1356 3583 prophetam
1370 3483 1571 3576 habebant,
1591 3485 1628 3556 in
1650 3509 1712 3557 eos
1729 3508 1829 3556 com·

238 3615 480 3693 moverentur,
504 3617 539 3674 et
556 3607 674 3702 ipsum
693 3607 883 3706 eriperent.
900 3610 933 3678 0
945 3607 1027 3678 caeci
1040 3621 1075 3678 et
1092 3603 1254 3706 pessimi!
1273 3604 1367 3676 Dolo
1384 3630 1467 3677 eum
1483 3604 1589 3678 vultis
1602 3620 1737 3694 tenere,
1756 3621 1832 3676 tan·

237 3745 345 3818 quam
362 3721 524 3818 ignarum
535 3723 808 3798 machinationis
818 3741 960 3818 vestrae,
976 3727 1093 3798 necin
1107 3725 1165 3796 die
1179 3726 1267 3797 sesto
1282 3724 1378 3822 istud
1390 3723 1580 3825 perlicere,
1595 3749 1670 3798 non
1684 3722 1829 3823 quidem

236 3865 305 3938 pro
323 3845 520 3917 reverentia
538 3845 628 3936 diei,
647 3846 709 3919 sed
728 3872 795 3946 pro
814 3862 912 3919 metu
931 3871 1039 3944 quem
1060 3844 1214 3916 diximus
1230 3844 1366 3943 populi.
1389 3847 1493 3918 Diem
1512 3846 1641 3918 festum
1658 3846 1743 3918 dicit
1760 3845 1831 3942 pri-

237 3985 337 4032 mum
356 3961 451 4034 diem
469 3988 678 4061 azymorum
696 3982 778 4064 post
797 3966 942 4038 Pascha.
966 3963 1099 4036 Pascha
1121 3964 1256 4063 quippe
1279 3964 1426 4062 proprie
1453 3979 1603 4038 vocatur
1628 3966 1665 4036 in
1685 3979 1830 4063 quarta-

236 4081 375 4155 decima
398 4083 501 4175 luna,
522 4084 585 4157 ubi
602 4086 801 4159 immolatio
820 4085 929 4159 fiebat
944 4085 990 4158 ad
1006 4108 1207 4184 vesperum.
1233 4087 1260 4154 Α
1278 4084 1402 4181 quinta
1422 4109 1509 4156 vero
1532 4083 1592 4156 die
1618 4083 1758 4155 decima
1775 4108 1829 4154 se-

235 4215 368 4300 quente
386 4229 497 4303 usque
514 4205 560 4277 ad
579 4207 770 4305 septimum
785 4206 880 4279 diem
892 4187 993 4279 erant
1006 4205 1083 4277 dies
1100 4228 1326 4302 azymorum,
1342 4203 1442 4302 quod
1461 4203 1625 4276 videlicet
1636 4218 1720 4303 post
1732 4203 1827 4275 diem

236 4323 378 4398 Paschae
391 4341 527 4424 septem
542 4326 668 4400 diebus
678 4330 811 4427 azymis
822 4342 1061 4402 vescerentur.
1079 4332 1118 4399 ln
1132 4326 1263 4425 quibus
1275 4325 1421 4425 quidem
1435 4324 1601 4398 videlicet
1615 4323 1740 4397 diebus
1753 4349 1829 4420 azy·

235 4471 400 4536 momm,
417 4447 555 4545 primus
573 4448 648 4522 dies
666 4475 792 4523 eorum
812 4465 848 4523 et
867 4451 1039 4551 septimus
1057 4448 1269 4522 celebriores
1287 4463 1388 4520 crant
1411 4448 1550 4560 caeteris
1567 4461 1604 4518 et
1628 4445 1825 4537 solemnes,

236 4591 349 4663 quum
369 4569 444 4666 ipse
463 4568 539 4642 dies
559 4563 702 4643 euehat
716 4571 852 4644 nullam
870 4572 1104 4644 solemnitatis
1117 4570 1325 4670 dignitatem
1343 4594 1386 4641 cx
1404 4569 1612 4641 auctoritate
1629 4566 1715 4664 legis
1734 4567 1826 4640 obti-

234 4700 331 4760 neat.
350 4689 442 4759 Hinc
455 4688 492 4759 in
505 4688 631 4760 Exodo
644 4691 815 4790 scriptum
829 4705 882 4764 est
894 4691 940 4764 de
951 4691 1007 4762 his
1020 4707 1156 4789 septem
1171 4690 1296 4763 diebus
1310 4693 1539 4787 azymorum*
1555 4716 1564 4758 ε
1583 4718 1601 4756 ιι
1616 4689 1700 4759 Dies
1710 4689 1824 4786 prima

235 4808 303 4878 erit
326 4823 448 4880 sancta
466 4824 573 4908 atque
591 4810 780 4904 solemnis,
802 4828 834 4886 et
854 4813 931 4886 dies
949 4814 1099 4914 septima
1118 4812 1244 4886 cadem
1270 4811 1455 4884 festivitate
1484 4809 1704 4884 venerabilis.
1732 4809 1824 4882 Nihil

234 4929 354 5026 operis
372 4929 505 5004 facietis
525 4933 560 5004 in
578 4934 649 5028 eis,
669 4936 825 5034 exceptis
839 4935 896 5007 his
913 4960 993 5033 quae
1009 4935 1055 5009 ad
1074 4934 1290 5008 vescendum
1306 4932 1522 5034 pertinent.»
1538 4907 1640 5004 lllurir
1654 4955 1739 5030 ergo
1752 4935 1826 5032 pri-

267 5191 275 5218 ⁴
296 5191 392 5257 lauh..
403 5209 460 5262 cap.
471 5213 538 5261 xxrr,
551 5213 575 5248 r.
586 5201 610 5250 3.
621 5196 672 5237 -¹
684 5197 780 5262 llatth.,
791 5215 846 5266 cap.
860 5216 932 5264 un,
944 5217 968 5253 r.
983 5189 1086 5264 t,2.'-
1101 5199 1195 5262 ὖ11ι1ι1.,
1209 5217 1232 5250 v.
1245 5201 1310 5248 3.·-
1322 5199 1332 5226 ⁴
1346 5201 1439 5256 liceri„
1451 5211 1506 5263 cap.
1521 5213 1572 5257 ιιι,
1586 5213 1608 5246 ιι.
1628 5197 1666 5246 16.
