4496 6102
649 739 691 810 ΙΝ
717 737 1049 812 ClRCUMClSlONli
1073 739 1230 815 DOMlNl
1255 740 1416 814 SERMO.
1748 735 1813 810 374

244 875 429 946 ditionem.
459 873 552 945 Alius
577 901 661 948 vero
686 902 769 950 cum
790 892 863 950 tota
883 877 994 948 domo
1012 903 1092 968 sua,
1121 880 1235 953 idest
1261 883 1353 968 Noe,
1378 903 1399 950 a
1423 876 1557 949 diluvio
1575 874 1759 964 liberatus,
1784 874 1822 944 in

244 998 470 1071 seminarium
482 997 630 1072 humani
642 1002 778 1098 generis
791 999 887 1072 solus
900 1003 1071 1072 reservari
1088 1003 1228 1074 meruit.
1249 1002 1316 1074 lob
1332 1023 1476 1099 quoque
1494 996 1631 1095 gentilis
1645 995 1821 1083 sanctitas,

245 1143 352 1216 quem
380 1118 484 1215 louge
520 1136 601 1216 post
636 1119 812 1192 Abrabam
834 1136 971 1196 constat
991 1123 1162 1213 extitisse,
1182 1123 1272 1196 adeo
1290 1121 1472 1194 dominico
1493 1117 1697 1190 testimonio
1723 1139 1825 1186 com-

246 1235 452 1326 mendatur,
473 1254 511 1309 ut
525 1264 599 1310 non
613 1241 657 1311 sit
674 1241 706 1311 ei
723 1241 776 1310 vir
792 1240 913 1312 similis
932 1241 968 1310 in
987 1246 1108 1330 terra¹,
1125 1243 1292 1314 nimirum
1312 1265 1356 1314 eo
1374 1255 1536 1336 tempore
1559 1225 1632 1334 quo
1658 1234 1758 1306 multi
1780 1232 1826 1303 de

246 1354 323 1426 filiis
344 1356 490 1428 Abrabae
507 1359 580 1452 jam
599 1361 797 1433 circumcisi
816 1375 1034 1459 supererant.
1067 1366 1185 1449 Quem
1210 1362 1357 1460 quidem
1383 1362 1439 1433 lex
1463 1357 1647 1445 naturalis,
1676 1357 1766 1464 sicpt
1792 1369 1827 1425 et

245 1475 434 1573 plerosque
449 1477 536 1550 alios
550 1479 696 1574 gentiles
713 1482 828 1552 verius
842 1480 1061 1575 justificavit,
1082 1507 1189 1580 quam
1213 1481 1352 1555 ludaeos
1370 1481 1499 1579 scripta
1521 1478 1650 1550 fecerit.
1671 1480 1723 1546 De
1740 1498 1827 1572 qua-

246 1593 331 1665 libet
347 1595 492 1692 quidem
506 1599 541 1668 in
556 1599 682 1672 eadem
696 1601 860 1699 epistola,
878 1625 983 1698 supra
998 1625 1284 1676 commemorans
1299 1600 1487 1700 Apostolus
1500 1600 1548 1670 ait
1563 1601 1591 1668 :¹
1606 1628 1623 1664 ι(
1640 1595 1828 1669 Non-enim

191 1767 194 1772 .
245 1712 425 1785 auditores
443 1714 528 1811 legis
542 1717 626 1812 justi
648 1734 730 1790 sunt
754 1719 849 1818 apud
871 1724 1004 1810 Deum,
1034 1719 1096 1792 sed
1117 1722 1268 1793 factores
1284 1721 1369 1818 legis
1387 1716 1685 1814 justificabuntur.
1707 1718 1827 1801 Quum

246 1833 339 1904 enirn
353 1850 487 1930 gentes,
504 1862 583 1934 quae
591 1838 708 1935 legem
719 1863 792 1910 non
802 1838 948 1930 habent,
965 1841 1171 1914 naturaliter
1183 1867 1225 1914 ea
1236 1867 1314 1939 quae
1327 1841 1413 1938 legis
1427 1854 1508 1912 sunt
1520 1838 1665 1923 faciunt,
1681 1835 1832 1930 ejusmo-

246 1952 283 2022 di
301 1952 415 2049 legem
433 1979 506 2026 non
526 1955 696 2029 babentes
715 1960 781 2056 ipsi
799 1959 866 2031 sibi
886 1975 969 2032 sunt
988 1960 1061 2052 lex,
1084 1962 1145 2058 qui
1166 1961 1359 2034 ostendunt
1384 1983 1475 2057 opus
1501 1957 1586 2053 legis
1604 1955 1775 2051 scriptum
1793 1955 1829 2024 in

246 2072 415 2144 cordibus
434 2075 517 2164 suis,
535 2077 776 2148 testimonium
793 2078 858 2150 illis
873 2079 1046 2152 reddente
1062 2081 1281 2153 conscientia
1293 2081 1465 2177 ipsorum.
1481 2107 1499 2144 u
1520 2079 1562 2146 Et
1573 2087 1653 2171 post
1671 2071 1826 2167 aliqua⁸:

248 2224 267 2260 u
279 2195 312 2264 Si
323 2195 428 2290 igitur
440 2199 653 2294 praeputium
664 2198 814 2291 justitias
827 2191 1118 2296 legiscustodiat,
1134 2225 1256 2272 noune
1267 2199 1480 2298 praeputium
1491 2195 1584 2266 illius
1597 2194 1634 2264 in
1649 2192 1833 2262 circumci-

244 2312 384 2383 sionem
403 2316 643 2412 reputabitur,
663 2333 699 2388 ct
712 2317 886 2414 judicabit
910 2319 1010 2416 quod
1029 2347 1068 2392 ex
1086 2336 1211 2392 natura
1228 2335 1282 2391 est
1298 2318 1510 2418 praeputium
1528 2315 1642 2410 legem
1666 2334 1833 2383 consum·

245 2455 349 2501 mans
364 2445 415 2520 te,
434 2433 496 2528 qui
515 2458 579 2531 per
604 2435 756 2507 litteram
780 2452 815 2508 et
836 2438 1144 2511 circumcisionem
1164 2439 1279 2510 carnis
1299 2437 1546 2535 praevaricator
1564 2432 1650 2528 legis
1668 2431 1731 2502 es?
1753 2435 1831 2501 Non

131 2647 136 2658 .
245 2551 364 2639 enim,
386 2553 448 2648 qui
463 2554 497 2623 in
513 2556 698 2627 manifesto
712 2557 853 2628 ludaeus
867 2573 935 2647 est,
953 2584 1069 2655 neque
1084 2584 1162 2655 quae
1180 2560 1216 2630 in
1236 2557 1422 2630 manifesto
1438 2570 1491 2628 est
1503 2556 1540 2626 in
1554 2576 1662 2624 carne
1682 2553 1833 2623 circum·

244 2673 354 2762 cisio,
371 2672 433 2744 sed
444 2675 506 2770 qui
519 2676 555 2745 in
567 2675 778 2748 abscondito
791 2678 932 2750 Judaeus
946 2694 1018 2769 est,
1038 2696 1074 2751 et
1091 2671 1314 2751 circumcisio
1333 2676 1451 2750 cordis
1469 2677 1505 2747 in
1524 2676 1666 2773 spiritu,
1686 2697 1760 2744 non
1779 2673 1834 2744 lit·

245 2809 324 2864 tera
339 2821 347 2862 ε
363 2793 463 2889 cujus
478 2793 553 2868 laus
567 2821 641 2868 non
656 2823 697 2869 ex
711 2799 937 2889 bominibus,
953 2800 1017 2872 sed
1031 2827 1074 2873 ex
1088 2806 1166 2873 Deo
1180 2815 1244 2872 est.
1265 2829 1283 2867 ιι
1305 2805 1348 2873 Et
1366 2801 1527 2871 rursum‘
1542 2825 1549 2868 :
1581 2828 1597 2865 u
1615 2797 1834 2868 Arbitramur

243 2911 345 2982 enirn
359 2909 543 2983 bominem
553 2914 736 3008 justificari
751 2943 814 3014 per
825 2916 933 2990 fidem
949 2920 1024 2991 sine
1038 2919 1207 3018 operibus
1224 2918 1322 3014 legis.
1349 2921 1401 2988 Αιι
1421 2916 1625 2988 ludaeorum
1642 2919 1738 2985 Deus
1758 2929 1833 2985 tan-

243 3031 354 3103 tum?
376 3056 497 3103 nonne
522 3050 556 3104 et
577 3036 762 3130 gentium?
782 3040 859 3109 bno
877 3054 912 3108 et
930 3041 1101 3136 gentium.
1121 3039 1300 3126 Quoniam
1317 3036 1463 3133 quidem
1485 3059 1578 3106 unus
1590 3050 1643 3105 est
1656 3037 1752 3104 Deus
1770 3034 1833 3130 qui
1862 3041 1867 3052 '

235 3150 411 3248 justificat
429 3151 736 3246 circumcisionem
749 3182 790 3228 ex
806 3156 897 3248 fide,
915 3175 949 3230 et
961 3160 1174 3258 preputium
1187 3183 1252 3257 per
1264 3155 1384 3229 fidem.
1403 3185 1420 3223 u
1436 3155 1544 3243 Quod
1564 3170 1597 3226 et
1615 3153 1739 3226 beatus
1757 3153 1835 3224 Hie·

240 3297 421 3368 ronymus
434 3272 620 3370 diligenter
641 3277 844 3368 attendens,
862 3293 897 3350 et
912 3278 1035 3350 talium
1049 3281 1158 3351 vitam
1171 3293 1340 3376 tanquam
1359 3281 1435 3348 Deo
1454 3292 1637 3376 acceptam
1650 3297 1833 3347 commen·

236 3398 333 3469 dare
353 3418 427 3465 non
448 3395 598 3485 veritus,
621 3397 780 3492 quodam
793 3398 874 3469 loco
889 3399 1093 3471 Mattbaeum
1113 3375 1313 3497 exponens,
1328 3399 1417 3468 aitl:
1443 3425 1461 3464 ιι
1474 3401 1524 3466 Ex
1539 3421 1583 3468 eo
1594 3397 1695 3494 quod
1719 3395 1833 3471 malus

234 3539 369 3590 servus
382 3536 487 3584 ausus
501 3528 553 3584 est
563 3513 718 3586 dicere⁸z
738 3543 756 3583 ιι
765 3518 864 3588 llletis
875 3518 936 3589 ubi
945 3543 1018 3589 non
1034 3518 1227 3606 seminasti,
1238 3532 1472 3613 etcongregas
1481 3515 1544 3587 ubi
1553 3542 1627 3588 non
1637 3520 1805 3612 sparsisti,
1813 3550 1831 3588 u

232 3631 484 3728 intelligamus
502 3633 608 3704 etiam
631 3633 815 3730 gentilium
834 3651 870 3707 et
887 3635 1185 3734 philosophorum
1201 3634 1335 3706 bonam
1355 3636 1462 3705 vitam
1477 3636 1633 3733 recipere
1644 3639 1778 3725 Deum,
1799 3655 1834 3710 et

229 3754 348 3828 aliter
366 3750 499 3822 habere
516 3774 578 3821 eos
596 3753 658 3848 qui
673 3753 781 3847 juste,
796 3753 897 3825 aliter
911 3778 972 3826 eos
983 3755 1045 3851 qui
1059 3754 1188 3849 injuste
1199 3769 1327 3851 agunt,
1341 3753 1432 3824 etad
1442 3754 1746 3849 comparationem
1758 3755 1834 3849 ejus

230 3873 303 3973 qui
321 3872 476 3945 naturali
487 3872 564 3968 lege
573 3874 717 3962 serviat,
734 3873 975 3946 condemnare
989 3899 1051 3945 eos
1064 3875 1125 3969 qui
1140 3875 1308 3972 scriptam
1321 3873 1435 3970 legem
1447 3871 1637 3970 negligant.
1656 3901 1673 3940 ιι
1690 3878 1836 3947 Constat

226 4017 331 4090 ergo
350 3993 389 4062 in
407 3971 555 4087 antiquo
585 3992 723 4090 populo
741 4017 841 4089 aeque
857 3991 1123 4063 incircumcisos
1141 3990 1232 4060 sicut
1252 4006 1287 4063 et
1312 3991 1540 4062 circumcisos
1555 4015 1597 4064 ex
1616 3990 1688 4064 lide
1702 3992 1836 4087 justifi-

226 4114 313 4188 cari
335 4137 428 4183 :nec
442 4137 504 4182 eos
520 4113 582 4208 qui
596 4113 793 4184 circumcisi
806 4127 907 4202 sunt,
924 4137 966 4184 ex
979 4110 1254 4204 circumcisione
1266 4109 1355 4199 hoc,
1376 4127 1414 4183 ut
1429 4112 1514 4207 justi
1532 4112 1676 4202 fierent,
1697 4137 1835 4184 assecu-

226 4249 291 4306 tos
309 4256 416 4320 esse,
436 4231 498 4303 sed
517 4231 627 4328 magis
647 4256 690 4303 ex
706 4229 778 4303 fide
801 4257 866 4330 per
889 4219 1135 4319 dilectionem,
1157 4243 1198 4300 ut
1219 4229 1268 4300 ait
1292 4230 1479 4328 Apostolus
1490 4234 1512 4320 ⁷,
1534 4245 1717 4330 operante.
1739 4231 1836 4316 Quid

222 4356 355 4452 igitur
369 4376 485 4424 causae
498 4352 602 4425 fuerit
616 4367 656 4424 ut
670 4351 742 4424 boc
753 4351 1033 4424 circumcisionis
1046 4352 1187 4448 signum
1200 4350 1297 4422 solus
1314 4350 1492 4422 Abrabam
1506 4375 1589 4421 cum
1602 4352 1738 4422 semine
1752 4373 1832 4440 suo,

222 4473 287 4546 vel
322 4497 424 4569 quos
451 4471 656 4570 possidebat
688 4487 760 4543 tam
787 4471 833 4543 de
860 4471 1073 4568 cognatione
1096 4494 1158 4541 sua
1177 4469 1349 4568 quamde
1368 4469 1573 4565 alienigenis
1594 4494 1638 4540 ex
1657 4481 1836 4569 precepto

219 4591 393 4664 Domini
410 4593 621 4691 susceperit,
649 4591 776 4664 merito
794 4592 975 4688 queritur.
1000 4593 1115 4688 ipsam
1134 4587 1267 4688 quippe
1280 4589 1471 4684 justitiam,
1493 4589 1593 4684 cujus
1612 4588 1683 4659 hoc
1696 4587 1836 4682 signum

216 4736 305 4784 esse
326 4709 530 4807 Apostolus
551 4713 630 4802 ait⁸,
655 4736 755 4808 aeque
782 4713 820 4782 in
852 4712 995 4800 ceteris,
1017 4725 1057 4782 ut
1074 4709 1295 4800 dictumest,
1315 4711 1404 4782 sicut
1424 4712 1461 4781 in
1480 4708 1671 4799 Abrabam,
1697 4720 1836 4779 constat

216 4831 426 4901 extitisse:
447 4853 514 4900 uec
540 4844 658 4902 tamen
677 4829 812 4901 adhoc
833 4831 972 4927 signum
992 4854 1053 4901 eos
1071 4829 1280 4926 constringit
1296 4844 1531 4929 praeceptum,
1552 4828 1616 4900 sed
1640 4827 1776 4908 solum,
1796 4842 1837 4899 ut

214 4951 419 5039 diximus,
443 4947 620 5022 Abrabam
638 4975 722 5022 cum
740 4951 875 5022 semine
897 4975 980 5041 suo,
1006 4949 1062 5022 vel
1081 4949 1126 5022 ad
1144 4950 1407 5047 possessionem
1432 4974 1532 5022 suam
1560 4945 1830 5048 pertinentibus.

250 5163 258 5190 ¹
281 5163 359 5222 Job,
376 5175 438 5227 cap.
453 5176 475 5220 ι,
486 5175 511 5208 ι.
521 5162 546 5209 8.
556 5185 587 5196 -·
598 5159 608 5187 ¹
620 5161 702 5220 nom„
717 5174 770 5226 cap.
784 5177 813 5223 ιι,
825 5179 849 5212 ι.
864 5163 903 5213 1³.
913 5187 945 5200 —
956 5161 1022 5224 ⁸1b.,
1062 5160 1119 5201 -'
1139 5179 1151 5205 ι
1166 5160 1238 5211 Fides
1259 5179 1313 5229 quae
1334 5179 1380 5228 per
1401 5161 1543 5214 charitatem
1563 5169 1685 5226 operatur.
1707 5179 1719 5206 ι
1740 5159 1834 5225 (Galat.

213 5263 238 5296 r.
253 5249 359 5298 26.--
372 5243 386 5271 ⁴
405 5243 481 5308 thid„
497 5259 553 5310 cap.
572 5260 612 5306 ιιι,
624 5259 648 5296 r.
661 5244 765 5295 28.-⁸
786 5247 911 5299 Ceramia
923 5246 1022 5306 luith„
1065 5261 1120 5312 cap.
1135 5263 1194 5309 xxv,
1207 5262 1231 5296 ιι.
1244 5247 1324 5310 6.)-
1337 5244 1348 5274 ⁸
1360 5248 1441 5308 llom„
1453 5261 1509 5313 cap.
1520 5261 1555 5311 rr,
1565 5261 1588 5294 ιι.
1599 5247 1624 5296 ³.

218 5334 300 5396 Opp„
314 5343 336 5382 ι.
349 5329 408 5390 Ν,
420 5337 485 5394 part.
496 5328 521 5388 l,
532 5329 580 5380 col.
596 5327 804 5391 12³.-⁰ttarth.,
818 5343 873 5396 cap.
885 5347 943 5394 xxv,
953 5331 1026 5380 r.2l.
