4510 6108
414 592 484 666 5tt
1010 594 1138 666 PETRI
1164 594 1398 668 ABAEttttot

413 766 430 802 a
445 718 610 808 homiires
626 734 793 810 volebam
805 761 886 810 ease
902 737 993 810 sicut
1009 738 1199 837 meipsum.
1214 765 1232 805 u
1253 737 1291 810 Si
1307 738 1405 809 enim
1421 734 1547 808 habuit
1563 760 1728 825 uxorem,
1748 752 1784 808 et
1799 737 1870 809 boo
1886 737 1988 829 dixit,

409 857 562 950 virgines
578 881 654 929 esse
670 857 786 930 noluit
801 862 822 928 ¹.
846 857 917 930 sed
934 857 1038 930 absit.
1057 858 1114 930 Sic
1131 858 1228 930 enim
1244 880 1264 928 a
1285 857 1437 955 pueritia
1453 853 1580 954 spiritu
1596 853 1745 946 ferbuit,
1764 871 1805 928 ut
1821 855 1926 953 hujus
1940 863 1991 932 r'ei

375 959 378 966 λ
407 977 565 1050 studium
582 1003 657 1050 non
670 979 835 1070 haberat3
847 981 981 1080 quippe
993 1004 1106 1078 quum
1117 977 1329 1076 juvenculus
1345 978 1557 1076 anticipatus
1572 977 1618 1049 sit
1634 1001 1656 1050 a
1671 977 1783 1074 gratia
1796 978 1876 1050 Dei.
1895 984 1936 1052 lu
1947 1005 1989 1053 eo

408 1095 596 1193 adjuvatur
616 1102 696 1198 quis
717 1100 817 1198 quod
838 1101 980 1174 videtur
1007 1102 1175 1173 aviditate
1196 1100 1326 1171 mentis
1351 1113 1530 1198 appetere.
1554 1102 1644 1170 Item
1665 1099 1702 1170 iu
1719 1097 1871 1196 epistola
1893 1105 1922 1171 ll
1945 1102 1994 1172 ad

409 1217 608 1289 Corinthius
618 1224 648 1291 ¹:
663 1249 681 1288 a
694 1224 829 1292 Omnes
841 1219 1007 1318 apostoli,
1016 1235 1163 1318 excepto
1176 1223 1314 1291 loanna
1323 1229 1358 1290 et
1367 1217 1490 1307 Paulo,
1501 1241 1629 1289 uxores
1641 1215 1857 1290 habuerunt.
1869 1245 1888 1286 a
1900 1221 1989 1291 ilinc

406 1337 645 1434 Hieronymus
654 1341 774 1430 docet,
788 1341 834 1413 ad
845 1340 1080 1412 Eustochium
1087 1341 1262 1436 virginem
1275 1341 1368 1411 inter
1381 1354 1507 1411 caetera
1517 1339 1567 1410 sic
1578 1337 1757 1439 scribens⁸
1773 1367 1781 1409 ε
1796 1367 1815 1407 a
1829 1343 1882 1410 De
1891 1340 1990 1438 virgi·

410 1485 428 1524 r
447 1457 566 1550 nibus,
581 1489 598 1528 u
611 1463 727 1560 inquit
738 1463 955 1561 Apostolus⁸,
970 1492 989 1531 r
1001 1476 1219 1561 praeceptum
1231 1461 1378 1534 Domini
1387 1485 1464 1532 non
1475 1460 1606 1550 babeo,
1619 1489 1637 1528 u
1649 1457 1749 1558 quod
1761 1461 1838 1559 ipse
1845 1476 1887 1533 ut
1899 1481 1988 1536 osset

407 1578 507 1673 virgo
519 1603 593 1651 non
606 1580 669 1652 luit
681 1583 835 1680 imperii,
851 1581 915 1654 sed
928 1583 1082 1680 propriae
1093 1581 1328 1654 voluntatis.»
1345 1585 1417 1652 Nec
1430 1580 1528 1652 enim
1541 1579 1712 1652 audiendi
1722 1594 1843 1670 sunta
1858 1581 1984 1679 inquit,

408 1726 426 1762 r
441 1699 503 1794 qui
524 1725 608 1772 eum
629 1725 777 1773 uxorem
793 1701 960 1774 habuisse
976 1699 1206 1799 confingunt,
1221 1729 1239 1768 u
1257 1725 1371 1799 quum
1387 1699 1541 1773 suadens
1560 1716 1772 1802 perpetuam
1792 1704 1985 1777 castitatem

398 1797 607 1892 'intulertt⁸':
629 1853 648 1890 a
665 1822 758 1895 Volo
779 1837 899 1896 autem
915 1847 1042 1896 omnes
1067 1846 1144 1896 esse
1166 1824 1257 1894 sicut
1281 1822 1470 1920 meipsum.
1494 1849 1512 1889 u
1535 1822 1607 1908 Qui
1627 1822 1735 1894 etiam
1755 1823 1792 1893 in
1812 1821 1908 1895 libro
1923 1829 1987 1897 He

404 1936 603 2010 brar'coram
625 1946 836 2033 Nomr'nuan,
861 1957 897 2015 et
922 1944 999 2042 ipsa
1023 1943 1317 2041 interpretatione
1341 1942 1499 2013 nominis
1525 1941 1623 2013 Pauli
1644 1941 1889 2014 excellentiam
1915 1943 1986 2038 ejus

405 2059 682 2151 commendans,
705 2062 800 2134 ait⁸2
823 2089 841 2131 a
861 2062 988 2134 Paulus
1005 2061 1177 2134 mirabilis
1197 2062 1272 2133 sive
1299 2059 1445 2132 electus.
1468 2087 1486 2127 a
1509 2064 1768 2159 Interpretatur
1788 2083 1898 2158 quem
1920 2065 1986 2132 Do

371 2273 373 2280 Ι
405 2178 523 2250 minus
534 2181 610 2278 ipse
626 2205 687 2262 vas
703 2183 886 2254 electionis
900 2183 1062 2272 vocavit,
1077 2195 1114 2255 et
1129 2199 1204 2256 tam
1219 2184 1293 2254 vita
1309 2207 1420 2280 quam
1436 2181 1603 2254 doctrina
1619 2181 1712 2254 inter
1728 2181 1912 2282 apostolos
1924 2185 1985 2254 mi-

403 2297 553 2370 rabilem
578 2301 672 2373 lecit.
701 2304 906 2398 benjamin,
932 2318 973 2375 ut
992 2303 1130 2375 dictum
1157 2317 1227 2393 est,
1251 2325 1402 2375 nascens
1422 2319 1575 2376 matrem
1597 2304 1799 2402 parientem
1816 2305 1982 2402 peremit,

403 2443 482 2513 quae
498 2443 571 2517 prae
586 2421 712 2494 dolore
726 2435 849 2521 partus
863 2423 1037 2516 moriens,
1051 2422 1228 2495 Benonim
1244 2447 1345 2513 eum,
1359 2423 1467 2495 id'est
1483 2422 1597 2495 filium
1612 2419 1762 2514 doloris,
1781 2423 1980 2522 appellavit.

403 2542 504 2610 Pater
519 2563 605 2612 vero
623 2545 771 2614 nomine
786 2557 1022 2634 commutato,
1041 2567 1125 2615 eum
1140 2544 1339 2639 Benjamin‚
1357 2542 1396 2614 id
1412 2557 1465 2616 est
1480 2540 1595 2616 filium
1610 2542 1754 2634 dextrae,
1773 2546 1981 2618 nominavit.

402 2658 529 2731 Paulus
550 2663 684 2759 quippe
699 2663 736 2733 in
762 2661 903 2736 Christo
916 2665 992 2760 jaun
1012 2685 1219 2754 renascem,
1242 2678 1395 2735 matrem
1411 2687 1513 2736 suam
1535 2663 1712 2754 Judaeam,
1740 2689 1819 2762 quae
1844 2689 1927 2736 eum
1947 2666 1982 2735 in

402 2779 567 2852 doctrina
590 2781 675 2878 legis
696 2799 866 2879 genuerat
888 2797 924 2854 et
944 2779 1177 2874 educaverat,
1193 2785 1294 2881 quasi
1311 2785 1503 2882 peremisse
1518 2784 1666 2874 dicitur;
1683 2809 1797 2882 quum
1810 2786 1982 2884 precipue

400 2901 598 2972 carnalium
615 2902 907 2975 observationum
923 2903 1116 3004 praecepta,
1135 2904 1173 2976 in
1190 2902 1320 3001 quibus
1335 2903 1523 2995 vivebant,
1551 2906 1792 2996 evacuaverit,
1811 2919 1847 2976 et
1871 2919 1981 2978 totam

400 3045 527 3092 eorum
551 3017 700 3118 gloriam
721 3023 767 3095 ad
784 3024 936 3095 nihilum
956 3025 1149 3121 redegerit,
1168 3024 1272 3122 quasi
1286 3022 1333 3096 de
1350 3039 1453 3096 utero
1469 3025 1593 3098 matris
1609 3027 1749 3114 exiens,
1766 3040 1804 3097 et
1820 3050 1841 3098 a
1861 3023 1980 3098 schola

398 3165 585 3238 synagoga
601 3167 665 3240 per
680 3145 954 3217 conversionem
970 3145 1141 3216 recedens
1151 3199 1159 3234 ,
1171 3144 1272 3240 juxta
1287 3144 1387 3242 quod
1397 3145 1548 3244 ipsemet
1559 3144 1626 3218 ait'
1642 3173 1650 3214 :
1671 3147 1774 3233 «Qui
1790 3169 1850 3217 me
1865 3169 1978 3242 segre·

399 3261 494 3356 gavit
509 3286 552 3332 ex
573 3277 675 3333 utero
699 3265 820 3335 matris
836 3289 941 3355 meae,
960 3278 996 3336 et
1011 3266 1154 3337 vocavit
1168 3287 1233 3362 per
1250 3265 1399 3360 gratiam
1414 3287 1530 3336 suam.
1552 3293 1570 3333 a
1590 3263 1693 3338 Unde
1710 3280 1747 3337 et
1761 3263 1856 3337 bene
1871 3255 1981 3337 mater

399 3405 482 3450 eum
503 3383 700 3470 Benonim‚
718 3381 756 3454 id
776 3399 829 3454 est
845 3382 967 3454 'filium
987 3382 1124 3454 doloris
1140 3385 1212 3474 sui,
1231 3385 1373 3456 vocavit
1392 3407 1401 3454 ε
1420 3385 1506 3480 quia
1520 3407 1595 3482 quo
1618 3383 1699 3483 plus
1724 3407 1885 3456 errorem
1907 3384 1980 3481 ejus

398 3499 526 3569 Paulus
542 3500 738 3589 infestavit,
750 3500 903 3598 amplius
919 3526 1000 3573 eam
1016 3499 1139 3573 dolere
1157 3502 1254 3592 lecit,
1266 3516 1302 3572 et
1317 3525 1391 3599 quo
1407 3525 1480 3600 prae
1495 3502 1676 3600 sapientiae
1691 3525 1762 3573 sarr¹
1777 3501 1981 3574 exoellentia

398 3619 531 3714 gratior
547 3620 708 3691 extiterat
728 3619 887 3710 babitus,
907 3619 1059 3719 amplius
1084 3645 1164 3693 eam
1189 3622 1414 3694 contristavit
1433 3621 1595 3694 amissus.
1620 3627 1715 3694 Bene
1740 3636 1861 3694 autem
1882 3637 1980 3721 pater

399 3761 532 3807 nomen
550 3754 772 3811 commutare
788 3739 919 3829 voluit,
939 3754 979 3811 ut
994 3741 1114 3838 potius
1131 3763 1214 3813 eum
1228 3739 1342 3813 filium
1357 3740 1508 3813 dexterae
1521 3795 1530 3830 ,
1542 3739 1580 3812 id
1596 3755 1649 3812 est
1663 3743 1908 3840 prosperitatis
1918 3765 1979 3814 seu

399 3853 616 3926 fortitudinis
632 3857 825 3956 appellaret
841 3881 951 3955 quam
967 3858 1103 3932 doloris
1124 3887 1132 3932 :
1152 3861 1249 3958 quia,
1262 3875 1301 3931 ut
1320 3859 1380 3931 hic
1396 3860 1572 3950 diximus,
1591 3860 1753 3933 interitus
1770 3885 1976 3960 synagoga,

172 4003 175 4010 ·
295 4007 300 4016 =
398 3977 459 4073 qui
476 4001 541 4074 per
560 3978 708 4050 Paulum
729 3978 841 4052 factus
858 3995 930 4069 est,
950 3981 986 4051 in
1004 3981 1279 4079 prosperitatem
1300 3981 1421 4080 potius
1440 3979 1602 4053 fidelium
1619 3996 1654 4054 et
1670 4005 1902 4055 communem
1918 3987 1980 4055 Ec-

397 4100 513 4180 clesiae,
525 4100 796 4192 exultationem,
808 4126 918 4198 quam
929 4102 965 4172 in
979 4100 1143 4174 dolorem
1159 4100 1379 4199 reputandus
1395 4117 1460 4174 est.
1480 4103 1550 4189 Qui
1566 4103 1757 4201 etiamque
1769 4102 1977 4176 fortitudine

396 4221 506 4291 animi
535 4222 701 4316 viguerit,
727 4224 923 4294 innumerae
949 4223 986 4293 in
1008 4246 1092 4294 eum
1117 4224 1385 4322 persecutiones
1405 4222 1577 4296 indicant.
1604 4223 1711 4312 Quod
1735 4247 1822 4296 vero
1848 4224 1977 4298 dicitur

396 4364 500 4411 mane
517 4364 642 4437 rapere
658 4341 832 4439 praedam,
851 4356 887 4413 et
905 4367 1052 4440 vespere
1072 4365 1171 4416 escas
1187 4341 1369 4432 dividere,
1391 4343 1566 4439 significat
1581 4367 1665 4416 eum
1680 4344 1846 4442 primitus
1861 4369 1977 4443 perse·

394 4458 556 4530 cutorem
572 4460 735 4532 Ecclesiae
756 4461 878 4551 fuisse,
897 4476 933 4532 et
953 4476 1078 4559 postea
1098 4462 1132 4533 ei
1150 4460 1251 4533 verbi
1275 4461 1507 4534 resectionem
1528 4461 1694 4535 doctrina
1717 4485 1790 4534 suae
1810 4463 1975 4562 praedica·

393 4585 502 4656 tionis
518 4582 794 4656 administrasse.
814 4580 922 4667 Quod
947 4597 1067 4653 autem
1082 4581 1185 4678 juxta
1205 4581 1311 4654 aliam
1328 4580 1597 4655 translationem
1612 4581 1744 4654 dicitur
1760 4581 1972 4655 distribuere

394 4703 520 4799 spolia,
534 4700 708 4798 significat
723 4725 806 4771 eum
822 4713 1057 4798 posteaquam
1069 4723 1262 4772 conversus
1274 4715 1329 4773 est
1340 4699 1469 4773 multas
1484 4701 1622 4774 animas
1630 4699 1776 4774 diabolo
1790 4701 1969 4800 eripuisse,

395 4836 429 4892 et
444 4823 545 4919 quasi
562 4821 688 4919 spolia,
703 4820 822 4916 fugato
834 4818 951 4909 hoste,
961 4818 1029 4891 hos
1039 4821 1226 4892 retinuisse
1242 4820 1362 4918 :quod
1378 4835 1502 4919 postea
1512 4842 1576 4920 per
1588 4820 1825 4894 ecclesiastica
1840 4819 1967 4906 officia,

429 5045 517 5096 *Male
532 5045 591 5112 legit
606 5043 749 5096 llrnboesius
768 5043 914 5096 volarit-³
943 5045 1004 5109 opp.
1024 5055 1041 5096 t.
1067 5045 1107 5103 ll.
1138 5045 1163 5098 in
1205 5047 1215 5076 ⁸
1238 5047 1313 5112 lbid.,
1332 5063 1356 5098 v.
1383 5049 1406 5097 l.
1424 5047 1472 5086 ·-⁸
1493 5050 1554 5114 opp.
1576 5058 1594 5099 t.
1614 5049 1637 5100 ll
1647 5087 1654 5111 ‚
1676 5047 1724 5099 col.
1746 5048 1854 5099 lla-¹
1878 5047 1968 5103 aaut„

394 5130 551 5197 Appendice,
568 5130 615 5182 col.
635 5129 691 5180 tto.
711 5155 740 5166 -
758 5129 767 5158 ¹
785 5129 862 5197 Epist.
889 5146 965 5192 xvtu,
987 5131 1046 5195 opp.
1074 5141 1092 5181 t.
1116 5127 1163 5190 tv,
1203 5149 1258 5201 cap.
1275 5149 1335 5194 ιη.
1353 5136 1390 5183 ts.
2018 5135 2024 5146 '

394 5225 457 5280 part.
478 5209 516 5279 ll,
536 5215 585 5266 col.
607 5215 649 5266 36.
663 5241 695 5252 -
710 5212 721 5241 ⁴
734 5215 843 5266 Corinth.
861 5215 886 5274 l,
903 5231 958 5283 cap.
970 5231 1018 5277 ru,
1040 5230 1063 5267 v.
1077 5217 1118 5267 25.
1130 5241 1162 5253 -
