<?xml version="1.0" encoding="UTF-8"?>
<!DOCTYPE html PUBLIC "-//W3C//DTD XHTML 1.0 Transitional//EN"
    "http://www.w3.org/TR/xhtml1/DTD/xhtml1-transitional.dtd">
<html xmlns="http://www.w3.org/1999/xhtml" xml:lang="en" lang="en">
 <head>
  <title>
</title>
<meta http-equiv="Content-Type" content="text/html;charset=utf-8" />
  <meta name='ocr-system' content='tesseract 3.04.00' />
  <meta name='ocr-capabilities' content='ocr_page ocr_carea ocr_par ocr_line ocrx_word'/>
</head>
<body>
  <div class='ocr_page' id='page_1' title='image "./petriablardiope01despgoog_0289.png"; bbox 0 0 4486 6100; ppageno 0'>
   <div class='ocr_carea' id='block_1_1' title="bbox 483 617 1543 692">
    <p class='ocr_par' dir='ltr' id='par_1_1' title="bbox 483 617 1543 692">
     <span class='ocr_line' id='line_1_1' title="bbox 483 617 1543 692; baseline 0.003 -3"><span class='ocrx_word' id='word_1_1' title='bbox 483 618 555 689; x_wconf 74' lang='lat'><strong>274</strong></span> <span class='ocrx_word' id='word_1_2' title='bbox 1000 617 1225 690; x_wconf 78' lang='lat' dir='ltr'><strong>nntnlssAE</strong></span> <span class='ocrx_word' id='word_1_3' title='bbox 1250 619 1543 692; x_wconf 75' lang='lat' dir='ltr'><strong>Paestanum</strong></span> 
     </span>
    </p>
   </div>
   <div class='ocr_carea' id='block_1_2' title="bbox 397 756 2124 1914">
    <p class='ocr_par' dir='ltr' id='par_1_2' title="bbox 482 756 2041 1102">
     <span class='ocr_line' id='line_1_2' title="bbox 482 756 2038 860; baseline 0.004 -30"><span class='ocrx_word' id='word_1_4' title='bbox 482 760 554 847; x_wconf 88' lang='lat' dir='ltr'><strong>dis,</strong></span> <span class='ocrx_word' id='word_1_5' title='bbox 572 782 651 855; x_wconf 84' lang='lat' dir='ltr'><strong>qnae</strong></span> <span class='ocrx_word' id='word_1_6' title='bbox 668 758 732 830; x_wconf 90' lang='lat' dir='ltr'><strong>scit</strong></span> <span class='ocrx_word' id='word_1_7' title='bbox 750 756 816 829; x_wconf 93' lang='lat' dir='ltr'><strong>sibi</strong></span> <span class='ocrx_word' id='word_1_8' title='bbox 836 783 910 830; x_wconf 89' lang='lat' dir='ltr'><strong>non</strong></span> <span class='ocrx_word' id='word_1_9' title='bbox 936 758 1059 846; x_wconf 90' lang='lat' dir='ltr'><strong>licere,</strong></span> <span class='ocrx_word' id='word_1_10' title='bbox 1081 759 1206 858; x_wconf 86' lang='lat' dir='ltr'><strong>aliquis</strong></span> <span class='ocrx_word' id='word_1_11' title='bbox 1229 762 1424 849; x_wconf 70' lang='lat' dir='ltr'><strong>consentit,</strong></span> <span class='ocrx_word' id='word_1_12' title='bbox 1449 763 1479 832; x_wconf 90' lang='lat' dir='ltr'><strong>is</strong></span> <span class='ocrx_word' id='word_1_13' title='bbox 1498 786 1692 833; x_wconf 87' lang='lat' dir='ltr'><strong>consensus</strong></span> <span class='ocrx_word' id='word_1_14' title='bbox 1714 763 1856 860; x_wconf 78' lang='lat' dir='ltr'><strong>proprie</strong></span> <span class='ocrx_word' id='word_1_15' title='bbox 1873 779 2038 860; x_wconf 89' lang='lat' dir='ltr'><strong>peccatum</strong></span> 
     </span>
     <span class='ocr_line' id='line_1_3' title="bbox 483 877 2040 980; baseline 0.003 -30"><span class='ocrx_word' id='word_1_16' title='bbox 483 879 623 968; x_wconf 90' lang='lat' dir='ltr'><strong>dicitur,</strong></span> <span class='ocrx_word' id='word_1_17' title='bbox 641 894 676 950; x_wconf 90' lang='lat' dir='ltr'><strong>et</strong></span> <span class='ocrx_word' id='word_1_18' title='bbox 694 877 873 951; x_wconf 80' lang='lat' dir='ltr'>homicida</span> <span class='ocrx_word' id='word_1_19' title='bbox 892 904 953 952; x_wconf 89' lang='lat' dir='ltr'><strong>seu</strong></span> <span class='ocrx_word' id='word_1_20' title='bbox 974 879 1135 952; x_wconf 89' lang='lat' dir='ltr'><strong>moechus</strong></span> <span class='ocrx_word' id='word_1_21' title='bbox 1155 906 1198 952; x_wconf 80' lang='lat' dir='ltr'><strong>ex</strong></span> <span class='ocrx_word' id='word_1_22' title='bbox 1217 881 1287 952; x_wconf 92' lang='lat' dir='ltr'><strong>hoc</strong></span> <span class='ocrx_word' id='word_1_23' title='bbox 1303 906 1378 952; x_wconf 93' lang='lat' dir='ltr'><strong>uno</strong></span> <span class='ocrx_word' id='word_1_24' title='bbox 1396 881 1493 980; x_wconf 91' lang='lat' dir='ltr'><strong>apud</strong></span> <span class='ocrx_word' id='word_1_25' title='bbox 1507 885 1623 954; x_wconf 90' lang='lat' dir='ltr'><strong>Deum</strong></span> <span class='ocrx_word' id='word_1_26' title='bbox 1637 897 1789 954; x_wconf 90' lang='lat' dir='ltr'><strong>tenetur.</strong></span> <span class='ocrx_word' id='word_1_27' title='bbox 1819 882 1917 954; x_wconf 89' lang='lat' dir='ltr'><strong>Unde</strong></span> <span class='ocrx_word' id='word_1_28' title='bbox 1935 899 1967 955; x_wconf 89' lang='lat' dir='ltr'><strong>et</strong></span> <span class='ocrx_word' id='word_1_29' title='bbox 1983 889 2040 956; x_wconf 90' lang='lat' dir='ltr'><strong>Ve-</strong></span> 
     </span>
     <span class='ocr_line' id='line_1_4' title="bbox 482 999 2041 1102; baseline 0.004 -34"><span class='ocrx_word' id='word_1_30' title='bbox 482 1000 565 1072; x_wconf 89' lang='lat' dir='ltr'><strong>ritas</strong></span> <span class='ocrx_word' id='word_1_31' title='bbox 578 1001 687 1098; x_wconf 87' lang='lat' dir='ltr'><strong>ipsa¹:</strong></span> <span class='ocrx_word' id='word_1_32' title='bbox 708 1030 724 1068; x_wconf 83' lang='lat' dir='ltr'><strong>u</strong></span> <span class='ocrx_word' id='word_1_33' title='bbox 742 1001 812 1088; x_wconf 88' lang='lat' dir='ltr'><strong>Qui</strong></span> <span class='ocrx_word' id='word_1_34' title='bbox 829 999 976 1088; x_wconf 84' lang='lat' dir='ltr'><strong>viderit,</strong></span> <span class='ocrx_word' id='word_1_35' title='bbox 994 1029 1012 1068; x_wconf 82' lang='lat' dir='ltr'><strong>u</strong></span> <span class='ocrx_word' id='word_1_36' title='bbox 1027 1001 1160 1098; x_wconf 88' lang='lat' dir='ltr'><strong>iuquit,</strong></span> <span class='ocrx_word' id='word_1_37' title='bbox 1177 1031 1192 1068; x_wconf 80' lang='lat' dir='ltr'><strong>u</strong></span> <span class='ocrx_word' id='word_1_38' title='bbox 1212 1001 1398 1073; x_wconf 90' lang='lat' dir='ltr'><strong>mulierem</strong></span> <span class='ocrx_word' id='word_1_39' title='bbox 1418 1001 1464 1074; x_wconf 90' lang='lat' dir='ltr'><strong>ad</strong></span> <span class='ocrx_word' id='word_1_40' title='bbox 1490 1003 1816 1102; x_wconf 88' lang='lat' dir='ltr'><strong>concupiscendum</strong></span> <span class='ocrx_word' id='word_1_41' title='bbox 1829 1027 1924 1092; x_wconf 88' lang='lat' dir='ltr'><strong>eam,</strong></span> <span class='ocrx_word' id='word_1_42' title='bbox 1942 1031 1957 1069; x_wconf 80' lang='lat' dir='ltr'><strong>v</strong></span> <span class='ocrx_word' id='word_1_43' title='bbox 1980 1004 2041 1074; x_wconf 89' lang='lat' dir='ltr'><strong>hoc</strong></span> 
     </span>
    </p>

    <p class='ocr_par' dir='ltr' id='par_1_3' title="bbox 397 1101 2124 1914">
     <span class='ocr_line' id='line_1_5' title="bbox 397 1101 2124 1220; baseline 0.001 -28"><span class='ocrx_word' id='word_1_44' title='bbox 397 1101 400 1104; x_wconf 35' lang='grc'><strong>’</strong></span> <span class='ocrx_word' id='word_1_45' title='bbox 481 1135 546 1208; x_wconf 84' lang='lat' dir='ltr'><strong>cst,</strong></span> <span class='ocrx_word' id='word_1_46' title='bbox 566 1121 642 1215; x_wconf 91' lang='lat' dir='ltr'><strong>qui,</strong></span> <span class='ocrx_word' id='word_1_47' title='bbox 667 1122 824 1220; x_wconf 90' lang='lat' dir='ltr'><strong>inspecta</strong></span> <span class='ocrx_word' id='word_1_48' title='bbox 850 1121 926 1210; x_wconf 87' lang='lat' dir='ltr'><strong>illa,</strong></span> <span class='ocrx_word' id='word_1_49' title='bbox 947 1121 1081 1194; x_wconf 83' lang='lat' dir='ltr'><strong>venerit</strong></span> <span class='ocrx_word' id='word_1_50' title='bbox 1101 1121 1146 1192; x_wconf 88' lang='lat' dir='ltr'><strong>ad</strong></span> <span class='ocrx_word' id='word_1_51' title='bbox 1170 1123 1466 1220; x_wconf 66' lang='lat' dir='ltr'>concupiscentiae</span> <span class='ocrx_word' id='word_1_52' title='bbox 1485 1147 1714 1212; x_wconf 88' lang='lat' dir='ltr'><strong>consensum,</strong></span> <span class='ocrx_word' id='word_1_53' title='bbox 1733 1153 1750 1190; x_wconf 79' lang='lat' dir='ltr'><strong>&lt;c</strong></span> <span class='ocrx_word' id='word_1_54' title='bbox 1769 1124 1843 1218; x_wconf 86' lang='lat' dir='ltr'><strong>jam</strong></span> <span class='ocrx_word' id='word_1_55' title='bbox 1864 1123 2041 1200; x_wconf 72' lang='lat' dir='ltr'><strong>mechatus</strong></span> <span class='ocrx_word' id='word_1_56' title='bbox 2123 1107 2124 1112; x_wconf 6' lang='grc' dir='ltr'>ἵ</span> 
     </span>
     <span class='ocr_line' id='line_1_6' title="bbox 480 1241 2043 1341; baseline -0.001 -28"><span class='ocrx_word' id='word_1_57' title='bbox 480 1256 531 1314; x_wconf 86' lang='lat' dir='ltr'><strong>est</strong></span> <span class='ocrx_word' id='word_1_58' title='bbox 549 1265 628 1312; x_wconf 88' lang='lat' dir='ltr'><strong>eam</strong></span> <span class='ocrx_word' id='word_1_59' title='bbox 646 1243 683 1312; x_wconf 91' lang='lat' dir='ltr'><strong>in</strong></span> <span class='ocrx_word' id='word_1_60' title='bbox 702 1241 811 1312; x_wconf 88' lang='lat' dir='ltr'><strong>corde</strong></span> <span class='ocrx_word' id='word_1_61' title='bbox 831 1267 910 1331; x_wconf 89' lang='lat' dir='ltr'><strong>suo,</strong></span> <span class='ocrx_word' id='word_1_62' title='bbox 934 1271 951 1308; x_wconf 81' lang='lat' dir='ltr'><strong>u</strong></span> <span class='ocrx_word' id='word_1_63' title='bbox 971 1241 1042 1314; x_wconf 91' lang='lat' dir='ltr'><strong>hoc</strong></span> <span class='ocrx_word' id='word_1_64' title='bbox 1059 1256 1124 1331; x_wconf 89' lang='lat' dir='ltr'><strong>est,</strong></span> <span class='ocrx_word' id='word_1_65' title='bbox 1151 1256 1337 1340; x_wconf 87' lang='lat' dir='ltr'><strong>peccatum</strong></span> <span class='ocrx_word' id='word_1_66' title='bbox 1350 1241 1507 1313; x_wconf 81' lang='lat' dir='ltr'><strong>haber-iu</strong></span> <span class='ocrx_word' id='word_1_67' title='bbox 1526 1244 1647 1315; x_wconf 90' lang='lat' dir='ltr'><strong>animo</strong></span> <span class='ocrx_word' id='word_1_68' title='bbox 1663 1243 1878 1341; x_wconf 85' lang='lat' dir='ltr'><strong>perfectum,</strong></span> <span class='ocrx_word' id='word_1_69' title='bbox 1895 1244 1957 1314; x_wconf 86' lang='lat' dir='ltr'><strong>etsi</strong></span> <span class='ocrx_word' id='word_1_70' title='bbox 1968 1267 2043 1313; x_wconf 87' lang='lat' dir='ltr'><strong>non</strong></span> 
     </span>
     <span class='ocr_line' id='line_1_7' title="bbox 479 1359 2096 1458; baseline 0 -28"><span class='ocrx_word' id='word_1_71' title='bbox 479 1359 567 1430; x_wconf 90' lang='lat' dir='ltr'><strong>dum</strong></span> <span class='ocrx_word' id='word_1_72' title='bbox 585 1360 629 1432; x_wconf 89' lang='lat' dir='ltr'><strong>sit</strong></span> <span class='ocrx_word' id='word_1_73' title='bbox 648 1361 685 1430; x_wconf 91' lang='lat' dir='ltr'><strong>in</strong></span> <span class='ocrx_word' id='word_1_74' title='bbox 706 1385 814 1456; x_wconf 90' lang='lat' dir='ltr'><strong>opere</strong></span> <span class='ocrx_word' id='word_1_75' title='bbox 828 1377 1128 1434; x_wconf 90' lang='lat' dir='ltr'><strong>consummatum.</strong></span> <span class='ocrx_word' id='word_1_76' title='bbox 1145 1365 1266 1448; x_wconf 88' lang='lat' dir='ltr'><strong>Quum</strong></span> <span class='ocrx_word' id='word_1_77' title='bbox 1284 1361 1418 1458; x_wconf 91' lang='lat' dir='ltr'><strong>aliquid</strong></span> <span class='ocrx_word' id='word_1_78' title='bbox 1438 1362 1728 1433; x_wconf 87' lang='lat' dir='ltr'><strong>manducandum</strong></span> <span class='ocrx_word' id='word_1_79' title='bbox 1749 1362 1843 1433; x_wconf 90' lang='lat' dir='ltr'><strong>male</strong></span> <span class='ocrx_word' id='word_1_80' title='bbox 1864 1363 2042 1450; x_wconf 79' lang='lat' dir='ltr'><strong>sumimus,</strong></span> <span class='ocrx_word' id='word_1_81' title='bbox 2092 1421 2096 1430; x_wconf 93' lang='lat'>.</span> 
     </span>
     <span class='ocr_line' id='line_1_8' title="bbox 479 1479 2044 1579; baseline 0.001 -29"><span class='ocrx_word' id='word_1_82' title='bbox 479 1481 561 1576; x_wconf 91' lang='lat' dir='ltr'><strong>quia</strong></span> <span class='ocrx_word' id='word_1_83' title='bbox 580 1479 652 1551; x_wconf 92' lang='lat' dir='ltr'><strong>hoc</strong></span> <span class='ocrx_word' id='word_1_84' title='bbox 666 1479 770 1552; x_wconf 92' lang='lat' dir='ltr'><strong>nobis</strong></span> <span class='ocrx_word' id='word_1_85' title='bbox 788 1480 947 1554; x_wconf 91' lang='lat' dir='ltr'><strong>illicitum</strong></span> <span class='ocrx_word' id='word_1_86' title='bbox 961 1480 1158 1570; x_wconf 78' lang='lat' dir='ltr'><strong>credimus,</strong></span> <span class='ocrx_word' id='word_1_87' title='bbox 1183 1506 1409 1578; x_wconf 81' lang='lat' dir='ltr'><strong>nequaquam</strong></span> <span class='ocrx_word' id='word_1_88' title='bbox 1428 1481 1529 1552; x_wconf 92' lang='lat' dir='ltr'><strong>cibus</strong></span> <span class='ocrx_word' id='word_1_89' title='bbox 1546 1481 1627 1570; x_wconf 93' lang='lat' dir='ltr'><strong>ille,</strong></span> <span class='ocrx_word' id='word_1_90' title='bbox 1648 1483 1710 1579; x_wconf 91' lang='lat' dir='ltr'><strong>qui</strong></span> <span class='ocrx_word' id='word_1_91' title='bbox 1728 1484 1764 1553; x_wconf 89' lang='lat' dir='ltr'><strong>in</strong></span> <span class='ocrx_word' id='word_1_92' title='bbox 1783 1507 1827 1553; x_wconf 87' lang='lat' dir='ltr'><strong>os</strong></span> <span class='ocrx_word' id='word_1_93' title='bbox 1843 1484 1964 1569; x_wconf 79' lang='lat' dir='ltr'><strong>intrat,</strong></span> <span class='ocrx_word' id='word_1_94' title='bbox 1979 1482 2044 1551; x_wconf 89' lang='lat' dir='ltr'><strong>ani·</strong></span> 
     </span>
     <span class='ocr_line' id='line_1_9' title="bbox 479 1600 2045 1706; baseline -0.001 -34"><span class='ocrx_word' id='word_1_95' title='bbox 479 1625 575 1672; x_wconf 92' lang='lat' dir='ltr'><strong>mam</strong></span> <span class='ocrx_word' id='word_1_96' title='bbox 592 1600 718 1698; x_wconf 90' lang='lat' dir='ltr'><strong>polluit</strong></span> <span class='ocrx_word' id='word_1_97' title='bbox 737 1629 745 1671; x_wconf 75' lang='grc' dir='ltr'><strong>ι</strong></span> <span class='ocrx_word' id='word_1_98' title='bbox 766 1601 831 1674; x_wconf 89' lang='lat' dir='ltr'><strong>sed</strong></span> <span class='ocrx_word' id='word_1_99' title='bbox 841 1601 914 1697; x_wconf 90' lang='lat' dir='ltr'><strong>jam</strong></span> <span class='ocrx_word' id='word_1_100' title='bbox 933 1602 1004 1673; x_wconf 90' lang='lat' dir='ltr'><strong>hoc</strong></span> <span class='ocrx_word' id='word_1_101' title='bbox 1024 1601 1152 1674; x_wconf 81' lang='lat' dir='ltr'>fecerat</span> <span class='ocrx_word' id='word_1_102' title='bbox 1167 1601 1369 1701; x_wconf 82' lang='lat' dir='ltr'><strong>praecedens</strong></span> <span class='ocrx_word' id='word_1_103' title='bbox 1391 1603 1758 1706; x_wconf 80' lang='lat' dir='ltr'><strong>eonscientianostra,</strong></span> <span class='ocrx_word' id='word_1_104' title='bbox 1780 1602 2045 1699; x_wconf 88' lang='lat' dir='ltr'><strong>necquidquam</strong></span> 
     </span>
     <span class='ocr_line' id='line_1_10' title="bbox 478 1721 2049 1819; baseline 0 -28"><span class='ocrx_word' id='word_1_105' title='bbox 478 1721 523 1792; x_wconf 92' lang='lat' dir='ltr'><strong>ad</strong></span> <span class='ocrx_word' id='word_1_106' title='bbox 542 1735 728 1819; x_wconf 86' lang='lat' dir='ltr'><strong>peccatum</strong></span> <span class='ocrx_word' id='word_1_107' title='bbox 747 1722 868 1813; x_wconf 88' lang='lat' dir='ltr'><strong>refert,</strong></span> <span class='ocrx_word' id='word_1_108' title='bbox 884 1721 985 1818; x_wconf 90' lang='lat' dir='ltr'><strong>quod</strong></span> <span class='ocrx_word' id='word_1_109' title='bbox 1005 1747 1101 1794; x_wconf 79' lang='lat' dir='ltr'><strong>nvrnc</strong></span> <span class='ocrx_word' id='word_1_110' title='bbox 1115 1747 1178 1794; x_wconf 91' lang='lat' dir='ltr'><strong>ore</strong></span> <span class='ocrx_word' id='word_1_111' title='bbox 1197 1723 1387 1806; x_wconf 85' lang='lat' dir='ltr'><strong>sumimus,</strong></span> <span class='ocrx_word' id='word_1_112' title='bbox 1413 1722 1476 1794; x_wconf 87' lang='lat' dir='ltr'><strong>sed</strong></span> <span class='ocrx_word' id='word_1_113' title='bbox 1497 1723 1598 1819; x_wconf 93' lang='lat' dir='ltr'><strong>quod</strong></span> <span class='ocrx_word' id='word_1_114' title='bbox 1619 1723 1665 1795; x_wconf 90' lang='lat' dir='ltr'><strong>ad</strong></span> <span class='ocrx_word' id='word_1_115' title='bbox 1686 1723 1904 1796; x_wconf 87' lang='lat' dir='ltr'><strong>sumendum</strong></span> <span class='ocrx_word' id='word_1_116' title='bbox 1916 1743 2049 1792; x_wconf 85' lang='lat' dir='ltr'><strong>consen·</strong></span> 
     </span>
     <span class='ocr_line' id='line_1_11' title="bbox 478 1867 647 1914; baseline -0.012 -1"><span class='ocrx_word' id='word_1_117' title='bbox 478 1867 647 1914; x_wconf 81' lang='lat' dir='ltr'><strong>seramus.</strong></span> 
     </span>
    </p>
   </div>
   <div class='ocr_carea' id='block_1_3' title="bbox 1026 2019 1508 2066">
    <p class='ocr_par' dir='ltr' id='par_1_4' title="bbox 1026 2019 1508 2066">
     <span class='ocr_line' id='line_1_12' title="bbox 1026 2019 1508 2066; baseline 0 -2"><span class='ocrx_word' id='word_1_118' title='bbox 1026 2019 1208 2066; x_wconf 72' lang='lat' dir='ltr'><strong>PRODLEMA</strong></span> <span class='ocrx_word' id='word_1_119' title='bbox 1233 2019 1399 2066; x_wconf 67' lang='lat' dir='ltr'><strong>HELolssAE</strong></span> <span class='ocrx_word' id='word_1_120' title='bbox 1426 2021 1508 2066; x_wconf 78' lang='lat' dir='ltr'><strong>XXV.</strong></span> 
     </span>
    </p>
   </div>
   <div class='ocr_carea' id='block_1_4' title="bbox 471 2169 2067 3346">
    <p class='ocr_par' dir='ltr' id='par_1_5' title="bbox 471 2169 2067 3346">
     <span class='ocr_line' id='line_1_13' title="bbox 525 2169 2050 2268; baseline -0.003 -28"><span class='ocrx_word' id='word_1_121' title='bbox 525 2169 621 2257; x_wconf 89' lang='lat' dir='ltr'><strong>Quid</strong></span> <span class='ocrx_word' id='word_1_122' title='bbox 639 2185 692 2241; x_wconf 88' lang='lat' dir='ltr'><strong>cst</strong></span> <span class='ocrx_word' id='word_1_123' title='bbox 705 2171 792 2242; x_wconf 90' lang='lat' dir='ltr'><strong>illud</strong></span> <span class='ocrx_word' id='word_1_124' title='bbox 813 2172 847 2242; x_wconf 92' lang='lat' dir='ltr'><strong>in</strong></span> <span class='ocrx_word' id='word_1_125' title='bbox 863 2171 1044 2260; x_wconf 83' lang='lat' dir='ltr'><strong>Matthae0,</strong></span> <span class='ocrx_word' id='word_1_126' title='bbox 1058 2170 1158 2267; x_wconf 91' lang='lat' dir='ltr'><strong>quod</strong></span> <span class='ocrx_word' id='word_1_127' title='bbox 1172 2171 1348 2242; x_wconf 89' lang='lat' dir='ltr'><strong>Dominus</strong></span> <span class='ocrx_word' id='word_1_128' title='bbox 1359 2169 1572 2268; x_wconf 88' lang='lat' dir='ltr'><strong>quibusdam</strong></span> <span class='ocrx_word' id='word_1_129' title='bbox 1585 2170 1783 2241; x_wconf 87' lang='lat' dir='ltr'><strong>civitatibus</strong></span> <span class='ocrx_word' id='word_1_130' title='bbox 1796 2172 2050 2268; x_wconf 84' lang='lat' dir='ltr'><strong>improperans,</strong></span> 
     </span>
     <span class='ocr_line' id='line_1_14' title="bbox 478 2283 2055 2388; baseline -0.004 -26"><span class='ocrx_word' id='word_1_131' title='bbox 478 2293 563 2362; x_wconf 66' lang='lat' dir='ltr'><strong>aiv:</strong></span> <span class='ocrx_word' id='word_1_132' title='bbox 582 2319 600 2359; x_wconf 80' lang='lat' dir='ltr'><strong>a</strong></span> <span class='ocrx_word' id='word_1_133' title='bbox 613 2295 674 2362; x_wconf 77' lang='lat' dir='ltr'><strong>Vre</strong></span> <span class='ocrx_word' id='word_1_134' title='bbox 684 2283 760 2381; x_wconf 87' lang='lat' dir='ltr'><strong>tibi,</strong></span> <span class='ocrx_word' id='word_1_135' title='bbox 777 2292 963 2381; x_wconf 90' lang='lat' dir='ltr'><strong>Corozain,</strong></span> <span class='ocrx_word' id='word_1_136' title='bbox 980 2315 1032 2362; x_wconf 90' lang='lat' dir='ltr'><strong>vae</strong></span> <span class='ocrx_word' id='word_1_137' title='bbox 1043 2291 1121 2380; x_wconf 88' lang='lat' dir='ltr'><strong>tibi,</strong></span> <span class='ocrx_word' id='word_1_138' title='bbox 1132 2291 1336 2380; x_wconf 89' lang='lat' dir='ltr'><strong>Bethsaida;</strong></span> <span class='ocrx_word' id='word_1_139' title='bbox 1353 2293 1436 2388; x_wconf 91' lang='lat' dir='ltr'><strong>quia</strong></span> <span class='ocrx_word' id='word_1_140' title='bbox 1448 2292 1476 2361; x_wconf 92' lang='lat' dir='ltr'><strong>si</strong></span> <span class='ocrx_word' id='word_1_141' title='bbox 1490 2291 1526 2361; x_wconf 92' lang='lat' dir='ltr'><strong>in</strong></span> <span class='ocrx_word' id='word_1_142' title='bbox 1534 2295 1625 2387; x_wconf 85' lang='lat' dir='ltr'><strong>Tyro</strong></span> <span class='ocrx_word' id='word_1_143' title='bbox 1639 2305 1674 2361; x_wconf 91' lang='lat' dir='ltr'><strong>et</strong></span> <span class='ocrx_word' id='word_1_144' title='bbox 1686 2289 1818 2362; x_wconf 89' lang='lat' dir='ltr'><strong>Sidone</strong></span> <span class='ocrx_word' id='word_1_145' title='bbox 1832 2291 1934 2362; x_wconf 85' lang='lat' dir='ltr'><strong>factae</strong></span> <span class='ocrx_word' id='word_1_146' title='bbox 1946 2301 2055 2359; x_wconf 89' lang='lat' dir='ltr'><strong>essent</strong></span> 
     </span>
     <span class='ocr_line' id='line_1_15' title="bbox 476 2403 2053 2510; baseline -0.005 -30"><span class='ocrx_word' id='word_1_147' title='bbox 476 2412 641 2500; x_wconf 88' lang='lat' dir='ltr'><strong>virtutes,</strong></span> <span class='ocrx_word' id='word_1_148' title='bbox 656 2411 843 2508; x_wconf 74' lang='lat' dir='ltr'><strong>quaefactae</strong></span> <span class='ocrx_word' id='word_1_149' title='bbox 855 2425 937 2482; x_wconf 90' lang='lat' dir='ltr'><strong>sunt</strong></span> <span class='ocrx_word' id='word_1_150' title='bbox 950 2411 987 2482; x_wconf 92' lang='lat' dir='ltr'><strong>in</strong></span> <span class='ocrx_word' id='word_1_151' title='bbox 1003 2410 1117 2500; x_wconf 85' lang='lat' dir='ltr'><strong>vobis,</strong></span> <span class='ocrx_word' id='word_1_152' title='bbox 1134 2409 1219 2481; x_wconf 92' lang='lat' dir='ltr'><strong>olim</strong></span> <span class='ocrx_word' id='word_1_153' title='bbox 1231 2409 1475 2510; x_wconf 88' lang='lat' dir='ltr'><strong>poenitentiam</strong></span> <span class='ocrx_word' id='word_1_154' title='bbox 1489 2409 1639 2506; x_wconf 83' lang='lat' dir='ltr'><strong>egissent</strong></span> <span class='ocrx_word' id='word_1_155' title='bbox 1652 2410 1688 2480; x_wconf 90' lang='lat' dir='ltr'><strong>in</strong></span> <span class='ocrx_word' id='word_1_156' title='bbox 1702 2408 1816 2480; x_wconf 91' lang='lat' dir='ltr'><strong>cilicio</strong></span> <span class='ocrx_word' id='word_1_157' title='bbox 1835 2424 1873 2480; x_wconf 86' lang='lat' dir='ltr'><strong>et</strong></span> <span class='ocrx_word' id='word_1_158' title='bbox 1887 2403 2053 2479; x_wconf 74' lang='lat' dir='ltr'><strong>cinerei»</strong></span> 
     </span>
     <span class='ocr_line' id='line_1_16' title="bbox 476 2525 2058 2628; baseline -0.003 -30"><span class='ocrx_word' id='word_1_159' title='bbox 476 2528 617 2601; x_wconf 87' lang='lat' dir='ltr'><strong>Salvare</strong></span> <span class='ocrx_word' id='word_1_160' title='bbox 631 2529 763 2628; x_wconf 91' lang='lat' dir='ltr'><strong>quippe</strong></span> <span class='ocrx_word' id='word_1_161' title='bbox 778 2529 1128 2601; x_wconf 90' lang='lat' dir='ltr'><strong>Dominushomines</strong></span> <span class='ocrx_word' id='word_1_162' title='bbox 1143 2543 1307 2616; x_wconf 90' lang='lat' dir='ltr'><strong>venerat,</strong></span> <span class='ocrx_word' id='word_1_163' title='bbox 1324 2527 1419 2626; x_wconf 84' lang='lat' dir='ltr'><strong>unde</strong></span> <span class='ocrx_word' id='word_1_164' title='bbox 1432 2543 1466 2598; x_wconf 91' lang='lat' dir='ltr'><strong>et</strong></span> <span class='ocrx_word' id='word_1_165' title='bbox 1478 2531 1595 2618; x_wconf 83' lang='lat' dir='ltr'><strong>lesus,</strong></span> <span class='ocrx_word' id='word_1_166' title='bbox 1609 2526 1648 2598; x_wconf 91' lang='lat' dir='ltr'><strong>id</strong></span> <span class='ocrx_word' id='word_1_167' title='bbox 1659 2541 1711 2598; x_wconf 90' lang='lat' dir='ltr'><strong>est</strong></span> <span class='ocrx_word' id='word_1_168' title='bbox 1722 2527 1901 2616; x_wconf 78' lang='lat' dir='ltr'><strong>Salvator,</strong></span> <span class='ocrx_word' id='word_1_169' title='bbox 1920 2525 2058 2626; x_wconf 90' lang='lat' dir='ltr'><strong>proprio</strong></span> 
     </span>
     <span class='ocr_line' id='line_1_17' title="bbox 475 2643 2060 2744; baseline -0.003 -26"><span class='ocrx_word' id='word_1_170' title='bbox 475 2647 591 2718; x_wconf 92' lang='lat' dir='ltr'><strong>dictus</strong></span> <span class='ocrx_word' id='word_1_171' title='bbox 606 2664 658 2719; x_wconf 89' lang='lat' dir='ltr'><strong>est</strong></span> <span class='ocrx_word' id='word_1_172' title='bbox 670 2648 858 2719; x_wconf 90' lang='lat' dir='ltr'><strong>vocabulo.</strong></span> <span class='ocrx_word' id='word_1_173' title='bbox 881 2653 952 2720; x_wconf 89' lang='lat' dir='ltr'><strong>Cur</strong></span> <span class='ocrx_word' id='word_1_174' title='bbox 966 2673 1051 2744; x_wconf 88' lang='lat' dir='ltr'><strong>ergo</strong></span> <span class='ocrx_word' id='word_1_175' title='bbox 1072 2652 1163 2744; x_wconf 85' lang='lat' dir='ltr'><strong>Tyro</strong></span> <span class='ocrx_word' id='word_1_176' title='bbox 1183 2661 1218 2719; x_wconf 88' lang='lat' dir='ltr'><strong>et</strong></span> <span class='ocrx_word' id='word_1_177' title='bbox 1237 2647 1360 2718; x_wconf 90' lang='lat' dir='ltr'><strong>Sidoni</strong></span> <span class='ocrx_word' id='word_1_178' title='bbox 1378 2647 1575 2719; x_wconf 89' lang='lat' dir='ltr'><strong>civitatibus</strong></span> <span class='ocrx_word' id='word_1_179' title='bbox 1595 2647 1776 2743; x_wconf 74' lang='lat' dir='ltr'><strong>gentilium</strong></span> <span class='ocrx_word' id='word_1_180' title='bbox 1796 2647 1858 2718; x_wconf 91' lang='lat' dir='ltr'><strong>illa</strong></span> <span class='ocrx_word' id='word_1_181' title='bbox 1879 2643 2060 2719; x_wconf 78' lang='lat' dir='ltr'><strong>benefacio</strong></span> 
     </span>
     <span class='ocr_line' id='line_1_18' title="bbox 475 2766 2059 2866; baseline -0.003 -30"><span class='ocrx_word' id='word_1_182' title='bbox 475 2793 554 2839; x_wconf 92' lang='lat' dir='ltr'><strong>rum</strong></span> <span class='ocrx_word' id='word_1_183' title='bbox 568 2767 735 2839; x_wconf 88' lang='lat' dir='ltr'><strong>miracula</strong></span> <span class='ocrx_word' id='word_1_184' title='bbox 752 2767 943 2854; x_wconf 88' lang='lat' dir='ltr'><strong>subtraxit,</strong></span> <span class='ocrx_word' id='word_1_185' title='bbox 957 2793 1022 2866; x_wconf 91' lang='lat' dir='ltr'><strong>per</strong></span> <span class='ocrx_word' id='word_1_186' title='bbox 1032 2791 1111 2866; x_wconf 86' lang='lat' dir='ltr'><strong>quae</strong></span> <span class='ocrx_word' id='word_1_187' title='bbox 1123 2767 1353 2852; x_wconf 86' lang='lat' dir='ltr'><strong>salvarentur,</strong></span> <span class='ocrx_word' id='word_1_188' title='bbox 1372 2781 1408 2839; x_wconf 90' lang='lat' dir='ltr'><strong>et</strong></span> <span class='ocrx_word' id='word_1_189' title='bbox 1425 2791 1465 2839; x_wconf 92' lang='lat' dir='ltr'><strong>ea</strong></span> <span class='ocrx_word' id='word_1_190' title='bbox 1480 2766 1546 2837; x_wconf 87' lang='lat' dir='ltr'><strong>illis</strong></span> <span class='ocrx_word' id='word_1_191' title='bbox 1558 2766 1737 2856; x_wconf 81' lang='lat' dir='ltr'><strong>exhibuit,</strong></span> <span class='ocrx_word' id='word_1_192' title='bbox 1755 2767 1890 2865; x_wconf 85' lang='lat' dir='ltr'><strong>quibus</strong></span> <span class='ocrx_word' id='word_1_193' title='bbox 1905 2768 2059 2836; x_wconf 87' lang='lat' dir='ltr'><strong>nocitura</strong></span> 
     </span>
     <span class='ocr_line' id='line_1_19' title="bbox 473 2885 2058 2986; baseline -0.004 -28"><span class='ocrx_word' id='word_1_194' title='bbox 473 2888 598 2985; x_wconf 84' lang='lat' dir='ltr'><strong>magis,</strong></span> <span class='ocrx_word' id='word_1_195' title='bbox 613 2912 722 2985; x_wconf 91' lang='lat' dir='ltr'><strong>quam</strong></span> <span class='ocrx_word' id='word_1_196' title='bbox 732 2888 920 2986; x_wconf 85' lang='lat' dir='ltr'><strong>profutura</strong></span> <span class='ocrx_word' id='word_1_197' title='bbox 931 2887 1086 2960; x_wconf 83' lang='lat' dir='ltr'><strong>sciebat?</strong></span> <span class='ocrx_word' id='word_1_198' title='bbox 1101 2887 1172 2959; x_wconf 91' lang='lat' dir='ltr'><strong>Sed</strong></span> <span class='ocrx_word' id='word_1_199' title='bbox 1184 2887 1342 2984; x_wconf 91' lang='lat' dir='ltr'><strong>inquies:</strong></span> <span class='ocrx_word' id='word_1_200' title='bbox 1365 2887 1469 2976; x_wconf 89' lang='lat' dir='ltr'><strong>Quia,</strong></span> <span class='ocrx_word' id='word_1_201' title='bbox 1485 2887 1575 2957; x_wconf 90' lang='lat' dir='ltr'><strong>sicut</strong></span> <span class='ocrx_word' id='word_1_202' title='bbox 1586 2887 1736 2983; x_wconf 88' lang='lat' dir='ltr'><strong>ipsemet</strong></span> <span class='ocrx_word' id='word_1_203' title='bbox 1756 2885 1965 2985; x_wconf 80' lang='lat' dir='ltr'><strong>profitetur,</strong></span> <span class='ocrx_word' id='word_1_204' title='bbox 1990 2907 2058 2954; x_wconf 91' lang='lat' dir='ltr'><strong>non</strong></span> 
     </span>
     <span class='ocr_line' id='line_1_20' title="bbox 471 2997 2061 3107; baseline -0.005 -28"><span class='ocrx_word' id='word_1_205' title='bbox 471 3023 548 3079; x_wconf 91' lang='lat' dir='ltr'><strong>erat</strong></span> <span class='ocrx_word' id='word_1_206' title='bbox 560 3009 688 3080; x_wconf 87' lang='lat' dir='ltr'><strong>missus</strong></span> <span class='ocrx_word' id='word_1_207' title='bbox 702 3009 771 3080; x_wconf 90' lang='lat' dir='ltr'><strong>nisi</strong></span> <span class='ocrx_word' id='word_1_208' title='bbox 785 3008 831 3080; x_wconf 92' lang='lat' dir='ltr'><strong>ad</strong></span> <span class='ocrx_word' id='word_1_209' title='bbox 844 3033 929 3081; x_wconf 91' lang='lat' dir='ltr'><strong>oves</strong></span> <span class='ocrx_word' id='word_1_210' title='bbox 946 3033 1025 3107; x_wconf 89' lang='lat' dir='ltr'><strong>quae</strong></span> <span class='ocrx_word' id='word_1_211' title='bbox 1037 2997 1240 3107; x_wconf 79' lang='lat' dir='ltr'><strong>perierunt&#39;</strong></span> <span class='ocrx_word' id='word_1_212' title='bbox 1252 3005 1383 3078; x_wconf 89' lang='lat' dir='ltr'><strong>domus</strong></span> <span class='ocrx_word' id='word_1_213' title='bbox 1401 3007 1518 3079; x_wconf 89' lang='lat' dir='ltr'><strong>lsrael.</strong></span> <span class='ocrx_word' id='word_1_214' title='bbox 1534 3006 1604 3078; x_wconf 88' lang='lat' dir='ltr'><strong>Sed</strong></span> <span class='ocrx_word' id='word_1_215' title='bbox 1622 3005 1703 3078; x_wconf 91' lang='lat' dir='ltr'><strong>dico</strong></span> <span class='ocrx_word' id='word_1_216' title='bbox 1720 3034 1727 3076; x_wconf 92' lang='lat'><strong>:</strong></span> <span class='ocrx_word' id='word_1_217' title='bbox 1746 3009 1817 3077; x_wconf 90' lang='lat' dir='ltr'><strong>Cur</strong></span> <span class='ocrx_word' id='word_1_218' title='bbox 1836 3007 1885 3078; x_wconf 90' lang='lat' dir='ltr'><strong>ad</strong></span> <span class='ocrx_word' id='word_1_219' title='bbox 1904 3031 1984 3096; x_wconf 91' lang='lat' dir='ltr'><strong>eas,</strong></span> <span class='ocrx_word' id='word_1_220' title='bbox 1998 3002 2061 3074; x_wconf 88' lang='lat' dir='ltr'><strong>nisi</strong></span> 
     </span>
     <span class='ocr_line' id='line_1_21' title="bbox 473 3125 2064 3234; baseline -0.002 -37"><span class='ocrx_word' id='word_1_221' title='bbox 473 3143 509 3198; x_wconf 92' lang='lat' dir='ltr'><strong>ut</strong></span> <span class='ocrx_word' id='word_1_222' title='bbox 533 3128 775 3201; x_wconf 81' lang='lat' dir='ltr'><strong>salvarentur?</strong></span> <span class='ocrx_word' id='word_1_223' title='bbox 796 3130 832 3199; x_wconf 86' lang='lat' dir='ltr'><strong>si</strong></span> <span class='ocrx_word' id='word_1_224' title='bbox 852 3143 1029 3200; x_wconf 89' lang='lat' dir='ltr'><strong>autemut</strong></span> <span class='ocrx_word' id='word_1_225' title='bbox 1050 3127 1281 3217; x_wconf 87' lang='lat' dir='ltr'><strong>salvarentur,</strong></span> <span class='ocrx_word' id='word_1_226' title='bbox 1307 3127 1393 3225; x_wconf 91' lang='lat' dir='ltr'><strong>quid</strong></span> <span class='ocrx_word' id='word_1_227' title='bbox 1418 3127 1467 3198; x_wconf 92' lang='lat' dir='ltr'><strong>eis</strong></span> <span class='ocrx_word' id='word_1_228' title='bbox 1487 3126 1619 3224; x_wconf 92' lang='lat' dir='ltr'><strong>profuit</strong></span> <span class='ocrx_word' id='word_1_229' title='bbox 1637 3151 1677 3198; x_wconf 91' lang='lat' dir='ltr'><strong>ea</strong></span> <span class='ocrx_word' id='word_1_230' title='bbox 1693 3125 1758 3197; x_wconf 92' lang='lat' dir='ltr'><strong>sibi</strong></span> <span class='ocrx_word' id='word_1_231' title='bbox 1777 3125 1875 3234; x_wconf 75' lang='lat' dir='ltr'><strong>fieri,</strong></span> <span class='ocrx_word' id='word_1_232' title='bbox 1904 3152 1971 3224; x_wconf 93' lang='lat' dir='ltr'><strong>per</strong></span> <span class='ocrx_word' id='word_1_233' title='bbox 1991 3149 2064 3221; x_wconf 85' lang='lat' dir='ltr'><strong>quae</strong></span> 
     </span>
     <span class='ocr_line' id='line_1_22' title="bbox 474 3245 2067 3346; baseline -0.004 -27"><span class='ocrx_word' id='word_1_234' title='bbox 474 3249 612 3343; x_wconf 86' lang='lat' dir='ltr'><strong>gravius</strong></span> <span class='ocrx_word' id='word_1_235' title='bbox 625 3248 882 3320; x_wconf 87' lang='lat' dir='ltr'><strong>damnarentur</strong></span> <span class='ocrx_word' id='word_1_236' title='bbox 899 3277 905 3318; x_wconf 95' lang='lat'><strong>:</strong></span> <span class='ocrx_word' id='word_1_237' title='bbox 924 3273 990 3320; x_wconf 89' lang='lat' dir='ltr'><strong>nec</strong></span> <span class='ocrx_word' id='word_1_238' title='bbox 1004 3246 1143 3318; x_wconf 92' lang='lat' dir='ltr'><strong>suntad</strong></span> <span class='ocrx_word' id='word_1_239' title='bbox 1158 3248 1400 3346; x_wconf 87' lang='lat' dir='ltr'><strong>poenitentiam</strong></span> <span class='ocrx_word' id='word_1_240' title='bbox 1416 3248 1591 3336; x_wconf 90' lang='lat' dir='ltr'><strong>conversi,</strong></span> <span class='ocrx_word' id='word_1_241' title='bbox 1607 3246 1720 3318; x_wconf 90' lang='lat' dir='ltr'><strong>sedin</strong></span> <span class='ocrx_word' id='word_1_242' title='bbox 1739 3271 1802 3318; x_wconf 92' lang='lat' dir='ltr'><strong>sua</strong></span> <span class='ocrx_word' id='word_1_243' title='bbox 1819 3245 2067 3319; x_wconf 89' lang='lat' dir='ltr'><strong>obstinatione</strong></span> 
     </span>
    </p>
   </div>
   <div class='ocr_carea' id='block_1_5' title="bbox 473 3363 2070 3574">
    <p class='ocr_par' dir='ltr' id='par_1_6' title="bbox 473 3363 2070 3574">
     <span class='ocr_line' id='line_1_23' title="bbox 473 3363 2064 3464; baseline -0.003 -27"><span class='ocrx_word' id='word_1_244' title='bbox 473 3367 743 3464; x_wconf 81' lang='lat' dir='ltr'><strong>permanentes?</strong></span> <span class='ocrx_word' id='word_1_245' title='bbox 768 3366 872 3437; x_wconf 89' lang='lat' dir='ltr'><strong>Unde</strong></span> <span class='ocrx_word' id='word_1_246' title='bbox 895 3381 930 3436; x_wconf 93' lang='lat' dir='ltr'><strong>et</strong></span> <span class='ocrx_word' id='word_1_247' title='bbox 947 3369 1095 3464; x_wconf 88' lang='lat' dir='ltr'><strong>ip&#39;semet</strong></span> <span class='ocrx_word' id='word_1_248' title='bbox 1117 3367 1293 3436; x_wconf 91' lang='lat' dir='ltr'><strong>Dominus</strong></span> <span class='ocrx_word' id='word_1_249' title='bbox 1312 3367 1521 3464; x_wconf 80' lang='lat' dir='ltr'><strong>supponit‘:</strong></span> <span class='ocrx_word' id='word_1_250' title='bbox 1539 3369 1819 3436; x_wconf 86' lang='lat' dir='ltr'><strong>«Verumtamen</strong></span> <span class='ocrx_word' id='word_1_251' title='bbox 1839 3367 1929 3437; x_wconf 92' lang='lat' dir='ltr'><strong>dico</strong></span> <span class='ocrx_word' id='word_1_252' title='bbox 1948 3363 2064 3450; x_wconf 89' lang='lat' dir='ltr'><strong>vobis,</strong></span> 
     </span>
     <span class='ocr_line' id='line_1_24' title="bbox 474 3475 2070 3574; baseline -0.001 -30"><span class='ocrx_word' id='word_1_253' title='bbox 474 3479 584 3569; x_wconf 81' lang='lat' dir='ltr'><strong>Tyr0,</strong></span> <span class='ocrx_word' id='word_1_254' title='bbox 607 3491 642 3547; x_wconf 91' lang='lat' dir='ltr'><strong>et</strong></span> <span class='ocrx_word' id='word_1_255' title='bbox 654 3475 780 3547; x_wconf 89' lang='lat' dir='ltr'><strong>Sidoni</strong></span> <span class='ocrx_word' id='word_1_256' title='bbox 797 3477 976 3548; x_wconf 87' lang='lat' dir='ltr'><strong>remissius</strong></span> <span class='ocrx_word' id='word_1_257' title='bbox 993 3478 1059 3547; x_wconf 88' lang='lat' dir='ltr'><strong>erit</strong></span> <span class='ocrx_word' id='word_1_258' title='bbox 1082 3477 1119 3547; x_wconf 89' lang='lat' dir='ltr'><strong>in</strong></span> <span class='ocrx_word' id='word_1_259' title='bbox 1139 3475 1197 3546; x_wconf 91' lang='lat' dir='ltr'><strong>die</strong></span> <span class='ocrx_word' id='word_1_260' title='bbox 1216 3475 1358 3571; x_wconf 84' lang='lat' dir='ltr'><strong>judicii,</strong></span> <span class='ocrx_word' id='word_1_261' title='bbox 1380 3501 1489 3574; x_wconf 91' lang='lat' dir='ltr'><strong>quam</strong></span> <span class='ocrx_word' id='word_1_262' title='bbox 1512 3476 1624 3548; x_wconf 83' lang='lat' dir='ltr'><strong>vobis.</strong></span> <span class='ocrx_word' id='word_1_263' title='bbox 1643 3479 1839 3574; x_wconf 85' lang='lat' dir='ltr'><strong>»Denique</strong></span> <span class='ocrx_word' id='word_1_264' title='bbox 1860 3492 1896 3550; x_wconf 88' lang='lat' dir='ltr'><strong>ct</strong></span> <span class='ocrx_word' id='word_1_265' title='bbox 1919 3475 2070 3546; x_wconf 88' lang='lat' dir='ltr'><strong>Samari-</strong></span> 
     </span>
    </p>
   </div>
   <div class='ocr_carea' id='block_1_6' title="bbox 442 3593 2072 4056">
    <p class='ocr_par' dir='ltr' id='par_1_7' title="bbox 442 3593 2072 4056">
     <span class='ocr_line' id='line_1_25' title="bbox 442 3593 2070 3692; baseline 0.001 -28"><span class='ocrx_word' id='word_1_266' title='bbox 442 3593 453 3608; x_wconf 82' lang='lat'><strong><em>&#39;</em></strong></span> <span class='ocrx_word' id='word_1_267' title='bbox 474 3608 640 3684; x_wconf 69' lang='lat' dir='ltr'><strong>tuncrum</strong></span> <span class='ocrx_word' id='word_1_268' title='bbox 654 3595 784 3667; x_wconf 87' lang='lat' dir='ltr'><strong>multos</strong></span> <span class='ocrx_word' id='word_1_269' title='bbox 806 3595 910 3666; x_wconf 87' lang='lat' dir='ltr'><strong>refert</strong></span> <span class='ocrx_word' id='word_1_270' title='bbox 927 3599 1096 3666; x_wconf 81' lang='lat' dir='ltr'><strong>Joanncs⁸</strong></span> <span class='ocrx_word' id='word_1_271' title='bbox 1113 3596 1158 3667; x_wconf 93' lang='lat' dir='ltr'><strong>ad</strong></span> <span class='ocrx_word' id='word_1_272' title='bbox 1175 3595 1323 3667; x_wconf 89' lang='lat' dir='ltr'><strong>verbum</strong></span> <span class='ocrx_word' id='word_1_273' title='bbox 1338 3597 1413 3692; x_wconf 86' lang='lat' dir='ltr'><strong>ejus</strong></span> <span class='ocrx_word' id='word_1_274' title='bbox 1429 3596 1639 3687; x_wconf 85' lang='lat' dir='ltr'><strong>credidisse,</strong></span> <span class='ocrx_word' id='word_1_275' title='bbox 1658 3612 1788 3668; x_wconf 89' lang='lat' dir='ltr'><strong>etcum</strong></span> <span class='ocrx_word' id='word_1_276' title='bbox 1810 3597 1997 3668; x_wconf 89' lang='lat' dir='ltr'><strong>nonnulla</strong></span> <span class='ocrx_word' id='word_1_277' title='bbox 2011 3595 2070 3666; x_wconf 91' lang='lat' dir='ltr'><strong>mi-</strong></span> 
     </span>
     <span class='ocr_line' id='line_1_26' title="bbox 474 3713 2068 3813; baseline 0.001 -30"><span class='ocrx_word' id='word_1_278' title='bbox 474 3713 677 3785; x_wconf 88' lang='lat' dir='ltr'><strong>raculorum</strong></span> <span class='ocrx_word' id='word_1_279' title='bbox 704 3713 876 3786; x_wconf 80' lang='lat' dir='ltr'><strong>beneficia</strong></span> <span class='ocrx_word' id='word_1_280' title='bbox 903 3713 1092 3812; x_wconf 87' lang='lat' dir='ltr'><strong>gentilibus</strong></span> <span class='ocrx_word' id='word_1_281' title='bbox 1111 3716 1216 3786; x_wconf 90' lang='lat' dir='ltr'><strong>etiam</strong></span> <span class='ocrx_word' id='word_1_282' title='bbox 1237 3717 1364 3787; x_wconf 90' lang='lat' dir='ltr'><strong>tamin</strong></span> <span class='ocrx_word' id='word_1_283' title='bbox 1385 3717 1468 3788; x_wconf 92' lang='lat' dir='ltr'><strong>viris</strong></span> <span class='ocrx_word' id='word_1_284' title='bbox 1490 3742 1599 3813; x_wconf 87' lang='lat' dir='ltr'><strong>quam</strong></span> <span class='ocrx_word' id='word_1_285' title='bbox 1617 3717 1652 3786; x_wconf 93' lang='lat' dir='ltr'><strong>in</strong></span> <span class='ocrx_word' id='word_1_286' title='bbox 1673 3716 1810 3787; x_wconf 89' lang='lat' dir='ltr'><strong>feminis</strong></span> <span class='ocrx_word' id='word_1_287' title='bbox 1833 3717 2068 3800; x_wconf 87' lang='lat' dir='ltr'><strong>exhibuisse,</strong></span> 
     </span>
     <span class='ocr_line' id='line_1_27' title="bbox 475 3834 2072 3932; baseline -0.001 -27"><span class='ocrx_word' id='word_1_288' title='bbox 475 3858 538 3930; x_wconf 90' lang='lat' dir='ltr'><strong>per</strong></span> <span class='ocrx_word' id='word_1_289' title='bbox 554 3859 633 3930; x_wconf 84' lang='lat' dir='ltr'><strong>quae</strong></span> <span class='ocrx_word' id='word_1_290' title='bbox 657 3834 708 3905; x_wconf 90' lang='lat' dir='ltr'><strong>illi</strong></span> <span class='ocrx_word' id='word_1_291' title='bbox 728 3834 934 3924; x_wconf 89' lang='lat' dir='ltr'><strong>crederent,</strong></span> <span class='ocrx_word' id='word_1_292' title='bbox 960 3835 1014 3905; x_wconf 89' lang='lat' dir='ltr'><strong>vel</strong></span> <span class='ocrx_word' id='word_1_293' title='bbox 1034 3835 1068 3906; x_wconf 94' lang='lat' dir='ltr'><strong>in</strong></span> <span class='ocrx_word' id='word_1_294' title='bbox 1089 3834 1160 3907; x_wconf 88' lang='lat' dir='ltr'><strong>frde</strong></span> <span class='ocrx_word' id='word_1_295' title='bbox 1177 3834 1425 3908; x_wconf 87' lang='lat' dir='ltr'><strong>firmarentur:</strong></span> <span class='ocrx_word' id='word_1_296' title='bbox 1443 3839 1533 3908; x_wconf 91' lang='lat' dir='ltr'><strong>sicut</strong></span> <span class='ocrx_word' id='word_1_297' title='bbox 1551 3853 1603 3908; x_wconf 93' lang='lat' dir='ltr'><strong>est</strong></span> <span class='ocrx_word' id='word_1_298' title='bbox 1619 3835 1706 3906; x_wconf 89' lang='lat' dir='ltr'><strong>illud</strong></span> <span class='ocrx_word' id='word_1_299' title='bbox 1725 3835 1770 3907; x_wconf 92' lang='lat' dir='ltr'><strong>de</strong></span> <span class='ocrx_word' id='word_1_300' title='bbox 1796 3861 1920 3932; x_wconf 87' lang='lat' dir='ltr'><strong>puero</strong></span> <span class='ocrx_word' id='word_1_301' title='bbox 1937 3843 2072 3908; x_wconf 90' lang='lat' dir='ltr'><strong>Centu-</strong></span> 
     </span>
     <span class='ocr_line' id='line_1_28' title="bbox 475 3955 1723 4056; baseline 0.002 -32"><span class='ocrx_word' id='word_1_302' title='bbox 475 3955 584 4026; x_wconf 92' lang='lat' dir='ltr'><strong>rionis</strong></span> <span class='ocrx_word' id='word_1_303' title='bbox 592 3957 614 4044; x_wconf 77' lang='lat'><strong>⁸,</strong></span> <span class='ocrx_word' id='word_1_304' title='bbox 631 3971 664 4026; x_wconf 88' lang='lat' dir='ltr'><strong>et</strong></span> <span class='ocrx_word' id='word_1_305' title='bbox 679 3955 724 4026; x_wconf 94' lang='lat' dir='ltr'><strong>de</strong></span> <span class='ocrx_word' id='word_1_306' title='bbox 736 3955 807 4027; x_wconf 89' lang='lat' dir='ltr'><strong>lilia</strong></span> <span class='ocrx_word' id='word_1_307' title='bbox 824 3956 1126 4055; x_wconf 82' lang='lat' dir='ltr'><strong>Syrophoenissae⁷,</strong></span> <span class='ocrx_word' id='word_1_308' title='bbox 1148 3957 1193 4028; x_wconf 91' lang='lat' dir='ltr'><strong>de</strong></span> <span class='ocrx_word' id='word_1_309' title='bbox 1208 3957 1317 4056; x_wconf 91' lang='lat' dir='ltr'><strong>ipsius</strong></span> <span class='ocrx_word' id='word_1_310' title='bbox 1328 3959 1407 4052; x_wconf 82' lang='lat' dir='ltr'><strong>Tyri</strong></span> <span class='ocrx_word' id='word_1_311' title='bbox 1426 3955 1555 4028; x_wconf 85' lang='lat' dir='ltr'><strong>finibus</strong></span> <span class='ocrx_word' id='word_1_312' title='bbox 1567 3982 1723 4054; x_wconf 85' lang='lat' dir='ltr'><strong>egressae.</strong></span> 
     </span>
    </p>
   </div>
   <div class='ocr_carea' id='block_1_7' title="bbox 1086 4141 1436 4242">
    <p class='ocr_par' dir='ltr' id='par_1_8' title="bbox 1086 4141 1436 4242">
     <span class='ocr_line' id='line_1_29' title="bbox 1086 4141 1436 4242; baseline 0.009 -27"><span class='ocrx_word' id='word_1_313' title='bbox 1086 4146 1223 4242; x_wconf 31' lang='lat' dir='ltr'><strong>&#39;Solutt&#39;o¹</strong></span> <span class='ocrx_word' id='word_1_314' title='bbox 1244 4141 1436 4218; x_wconf 75' lang='lat' dir='ltr'><strong>Abaetardt.</strong></span> 
     </span>
    </p>
   </div>
   <div class='ocr_carea' id='block_1_8' title="bbox 523 4307 2079 4410">
    <p class='ocr_par' dir='ltr' id='par_1_9' title="bbox 523 4307 2079 4410">
     <span class='ocr_line' id='line_1_30' title="bbox 523 4307 2079 4410; baseline -0.003 -29"><span class='ocrx_word' id='word_1_315' title='bbox 523 4314 654 4403; x_wconf 80' lang='lat' dir='ltr'><strong>Revera</strong></span> <span class='ocrx_word' id='word_1_316' title='bbox 669 4311 844 4380; x_wconf 87' lang='lat' dir='ltr'><strong>Dominus</strong></span> <span class='ocrx_word' id='word_1_317' title='bbox 864 4313 963 4380; x_wconf 88' lang='lat' dir='ltr'><strong>Jesus</strong></span> <span class='ocrx_word' id='word_1_318' title='bbox 980 4308 1027 4379; x_wconf 92' lang='lat' dir='ltr'><strong>ad</strong></span> <span class='ocrx_word' id='word_1_319' title='bbox 1044 4307 1139 4380; x_wconf 90' lang='lat' dir='ltr'><strong>solos</strong></span> <span class='ocrx_word' id='word_1_320' title='bbox 1160 4310 1300 4382; x_wconf 77' lang='lat' dir='ltr'><strong>ludaeos</strong></span> <span class='ocrx_word' id='word_1_321' title='bbox 1321 4313 1357 4382; x_wconf 91' lang='lat' dir='ltr'><strong>in</strong></span> <span class='ocrx_word' id='word_1_322' title='bbox 1378 4337 1532 4410; x_wconf 91' lang='lat' dir='ltr'><strong>persona</strong></span> <span class='ocrx_word' id='word_1_323' title='bbox 1547 4313 1690 4410; x_wconf 92' lang='lat' dir='ltr'><strong>propria</strong></span> <span class='ocrx_word' id='word_1_324' title='bbox 1707 4311 1833 4381; x_wconf 89' lang='lat' dir='ltr'><strong>missus</strong></span> <span class='ocrx_word' id='word_1_325' title='bbox 1848 4311 1940 4382; x_wconf 88' lang='lat' dir='ltr'><strong>suit.</strong></span> <span class='ocrx_word' id='word_1_326' title='bbox 1966 4307 2079 4397; x_wconf 91' lang='lat' dir='ltr'><strong>Quod</strong></span> 
     </span>
    </p>
   </div>
   <div class='ocr_carea' id='block_1_9' title="bbox 474 4437 2087 4894">
    <p class='ocr_par' dir='ltr' id='par_1_10' title="bbox 474 4437 2087 4894">
     <span class='ocr_line' id='line_1_31' title="bbox 474 4437 2081 4539; baseline -0.002 -28"><span class='ocrx_word' id='word_1_327' title='bbox 474 4464 558 4536; x_wconf 92' lang='lat' dir='ltr'><strong>ergo</strong></span> <span class='ocrx_word' id='word_1_328' title='bbox 573 4439 663 4510; x_wconf 92' lang='lat' dir='ltr'><strong>circa</strong></span> <span class='ocrx_word' id='word_1_329' title='bbox 678 4437 824 4536; x_wconf 88' lang='lat' dir='ltr'><strong>gentiles</strong></span> <span class='ocrx_word' id='word_1_330' title='bbox 842 4437 1117 4539; x_wconf 88' lang='lat' dir='ltr'><strong>misericorditer</strong></span> <span class='ocrx_word' id='word_1_331' title='bbox 1135 4440 1223 4535; x_wconf 89' lang='lat' dir='ltr'><strong>egit,</strong></span> <span class='ocrx_word' id='word_1_332' title='bbox 1245 4457 1318 4510; x_wconf 89' lang='lat' dir='ltr'><strong>non</strong></span> <span class='ocrx_word' id='word_1_333' title='bbox 1334 4466 1377 4511; x_wconf 87' lang='lat' dir='ltr'><strong>ex</strong></span> <span class='ocrx_word' id='word_1_334' title='bbox 1390 4439 1509 4512; x_wconf 86' lang='lat' dir='ltr'><strong>officio</strong></span> <span class='ocrx_word' id='word_1_335' title='bbox 1522 4441 1697 4511; x_wconf 86' lang='lat' dir='ltr'><strong>missionis</strong></span> <span class='ocrx_word' id='word_1_336' title='bbox 1716 4440 1814 4527; x_wconf 88' lang='lat' dir='ltr'><strong>fecit,</strong></span> <span class='ocrx_word' id='word_1_337' title='bbox 1831 4439 1906 4511; x_wconf 91' lang='lat' dir='ltr'><strong>sed</strong></span> <span class='ocrx_word' id='word_1_338' title='bbox 1930 4465 1979 4511; x_wconf 87' lang='lat' dir='ltr'><strong>ex</strong></span> <span class='ocrx_word' id='word_1_339' title='bbox 1994 4463 2081 4535; x_wconf 89' lang='lat' dir='ltr'><strong>gra-</strong></span> 
     </span>
     <span class='ocr_line' id='line_1_32' title="bbox 474 4557 2080 4659; baseline 0 -29"><span class='ocrx_word' id='word_1_340' title='bbox 474 4561 534 4646; x_wconf 87' lang='lat' dir='ltr'><strong>tia,</strong></span> <span class='ocrx_word' id='word_1_341' title='bbox 551 4558 671 4629; x_wconf 88' lang='lat' dir='ltr'><strong>debito</strong></span> <span class='ocrx_word' id='word_1_342' title='bbox 683 4557 939 4656; x_wconf 87' lang='lat' dir='ltr'><strong>superaddidit,</strong></span> <span class='ocrx_word' id='word_1_343' title='bbox 956 4557 1143 4629; x_wconf 89' lang='lat' dir='ltr'><strong>attendens</strong></span> <span class='ocrx_word' id='word_1_344' title='bbox 1154 4558 1253 4655; x_wconf 82' lang='lat' dir='ltr'><strong>quod</strong></span> <span class='ocrx_word' id='word_1_345' title='bbox 1269 4575 1304 4630; x_wconf 91' lang='lat' dir='ltr'><strong>et</strong></span> <span class='ocrx_word' id='word_1_346' title='bbox 1317 4561 1466 4659; x_wconf 90' lang='lat' dir='ltr'><strong>ipsemet</strong></span> <span class='ocrx_word' id='word_1_347' title='bbox 1482 4561 1567 4632; x_wconf 81' lang='lat' dir='ltr'><strong>ait⁸:</strong></span> <span class='ocrx_word' id='word_1_348' title='bbox 1586 4589 1603 4628; x_wconf 78' lang='lat' dir='ltr'><strong>u</strong></span> <span class='ocrx_word' id='word_1_349' title='bbox 1619 4565 1739 4647; x_wconf 89' lang='lat' dir='ltr'><strong>Quum</strong></span> <span class='ocrx_word' id='word_1_350' title='bbox 1753 4559 1915 4630; x_wconf 83' lang='lat' dir='ltr'><strong>feceritis</strong></span> <span class='ocrx_word' id='word_1_351' title='bbox 1930 4559 2080 4644; x_wconf 90' lang='lat' dir='ltr'><strong>omnia,</strong></span> 
     </span>
     <span class='ocr_line' id='line_1_33' title="bbox 474 4675 2083 4777; baseline 0.002 -29"><span class='ocrx_word' id='word_1_352' title='bbox 474 4703 552 4774; x_wconf 87' lang='lat' dir='ltr'><strong>quae</strong></span> <span class='ocrx_word' id='word_1_353' title='bbox 572 4693 745 4776; x_wconf 66' lang='lat' dir='ltr'><strong>praecepta</strong></span> <span class='ocrx_word' id='word_1_354' title='bbox 759 4691 842 4747; x_wconf 88' lang='lat' dir='ltr'><strong>sunt</strong></span> <span class='ocrx_word' id='word_1_355' title='bbox 860 4676 977 4766; x_wconf 88' lang='lat' dir='ltr'><strong>vobis,</strong></span> <span class='ocrx_word' id='word_1_356' title='bbox 991 4675 1119 4750; x_wconf 89' lang='lat' dir='ltr'><strong>dicite:</strong></span> <span class='ocrx_word' id='word_1_357' title='bbox 1138 4709 1154 4746; x_wconf 77' lang='lat' dir='ltr'><strong>a</strong></span> <span class='ocrx_word' id='word_1_358' title='bbox 1173 4681 1268 4750; x_wconf 88' lang='lat' dir='ltr'><strong>Servi</strong></span> <span class='ocrx_word' id='word_1_359' title='bbox 1283 4679 1425 4752; x_wconf 87' lang='lat' dir='ltr'><strong>inutiles</strong></span> <span class='ocrx_word' id='word_1_360' title='bbox 1441 4704 1581 4769; x_wconf 88' lang='lat' dir='ltr'><strong>snmus;</strong></span> <span class='ocrx_word' id='word_1_361' title='bbox 1596 4679 1694 4777; x_wconf 93' lang='lat' dir='ltr'><strong>quod</strong></span> <span class='ocrx_word' id='word_1_362' title='bbox 1717 4677 1919 4750; x_wconf 88' lang='lat' dir='ltr'><strong>debuimus</strong></span> <span class='ocrx_word' id='word_1_363' title='bbox 1938 4680 2083 4768; x_wconf 88' lang='lat' dir='ltr'><strong>facere,</strong></span> 
     </span>
     <span class='ocr_line' id='line_1_34' title="bbox 476 4793 2087 4894; baseline 0.004 -31"><span class='ocrx_word' id='word_1_364' title='bbox 476 4827 493 4864; x_wconf 87' lang='lat'>«</span> <span class='ocrx_word' id='word_1_365' title='bbox 511 4796 702 4868; x_wconf 86' lang='lat' dir='ltr'><strong>fecimus.»</strong></span> <span class='ocrx_word' id='word_1_366' title='bbox 719 4802 765 4868; x_wconf 74' lang='lat' dir='ltr'><strong>Ac</strong></span> <span class='ocrx_word' id='word_1_367' title='bbox 781 4796 810 4867; x_wconf 91' lang='lat' dir='ltr'><strong>si</strong></span> <span class='ocrx_word' id='word_1_368' title='bbox 822 4809 944 4893; x_wconf 89' lang='lat' dir='ltr'><strong>aperte</strong></span> <span class='ocrx_word' id='word_1_369' title='bbox 956 4795 1072 4867; x_wconf 90' lang='lat' dir='ltr'><strong>dicat:</strong></span> <span class='ocrx_word' id='word_1_370' title='bbox 1092 4799 1217 4894; x_wconf 88' lang='lat' dir='ltr'><strong>Nepro</strong></span> <span class='ocrx_word' id='word_1_371' title='bbox 1228 4821 1357 4894; x_wconf 89' lang='lat' dir='ltr'><strong>magno</strong></span> <span class='ocrx_word' id='word_1_372' title='bbox 1367 4797 1538 4888; x_wconf 89' lang='lat' dir='ltr'><strong>habeatis,</strong></span> <span class='ocrx_word' id='word_1_373' title='bbox 1554 4801 1582 4869; x_wconf 90' lang='lat' dir='ltr'><strong>si</strong></span> <span class='ocrx_word' id='word_1_374' title='bbox 1595 4793 1804 4870; x_wconf 81' lang='lat' dir='ltr'><strong>obedientiae</strong></span> <span class='ocrx_word' id='word_1_375' title='bbox 1815 4796 2004 4870; x_wconf 87' lang='lat' dir='ltr'><strong>debitum</strong></span> <span class='ocrx_word' id='word_1_376' title='bbox 2017 4803 2087 4869; x_wconf 92' lang='lat' dir='ltr'><strong>im-</strong></span> 
     </span>
    </p>
   </div>
   <div class='ocr_carea' id='block_1_10' title="bbox 476 5059 2091 5297">
    <p class='ocr_par' dir='ltr' id='par_1_11' title="bbox 476 5059 2091 5297">
     <span class='ocr_line' id='line_1_35' title="bbox 510 5059 2091 5133; baseline 0.002 -22"><span class='ocrx_word' id='word_1_377' title='bbox 510 5064 515 5088; x_wconf 76' lang='lat'><em>*</em></span> <span class='ocrx_word' id='word_1_378' title='bbox 536 5061 631 5120; x_wconf 68' lang='lat' dir='ltr'><strong>llatth,</strong></span> <span class='ocrx_word' id='word_1_379' title='bbox 649 5075 703 5124; x_wconf 87' lang='lat' dir='ltr'><strong>cap.</strong></span> <span class='ocrx_word' id='word_1_380' title='bbox 721 5077 745 5120; x_wconf 85' lang='lat' dir='ltr'><strong>r,</strong></span> <span class='ocrx_word' id='word_1_381' title='bbox 759 5078 781 5109; x_wconf 91' lang='lat' dir='ltr'><strong>v.</strong></span> <span class='ocrx_word' id='word_1_382' title='bbox 797 5061 837 5110; x_wconf 80' lang='lat'><strong>28.</strong></span> <span class='ocrx_word' id='word_1_383' title='bbox 852 5087 878 5096; x_wconf 87' lang='lat'><strong>—·</strong></span> <span class='ocrx_word' id='word_1_384' title='bbox 890 5059 900 5085; x_wconf 82' lang='lat'>&#39;</span> <span class='ocrx_word' id='word_1_385' title='bbox 913 5060 982 5121; x_wconf 76' lang='lat' dir='ltr'><strong>Luc,</strong></span> <span class='ocrx_word' id='word_1_386' title='bbox 1001 5077 1056 5128; x_wconf 84' lang='lat' dir='ltr'><strong>cap.</strong></span> <span class='ocrx_word' id='word_1_387' title='bbox 1074 5080 1105 5120; x_wconf 83' lang='lat' dir='ltr'><strong>x,</strong></span> <span class='ocrx_word' id='word_1_388' title='bbox 1125 5079 1146 5112; x_wconf 90' lang='lat' dir='ltr'><strong>v.</strong></span> <span class='ocrx_word' id='word_1_389' title='bbox 1163 5066 1202 5113; x_wconf 77' lang='grc'><strong>13,</strong></span> <span class='ocrx_word' id='word_1_390' title='bbox 1215 5091 1243 5100; x_wconf 93' lang='lat'>-</span> <span class='ocrx_word' id='word_1_391' title='bbox 1279 5083 1302 5114; x_wconf 87' lang='lat' dir='ltr'><strong>v.</strong></span> <span class='ocrx_word' id='word_1_392' title='bbox 1317 5067 1341 5115; x_wconf 81' lang='lat'><strong>5.</strong></span> <span class='ocrx_word' id='word_1_393' title='bbox 1352 5066 1448 5128; x_wconf 84' lang='lat' dir='ltr'><strong>-an.,</strong></span> <span class='ocrx_word' id='word_1_394' title='bbox 1462 5079 1519 5131; x_wconf 86' lang='lat' dir='ltr'><strong>cap.</strong></span> <span class='ocrx_word' id='word_1_395' title='bbox 1535 5081 1584 5127; x_wconf 83' lang='lat' dir='ltr'><strong>ru,</strong></span> <span class='ocrx_word' id='word_1_396' title='bbox 1598 5081 1622 5114; x_wconf 87' lang='lat' dir='ltr'><strong>v.</strong></span> <span class='ocrx_word' id='word_1_397' title='bbox 1639 5065 1652 5110; x_wconf 63' lang='grc' dir='ltr'><strong><em>ἲ</em></strong></span> <span class='ocrx_word' id='word_1_398' title='bbox 1668 5075 1693 5113; x_wconf 88' lang='lat' dir='ltr'><strong>et</strong></span> <span class='ocrx_word' id='word_1_399' title='bbox 1706 5080 1744 5130; x_wconf 85' lang='lat' dir='ltr'><strong>sq.</strong></span> <span class='ocrx_word' id='word_1_400' title='bbox 1759 5064 1808 5102; x_wconf 81' lang='lat'><strong>-&#39;</strong></span> <span class='ocrx_word' id='word_1_401' title='bbox 1824 5065 1926 5127; x_wconf 69' lang='lat' dir='ltr'><strong>llarc„</strong></span> <span class='ocrx_word' id='word_1_402' title='bbox 1950 5083 2016 5133; x_wconf 80' lang='lat' dir='ltr'><strong>cap.</strong></span> <span class='ocrx_word' id='word_1_403' title='bbox 2040 5082 2091 5127; x_wconf 81' lang='lat' dir='ltr'><strong>ru,</strong></span> 
     </span>
     <span class='ocr_line' id='line_1_36' title="bbox 477 5143 1738 5216; baseline 0.001 -20"><span class='ocrx_word' id='word_1_404' title='bbox 477 5147 486 5173; x_wconf 85' lang='lat'>⁸</span> <span class='ocrx_word' id='word_1_405' title='bbox 502 5149 561 5208; x_wconf 80' lang='lat' dir='ltr'><strong>Quoe</strong></span> <span class='ocrx_word' id='word_1_406' title='bbox 579 5149 700 5208; x_wconf 73' lang='lat' dir='ltr'><strong>perierunt</strong></span> <span class='ocrx_word' id='word_1_407' title='bbox 720 5144 809 5194; x_wconf 76' lang='lat' dir='ltr'><strong>desunt</strong></span> <span class='ocrx_word' id='word_1_408' title='bbox 828 5143 889 5194; x_wconf 85' lang='lat' dir='ltr'><strong>cod.</strong></span> <span class='ocrx_word' id='word_1_409' title='bbox 912 5143 972 5194; x_wconf 85' lang='lat' dir='ltr'><strong>l&#39;ict.</strong></span> <span class='ocrx_word' id='word_1_410' title='bbox 983 5144 1034 5182; x_wconf 82' lang='lat'><strong>-⁴</strong></span> <span class='ocrx_word' id='word_1_411' title='bbox 1050 5145 1121 5206; x_wconf 75' lang='lat' dir='ltr'><strong>Luc,</strong></span> <span class='ocrx_word' id='word_1_412' title='bbox 1139 5162 1196 5212; x_wconf 81' lang='lat' dir='ltr'><strong>cap.</strong></span> <span class='ocrx_word' id='word_1_413' title='bbox 1215 5165 1246 5209; x_wconf 83' lang='lat' dir='ltr'><strong>x,</strong></span> <span class='ocrx_word' id='word_1_414' title='bbox 1281 5167 1303 5199; x_wconf 89' lang='lat' dir='ltr'><strong>v.</strong></span> <span class='ocrx_word' id='word_1_415' title='bbox 1317 5151 1357 5201; x_wconf 84' lang='lat'><strong>26.</strong></span> <span class='ocrx_word' id='word_1_416' title='bbox 1372 5177 1398 5186; x_wconf 90' lang='lat'>—</span> <span class='ocrx_word' id='word_1_417' title='bbox 1411 5148 1421 5177; x_wconf 85' lang='lat'>⁸</span> <span class='ocrx_word' id='word_1_418' title='bbox 1434 5149 1682 5216; x_wconf 54' lang='lat' dir='ltr'><strong>lanc-‚caparrum</strong></span> <span class='ocrx_word' id='word_1_419' title='bbox 1699 5151 1738 5198; x_wconf 79' lang='lat'><strong>10.</strong></span> 
     </span>
     <span class='ocr_line' id='line_1_37' title="bbox 476 5228 1248 5297; baseline 0.003 -17"><span class='ocrx_word' id='word_1_420' title='bbox 476 5250 499 5280; x_wconf 94' lang='lat' dir='ltr'><strong>v.</strong></span> <span class='ocrx_word' id='word_1_421' title='bbox 522 5233 562 5282; x_wconf 81' lang='lat' dir='ltr'><strong>tl.</strong></span> <span class='ocrx_word' id='word_1_422' title='bbox 573 5255 601 5268; x_wconf 90' lang='lat'>-</span> <span class='ocrx_word' id='word_1_423' title='bbox 615 5230 715 5290; x_wconf 83' lang='lat' dir='ltr'><strong>&#39;loau.,</strong></span> <span class='ocrx_word' id='word_1_424' title='bbox 734 5243 791 5294; x_wconf 85' lang='lat' dir='ltr'><strong>cap.</strong></span> <span class='ocrx_word' id='word_1_425' title='bbox 806 5245 842 5293; x_wconf 86' lang='lat' dir='ltr'><strong>rv,</strong></span> <span class='ocrx_word' id='word_1_426' title='bbox 855 5245 880 5279; x_wconf 86' lang='lat' dir='ltr'><strong>r.</strong></span> <span class='ocrx_word' id='word_1_427' title='bbox 897 5229 937 5280; x_wconf 76' lang='lat'><strong>³9.</strong></span> <span class='ocrx_word' id='word_1_428' title='bbox 948 5228 1107 5292; x_wconf 76' lang='lat' dir='ltr'><strong>-⁴llatth.,</strong></span> <span class='ocrx_word' id='word_1_429' title='bbox 1124 5246 1178 5297; x_wconf 87' lang='lat' dir='ltr'><strong>cap.</strong></span> <span class='ocrx_word' id='word_1_430' title='bbox 1192 5249 1248 5294; x_wconf 88' lang='lat' dir='ltr'><strong>rm,</strong></span> 
     </span>
    </p>
   </div>
   <div class='ocr_carea' id='block_1_11' title="bbox 0 0 2248 6100">
    <p class='ocr_par' dir='ltr' id='par_1_12' title="bbox 0 0 2248 6100">
     <span class='ocr_line' id='line_1_38' title="bbox 0 0 2248 6100; baseline 0 1"><span class='ocrx_word' id='word_1_431' title='bbox 0 0 2248 6100; x_wconf 95' lang='lat' dir='ltr'><strong> </strong></span> 
     </span>
    </p>
   </div>
  </div>
 </body>
</html>
