4486 6100
283 745 327 799 Ad
340 763 369 803 se
384 764 493 806 sursum
506 767 585 812 vocat
595 761 738 833 quotidie,

281 833 316 888 Et
328 836 459 895 hortatur
474 855 568 902 mente
583 852 778 913 conscendere.

316 979 416 1034 Dicat¹
431 981 504 1038 bec:
518 985 585 1042 Post
597 998 624 1043 te
639 992 721 1050 trahe
736 1014 794 1064 me,

316 1069 424 1128 Nitenti
436 1071 578 1132 dexterum
590 1083 719 1157 porrIge3

281 1158 370 1234 Super
383 1181 487 1236 pennus
498 1176 644 1226 ventorum
664 1175 772 1245 evolas;

282 1253 353 1321 Quis
367 1266 500 1330 sequetur
513 1261 541 1314 ni
555 1277 659 1333 pennas
676 1267 823 1324 conferas?

316 1372 458 1430 columba
471 1395 574 1451 pennas
587 1384 723 1456 postulet,

314 1463 355 1516 Ut
368 1463 402 1518 ad
417 1466 539 1540 quietem
558 1486 697 1548 properet.

278 1549 342 1606 mas
357 1564 433 1625 petat
441 1561 682 1637 potentisaquilae,

278 1642 388 1710 Quibus
402 1644 457 1701 alta
470 1652 558 1721 possit
569 1655 764 1713 conscendere.

313 1783 396 1840 Dabit
408 1805 472 1843 cum
488 1790 539 1847 alls
550 1794 661 1864 oculos,

314 1873 354 1928 Ut
364 1876 457 1931 mihi·
468 1879 535 1935 solis
547 1882 639 1940 radios

279 1962 311 2017 In
325 1963 434 2020 reflexis
447 1970 534 2041 possit
548 1971 695 2029 obtutibus

197 2085 202 2094 ·
278 2053 402 2125 Intueri,
416 2075 473 2132 quo
489 2058 529 2114 nil
542 2060 659 2120 felicius.

311 2191 443 2251 Pennatis
457 2200 647 2258 animantibus

311 2281 361 2338 Ille
374 2283 451 2340 locus
469 2288 604 2348 ethereus

275 2370 331 2425 Pro
344 2374 451 2429 meritis
464 2375 600 2435 virtutum
619 2386 750 2456 congruit

274 2462 384 2531 Quibus
396 2464 451 2521 alas
465 2467 515 2524 has
526 2470 600 2526 Deus
613 2472 733 2530 dederit.

309 2591 351 2647 Sit
368 2593 483 2653 Christo
499 2615 624 2668 summo,
640 2613 693 2658 etc.

555 2765 688 2826 XLVIII.

360 2899 451 2968 Salve,
467 2901 585 2959 coelestis

358 2987 501 3045 Vexillum
515 2996 605 3067 regis;

360 3077 446 3146 salve,
462 3099 529 3137 crux
543 3096 652 3156 sanctam

358 3209 438 3278 Qua,
454 3211 570 3285 spolialo

358 3298 491 3356 Prudoue
509 3303 587 3376 diro,

359 3387 453 3444 Praeda
472 3390 597 3450 reducta.

358 3519 462 3575 Averni
479 3533 565 3595 porte

357 3607 455 3664 Iacent
468 3613 608 3684 coutritae,

358 3695 484 3755 Claustra
496 3702 652 3772 confractu

356 3827 434 3881 ‘l'au⁸
448 3827 560 3886 beatm

356 3915 421 3985 Quo
432 3921 617 3990 poenitentum

358 4004 462 4062 Fronte
473 4009 595 4083 signata,

358 4131 551 4193 Interfectoris

356 4220 403 4276 Ira
415 4223 536 4280 crudelis

351 4283 405 4366 bn
419 4309 547 4386 rehgata.

355 4436 425 4493 Fide
436 4438 448 4470 ¹
457 4438 598 4496 latronum

352 4526 507 4595 Quondam
521 4541 695 4594 tormentum

356 4617 425 4672 Erus
436 4635 489 4691 pro
500 4638 597 4694 poenu,

349 4745 437 4803 Nunc
450 4748 603 4822 gloriosum

351 4835 508 4896 Frontibus
522 4860 620 4916 regum

351 4925 476 5000 Signum
490 4929 630 5005 impressa.

235 5123 243 5148 ¹
263 5122 342 5174 Itale
356 5121 426 5176 Cod.
440 5125 511 5180 ditm.
529 5157 558 5168 —
575 5131 705 5187 'SicCod
724 5165 755 5176 -

930 630 1137 710 ctfltttut.

1183 786 1227 841 Tu
1240 788 1349 862 lignum
1361 794 1438 866 vitae,

1181 875 1214 930 In
1228 896 1283 952 qua
1295 899 1343 937 rex
1355 882 1414 956 ipse

1181 965 1352 1024 Conscendit
1364 971 1469 1044 palma,

1182 1127 1224 1182 Ut
1242 1128 1336 1186 fructu
1353 1135 1393 1187 tui

1184 1215 1285 1273 Letalis
1297 1224 1372 1291 pomi

1184 1303 1333 1365 Restauret
1347 1309 1457 1368 damna.

1182 1461 1268 1519 Felici
1280 1477 1369 1522 naute

1183 1553 1271 1622 Quae⁸
1288 1559 1366 1632 quasi
1381 1578 1450 1617 nave

1184 1641 1315 1700 Fruendo
1328 1649 1397 1717 vita,

1183 1790 1237 1846 Per
1251 1811 1327 1850 mare
1340 1815 1472 1872 magnum

1184 1881 1246 1936 blec
1257 1886 1443 1959 navigandum

1183 1970 1230 2027 Est
1244 1972 1278 2028 ad
1294 1991 1423 2048 superna.

1182 2131 1312 2189 Personis
1330 2137 1429 2208 trinos,
1441 2127 1506 2194 etc(

1389 2323 1491 2382 XLIX.

1179 2460 1300 2555 Serpens
1312 2495 1435 2554 erectus,

1167 2570 1344 2645 Serpentum
1357 2593 1466 2632 morsus

1179 2660 1354 2736 Conspectus
1367 2678 1453 2723 sanat.

1178 2807 1297 2882 Antiqui
1314 2811 1389 2866 virus

1175 2896 1319 2970 Serpentis
1339 2901 1470 2959 Christus

1085 3046 1089 3054 ¹
1177 2985 1333 3064 Suspensus
1349 3003 1438 3047 curat.

1177 3134 1283 3208 Sophia
1295 3139 1381 3210 patris

1180 3223 1319 3280 Medclam
1336 3231 1444 3284 cunctis

1179 3313 1256 3369 Ense
1269 3317 1418 3376 ministrat.

1177 3463 1323 3538 Prophetes
1335 3469 1412 3543 virga

1175 3552 1251 3610 Silex
1263 3554 1307 3610 his
1323 3558 1378 3613 icta

1175 3643 1257 3718 Aqua
1270 3644 1419 3705 redundat.

1182 3793 1278 3866 Lignis
1293 3795 1404 3852 duobus

1176 3881 1308 3940 Christus
1318 3903 1456 3960 appensus

1176 3969 1218 4026 De
1230 3989 1258 4027 se
1266 3991 1321 4032 nos
1332 3986 1419 4048 potat.

1176 4116 1252 4173 Bibit
1264 4119 1389 4192 ludens,

1174 4205 1230 4262 Sed
1246 4208 1424 4270 Christianus

1175 4293 1306 4352 Reiectus
1322 4311 1405 4358 extat.

1169 4443 1320 4516 Pmoun,
1335 4459 1388 4504 etc.

1305 4629 1448 4698 Ἰ1,.

1173 4779 1292 4854 Lignum
1306 4801 1412 4840 amaras

1169 4867 1299 4927 Iudulcat
1314 4892 1398 4949 aquas

1169 4957 1215 5012 Eis
1228 4960 1394 5019 immissum.

189 5207 378 5260 Glossarium
391 5214 478 5264 medtoe
493 5225 516 5264 et
533 5218 620 5296 orfime
631 5220 785 5284 mundetis,
796 5237 861 5280 auct.
879 5228 1006 5298 Ducauge,
1048 5234 1110 5289 Cod.
1121 5267 1139 5278 -
1150 5239 1225 5300 Quo?

217 5329 222 5337 ·
338 5312 354 5356 1

771 5139 838 5192 ‘Sic
851 5142 913 5195 Cod.
924 5171 942 5185 ·
951 5146 1006 5200 vid.
1048 5151 1078 5202 sd
1093 5167 1176 5206 vocem
1190 5155 1251 5206 Fau.
1266 5185 1292 5198 -·
1307 5161 1317 5188 ⁴
1334 5161 1375 5214 SIc
1389 5164 1451 5216 cod.
1461 5193 1479 5204 -
1494 5169 1571 5233 I'mpe
1584 5173 1623 5224 vel
1637 5175 1744 5226 otle?-
1758 5179 1768 5206 ¹
1781 5179 1822 5232 Sic

1662 5345 1702 5407 to
