<?xml version="1.0" encoding="UTF-8"?>
<!DOCTYPE html PUBLIC "-//W3C//DTD XHTML 1.0 Transitional//EN"
    "http://www.w3.org/TR/xhtml1/DTD/xhtml1-transitional.dtd">
<html xmlns="http://www.w3.org/1999/xhtml" xml:lang="en" lang="en">
 <head>
  <title>
</title>
<meta http-equiv="Content-Type" content="text/html;charset=utf-8" />
  <meta name='ocr-system' content='tesseract 3.04.00' />
  <meta name='ocr-capabilities' content='ocr_page ocr_carea ocr_par ocr_line ocrx_word'/>
</head>
<body>
  <div class='ocr_page' id='page_1' title='image "./petriablardiope01despgoog_0537.png"; bbox 0 0 4510 6108; ppageno 0'>
   <div class='ocr_carea' id='block_1_1' title="bbox 436 603 1426 681">
    <p class='ocr_par' dir='ltr' id='par_1_1' title="bbox 436 603 1426 681">
     <span class='ocr_line' id='line_1_1' title="bbox 436 603 1426 681; baseline -0.003 -2"><span class='ocrx_word' id='word_1_1' title='bbox 436 607 508 680; x_wconf 80' lang='lat'><strong>522</strong></span> <span class='ocrx_word' id='word_1_2' title='bbox 1035 603 1164 678; x_wconf 85' lang='lat' dir='ltr'>PETRI</span> <span class='ocrx_word' id='word_1_3' title='bbox 1191 603 1426 681; x_wconf 72' lang='lat' dir='ltr'><strong>tumulant</strong></span> 
     </span>
    </p>
   </div>
   <div class='ocr_carea' id='block_1_2' title="bbox 307 736 2033 5058">
    <p class='ocr_par' dir='ltr' id='par_1_2' title="bbox 307 736 2033 5058">
     <span class='ocr_line' id='line_1_2' title="bbox 432 736 2022 844; baseline -0.006 -25"><span class='ocrx_word' id='word_1_4' title='bbox 432 747 495 844; x_wconf 89' lang='lat' dir='ltr'><strong>qui</strong></span> <span class='ocrx_word' id='word_1_5' title='bbox 511 744 668 842; x_wconf 87' lang='lat' dir='ltr'><strong>legitime</strong></span> <span class='ocrx_word' id='word_1_6' title='bbox 686 743 894 834; x_wconf 89' lang='lat' dir='ltr'><strong>certaverit,</strong></span> <span class='ocrx_word' id='word_1_7' title='bbox 911 772 930 814; x_wconf 81' lang='lat' dir='ltr'><strong>n</strong></span> <span class='ocrx_word' id='word_1_8' title='bbox 949 744 995 818; x_wconf 89' lang='lat' dir='ltr'><strong>ab</strong></span> <span class='ocrx_word' id='word_1_9' title='bbox 1014 745 1184 819; x_wconf 90' lang='lat' dir='ltr'><strong>omnibus</strong></span> <span class='ocrx_word' id='word_1_10' title='bbox 1202 769 1240 820; x_wconf 89' lang='lat' dir='ltr'><strong>se</strong></span> <span class='ocrx_word' id='word_1_11' title='bbox 1260 743 1435 835; x_wconf 90' lang='lat' dir='ltr'><strong>abstinet,</strong></span> <span class='ocrx_word' id='word_1_12' title='bbox 1453 765 1501 815; x_wconf 92' lang='lat' dir='ltr'><strong>nc</strong></span> <span class='ocrx_word' id='word_1_13' title='bbox 1516 762 1692 814; x_wconf 90' lang='lat' dir='ltr'><strong>coronam</strong></span> <span class='ocrx_word' id='word_1_14' title='bbox 1713 736 1847 811; x_wconf 90' lang='lat' dir='ltr'><strong>scilicet</strong></span> <span class='ocrx_word' id='word_1_15' title='bbox 1866 739 2022 812; x_wconf 84' lang='lat' dir='ltr'><strong>victoriae</strong></span> 
     </span>
     <span class='ocr_line' id='line_1_3' title="bbox 433 857 2022 965; baseline -0.005 -27"><span class='ocrx_word' id='word_1_16' title='bbox 433 866 573 965; x_wconf 88' lang='lat' dir='ltr'><strong>perdat.</strong></span> <span class='ocrx_word' id='word_1_17' title='bbox 598 870 726 938; x_wconf 85' lang='lat' dir='ltr'><strong>Hostes</strong></span> <span class='ocrx_word' id='word_1_18' title='bbox 748 863 863 938; x_wconf 86' lang='lat' dir='ltr'><strong>fidelis</strong></span> <span class='ocrx_word' id='word_1_19' title='bbox 879 866 1025 956; x_wconf 88' lang='lat' dir='ltr'><strong>animae,</strong></span> <span class='ocrx_word' id='word_1_20' title='bbox 1052 881 1089 940; x_wconf 94' lang='lat' dir='ltr'><strong>et</strong></span> <span class='ocrx_word' id='word_1_21' title='bbox 1113 866 1250 939; x_wconf 89' lang='lat' dir='ltr'><strong>inimici</strong></span> <span class='ocrx_word' id='word_1_22' title='bbox 1274 864 1465 954; x_wconf 86' lang='lat' dir='ltr'><strong>satellites,</strong></span> <span class='ocrx_word' id='word_1_23' title='bbox 1482 861 1546 960; x_wconf 90' lang='lat' dir='ltr'><strong>qui</strong></span> <span class='ocrx_word' id='word_1_24' title='bbox 1568 884 1649 933; x_wconf 89' lang='lat' dir='ltr'><strong>eam</strong></span> <span class='ocrx_word' id='word_1_25' title='bbox 1674 860 1747 932; x_wconf 89' lang='lat' dir='ltr'><strong>suis</strong></span> <span class='ocrx_word' id='word_1_26' title='bbox 1764 857 2022 930; x_wconf 87' lang='lat' dir='ltr'><strong>tentationibus</strong></span> 
     </span>
     <span class='ocr_line' id='line_1_4' title="bbox 431 979 2021 1086; baseline -0.006 -28"><span class='ocrx_word' id='word_1_27' title='bbox 431 1000 710 1085; x_wconf 89' lang='lat' dir='ltr'><strong>persequuntur,</strong></span> <span class='ocrx_word' id='word_1_28' title='bbox 736 983 949 1060; x_wconf 85' lang='lat' dir='ltr'><strong>daemoniaci</strong></span> <span class='ocrx_word' id='word_1_29' title='bbox 967 987 1113 1086; x_wconf 92' lang='lat' dir='ltr'><strong>spiritus</strong></span> <span class='ocrx_word' id='word_1_30' title='bbox 1129 1001 1230 1076; x_wconf 91' lang='lat' dir='ltr'><strong>sunt,</strong></span> <span class='ocrx_word' id='word_1_31' title='bbox 1253 985 1345 1058; x_wconf 90' lang='lat' dir='ltr'><strong>sicut</strong></span> <span class='ocrx_word' id='word_1_32' title='bbox 1365 998 1419 1058; x_wconf 90' lang='lat' dir='ltr'><strong>est</strong></span> <span class='ocrx_word' id='word_1_33' title='bbox 1442 981 1586 1082; x_wconf 91' lang='lat' dir='ltr'><strong>spiritus</strong></span> <span class='ocrx_word' id='word_1_34' title='bbox 1610 979 1879 1067; x_wconf 89' lang='lat' dir='ltr'><strong>fornicationis,</strong></span> <span class='ocrx_word' id='word_1_35' title='bbox 1902 979 2021 1076; x_wconf 91' lang='lat' dir='ltr'><strong>etqui</strong></span> 
     </span>
     <span class='ocr_line' id='line_1_5' title="bbox 432 1089 2019 1209; baseline -0.004 -28"><span class='ocrx_word' id='word_1_36' title='bbox 432 1110 566 1182; x_wconf 79' lang='lat' dir='ltr'><strong>ceteris</strong></span> <span class='ocrx_word' id='word_1_37' title='bbox 582 1124 740 1209; x_wconf 84' lang='lat' dir='ltr'><strong>praesunt</strong></span> <span class='ocrx_word' id='word_1_38' title='bbox 755 1109 862 1183; x_wconf 87' lang='lat' dir='ltr'><strong>vitiis.</strong></span> <span class='ocrx_word' id='word_1_39' title='bbox 884 1089 1083 1182; x_wconf 80' lang='lat' dir='ltr'><strong>Adversum</strong></span> <span class='ocrx_word' id='word_1_40' title='bbox 1097 1133 1191 1209; x_wconf 91' lang='lat' dir='ltr'><strong>quos</strong></span> <span class='ocrx_word' id='word_1_41' title='bbox 1206 1108 1387 1208; x_wconf 87' lang='lat' dir='ltr'><strong>principes</strong></span> <span class='ocrx_word' id='word_1_42' title='bbox 1402 1119 1439 1179; x_wconf 91' lang='lat' dir='ltr'><strong>et</strong></span> <span class='ocrx_word' id='word_1_43' title='bbox 1453 1101 1665 1206; x_wconf 77' lang='lat' dir='ltr'><strong>potestates,</strong></span> <span class='ocrx_word' id='word_1_44' title='bbox 1686 1117 1727 1174; x_wconf 91' lang='lat' dir='ltr'><strong>ut</strong></span> <span class='ocrx_word' id='word_1_45' title='bbox 1747 1103 1796 1174; x_wconf 89' lang='lat' dir='ltr'><strong>ait</strong></span> <span class='ocrx_word' id='word_1_46' title='bbox 1812 1099 2019 1199; x_wconf 79' lang='lat' dir='ltr'><strong>Apostolus,</strong></span> 
     </span>
     <span class='ocr_line' id='line_1_6' title="bbox 435 1213 2021 1325; baseline -0.005 -26"><span class='ocrx_word' id='word_1_47' title='bbox 435 1228 641 1301; x_wconf 80' lang='lat' dir='ltr'><strong>colluctatio</strong></span> <span class='ocrx_word' id='word_1_48' title='bbox 662 1227 769 1302; x_wconf 87' lang='lat' dir='ltr'><strong>nobis</strong></span> <span class='ocrx_word' id='word_1_49' title='bbox 790 1243 861 1318; x_wconf 89' lang='lat' dir='ltr'><strong>est,</strong></span> <span class='ocrx_word' id='word_1_50' title='bbox 880 1228 943 1325; x_wconf 92' lang='lat' dir='ltr'><strong>qui</strong></span> <span class='ocrx_word' id='word_1_51' title='bbox 963 1228 1133 1302; x_wconf 90' lang='lat' dir='ltr'><strong>omnibus</strong></span> <span class='ocrx_word' id='word_1_52' title='bbox 1149 1227 1227 1300; x_wconf 87' lang='lat' dir='ltr'><strong>fulti</strong></span> <span class='ocrx_word' id='word_1_53' title='bbox 1242 1225 1433 1312; x_wconf 82' lang='lat' dir='ltr'><strong>virtutibus</strong></span> <span class='ocrx_word' id='word_1_54' title='bbox 1448 1213 1524 1297; x_wconf 80' lang='lat' dir='ltr'><strong>non</strong></span> <span class='ocrx_word' id='word_1_55' title='bbox 1541 1246 1768 1324; x_wconf 84' lang='lat' dir='ltr'><strong>apparemus.</strong></span> <span class='ocrx_word' id='word_1_56' title='bbox 1789 1223 1862 1292; x_wconf 88' lang='lat' dir='ltr'><strong>Nec</strong></span> <span class='ocrx_word' id='word_1_57' title='bbox 1881 1235 1956 1292; x_wconf 89' lang='lat' dir='ltr'><strong>tam</strong></span> <span class='ocrx_word' id='word_1_58' title='bbox 1975 1219 2021 1292; x_wconf 93' lang='lat' dir='ltr'><strong>de</strong></span> 
     </span>
     <span class='ocr_line' id='line_1_7' title="bbox 435 1341 2020 1447; baseline -0.008 -25"><span class='ocrx_word' id='word_1_59' title='bbox 435 1349 587 1426; x_wconf 80' lang='lat' dir='ltr'><strong>victoria</strong></span> <span class='ocrx_word' id='word_1_60' title='bbox 602 1347 788 1422; x_wconf 88' lang='lat' dir='ltr'><strong>metuendi</strong></span> <span class='ocrx_word' id='word_1_61' title='bbox 804 1373 928 1422; x_wconf 88' lang='lat' dir='ltr'><strong>sumus</strong></span> <span class='ocrx_word' id='word_1_62' title='bbox 948 1348 1034 1440; x_wconf 89' lang='lat' dir='ltr'><strong>illis,</strong></span> <span class='ocrx_word' id='word_1_63' title='bbox 1057 1373 1168 1447; x_wconf 88' lang='lat' dir='ltr'><strong>quam</strong></span> <span class='ocrx_word' id='word_1_64' title='bbox 1187 1348 1239 1423; x_wconf 90' lang='lat' dir='ltr'><strong>illi</strong></span> <span class='ocrx_word' id='word_1_65' title='bbox 1255 1347 1373 1421; x_wconf 83' lang='lat' dir='ltr'><strong>nobis.</strong></span> <span class='ocrx_word' id='word_1_66' title='bbox 1397 1347 1464 1419; x_wconf 91' lang='lat' dir='ltr'><strong>Dei</strong></span> <span class='ocrx_word' id='word_1_67' title='bbox 1482 1370 1569 1419; x_wconf 79' lang='lat' dir='ltr'><strong>vero</strong></span> <span class='ocrx_word' id='word_1_68' title='bbox 1592 1343 1742 1441; x_wconf 84' lang='lat' dir='ltr'><strong>genitrix</strong></span> <span class='ocrx_word' id='word_1_69' title='bbox 1762 1341 1926 1414; x_wconf 92' lang='lat' dir='ltr'><strong>omnium</strong></span> <span class='ocrx_word' id='word_1_70' title='bbox 1941 1364 2020 1411; x_wconf 91' lang='lat' dir='ltr'><strong>mu·</strong></span> 
     </span>
     <span class='ocr_line' id='line_1_8' title="bbox 434 1461 2021 1567; baseline -0.007 -25"><span class='ocrx_word' id='word_1_71' title='bbox 434 1471 574 1542; x_wconf 91' lang='lat' dir='ltr'><strong>nimen¹</strong></span> <span class='ocrx_word' id='word_1_72' title='bbox 587 1484 640 1543; x_wconf 88' lang='lat' dir='ltr'><strong>est</strong></span> <span class='ocrx_word' id='word_1_73' title='bbox 651 1469 825 1541; x_wconf 90' lang='lat' dir='ltr'><strong>virtutum</strong></span> <span class='ocrx_word' id='word_1_74' title='bbox 844 1468 1032 1560; x_wconf 88' lang='lat' dir='ltr'><strong>adornata,</strong></span> <span class='ocrx_word' id='word_1_75' title='bbox 1046 1484 1083 1541; x_wconf 92' lang='lat' dir='ltr'><strong>et</strong></span> <span class='ocrx_word' id='word_1_76' title='bbox 1093 1483 1222 1542; x_wconf 90' lang='lat' dir='ltr'><strong>contra</strong></span> <span class='ocrx_word' id='word_1_77' title='bbox 1229 1470 1384 1567; x_wconf 90' lang='lat' dir='ltr'><strong>impetus</strong></span> <span class='ocrx_word' id='word_1_78' title='bbox 1399 1488 1695 1565; x_wconf 87' lang='lat' dir='ltr'><strong>quarumcunque</strong></span> <span class='ocrx_word' id='word_1_79' title='bbox 1710 1462 1950 1535; x_wconf 87' lang='lat' dir='ltr'><strong>tentationum</strong></span> <span class='ocrx_word' id='word_1_80' title='bbox 1965 1461 2021 1531; x_wconf 79' lang='lat' dir='ltr'><strong>rel</strong></span> 
     </span>
     <span class='ocr_line' id='line_1_9' title="bbox 307 1580 2021 1686; baseline -0.006 -24"><span class='ocrx_word' id='word_1_81' title='bbox 307 1667 311 1676; x_wconf 59' lang='grc'><strong>,</strong></span> <span class='ocrx_word' id='word_1_82' title='bbox 434 1591 623 1679; x_wconf 84' lang='lat' dir='ltr'><strong>vitiorum,</strong></span> <span class='ocrx_word' id='word_1_83' title='bbox 646 1588 872 1686; x_wconf 85' lang='lat' dir='ltr'><strong>singulariter</strong></span> <span class='ocrx_word' id='word_1_84' title='bbox 891 1589 1019 1661; x_wconf 86' lang='lat' dir='ltr'><strong>habitu</strong></span> <span class='ocrx_word' id='word_1_85' title='bbox 1040 1590 1219 1664; x_wconf 85' lang='lat' dir='ltr'><strong>virtutum</strong></span> <span class='ocrx_word' id='word_1_86' title='bbox 1242 1589 1431 1678; x_wconf 90' lang='lat' dir='ltr'><strong>roborata,</strong></span> <span class='ocrx_word' id='word_1_87' title='bbox 1455 1586 1567 1684; x_wconf 87' lang='lat' dir='ltr'><strong>magis</strong></span> <span class='ocrx_word' id='word_1_88' title='bbox 1583 1583 1650 1656; x_wconf 90' lang='lat' dir='ltr'><strong>illis</strong></span> <span class='ocrx_word' id='word_1_89' title='bbox 1663 1581 1847 1673; x_wconf 88' lang='lat' dir='ltr'><strong>terribilis,</strong></span> <span class='ocrx_word' id='word_1_90' title='bbox 1866 1605 1974 1678; x_wconf 88' lang='lat' dir='ltr'><strong>quarn</strong></span> <span class='ocrx_word' id='word_1_91' title='bbox 1989 1580 2021 1651; x_wconf 91' lang='lat' dir='ltr'><strong>ei</strong></span> 
     </span>
     <span class='ocr_line' id='line_1_10' title="bbox 435 1695 1923 1808; baseline 0.002 -32"><span class='ocrx_word' id='word_1_92' title='bbox 435 1708 501 1806; x_wconf 92' lang='lat' dir='ltr'><strong>ipsi</strong></span> <span class='ocrx_word' id='word_1_93' title='bbox 517 1723 705 1808; x_wconf 92' lang='lat' dir='ltr'><strong>apparent.</strong></span> <span class='ocrx_word' id='word_1_94' title='bbox 1917 1695 1923 1706; x_wconf 76' lang='grc'><strong>’</strong></span> 
     </span>
     <span class='ocr_line' id='line_1_11' title="bbox 484 1813 2021 1928; baseline -0.007 -28"><span class='ocrx_word' id='word_1_95' title='bbox 484 1828 649 1926; x_wconf 89' lang='lat' dir='ltr'><strong>Legimus</strong></span> <span class='ocrx_word' id='word_1_96' title='bbox 665 1826 873 1901; x_wconf 87' lang='lat' dir='ltr'><strong>ascendenti</strong></span> <span class='ocrx_word' id='word_1_97' title='bbox 884 1830 1044 1902; x_wconf 90' lang='lat' dir='ltr'><strong>Domino</strong></span> <span class='ocrx_word' id='word_1_98' title='bbox 1062 1828 1207 1928; x_wconf 84' lang='lat' dir='ltr'><strong>angelos</strong></span> <span class='ocrx_word' id='word_1_99' title='bbox 1221 1829 1390 1920; x_wconf 83' lang='lat' dir='ltr'><strong>astitisse,</strong></span> <span class='ocrx_word' id='word_1_100' title='bbox 1413 1829 1476 1926; x_wconf 86' lang='lat' dir='ltr'><strong>qui</strong></span> <span class='ocrx_word' id='word_1_101' title='bbox 1492 1825 1687 1924; x_wconf 88' lang='lat' dir='ltr'><strong>discipulos</strong></span> <span class='ocrx_word' id='word_1_102' title='bbox 1703 1813 1778 1921; x_wconf 83' lang='lat' dir='ltr'><strong>ejus</strong></span> <span class='ocrx_word' id='word_1_103' title='bbox 1796 1819 2021 1894; x_wconf 83' lang='lat' dir='ltr'><strong>consolantes</strong></span> 
     </span>
     <span class='ocr_line' id='line_1_12' title="bbox 435 1941 2020 2049; baseline -0.008 -29"><span class='ocrx_word' id='word_1_104' title='bbox 435 1947 643 2020; x_wconf 81' lang='lat' dir='ltr'><strong>dixerunt¹2</strong></span> <span class='ocrx_word' id='word_1_105' title='bbox 665 1976 683 2017; x_wconf 92' lang='grc' dir='ltr'><strong>ιι</strong></span> <span class='ocrx_word' id='word_1_106' title='bbox 703 1948 779 2021; x_wconf 86' lang='lat' dir='ltr'><strong>Viri</strong></span> <span class='ocrx_word' id='word_1_107' title='bbox 801 1948 952 2040; x_wconf 83' lang='lat' dir='ltr'><strong>Galilaei,</strong></span> <span class='ocrx_word' id='word_1_108' title='bbox 970 1963 1040 2022; x_wconf 84' lang='lat' dir='ltr'><strong>etc.</strong></span> <span class='ocrx_word' id='word_1_109' title='bbox 1063 1978 1082 2016; x_wconf 80' lang='lat' dir='ltr'><strong>n</strong></span> <span class='ocrx_word' id='word_1_110' title='bbox 1101 1954 1128 2020; x_wconf 86' lang='grc' dir='ltr'><strong>Α</strong></span> <span class='ocrx_word' id='word_1_111' title='bbox 1148 1948 1279 2049; x_wconf 88' lang='lat' dir='ltr'><strong>quibus</strong></span> <span class='ocrx_word' id='word_1_112' title='bbox 1301 1950 1410 2023; x_wconf 89' lang='lat' dir='ltr'><strong>etiam</strong></span> <span class='ocrx_word' id='word_1_113' title='bbox 1432 1947 1566 2020; x_wconf 82' lang='lat' dir='ltr'><strong>caeteris</strong></span> <span class='ocrx_word' id='word_1_114' title='bbox 1586 1969 1658 2043; x_wconf 86' lang='lat' dir='ltr'><strong>prae</strong></span> <span class='ocrx_word' id='word_1_115' title='bbox 1674 1941 1912 2017; x_wconf 81' lang='lat' dir='ltr'><strong>admiratione</strong></span> <span class='ocrx_word' id='word_1_116' title='bbox 1928 1962 2020 2037; x_wconf 87' lang='lat' dir='ltr'><strong>quae·</strong></span> 
     </span>
     <span class='ocr_line' id='line_1_13' title="bbox 378 2061 2020 2168; baseline -0.005 -30"><span class='ocrx_word' id='word_1_117' title='bbox 378 2079 381 2088; x_wconf 87' lang='grc'><strong>“</strong></span> <span class='ocrx_word' id='word_1_118' title='bbox 434 2066 597 2142; x_wconf 85' lang='lat' dir='ltr'><strong>rentibus</strong></span> <span class='ocrx_word' id='word_1_119' title='bbox 612 2068 766 2164; x_wconf 82' lang='lat' dir='ltr'><strong>angelis⁸</strong></span> <span class='ocrx_word' id='word_1_120' title='bbox 778 2095 787 2139; x_wconf 75' lang='grc' dir='ltr'><strong><em>ι</em></strong></span> <span class='ocrx_word' id='word_1_121' title='bbox 801 2097 820 2137; x_wconf 93' lang='grc' dir='ltr'><strong>ιι</strong></span> <span class='ocrx_word' id='word_1_122' title='bbox 839 2069 928 2157; x_wconf 89' lang='lat' dir='ltr'><strong>Quis</strong></span> <span class='ocrx_word' id='word_1_123' title='bbox 941 2082 994 2142; x_wconf 89' lang='lat' dir='ltr'><strong>est</strong></span> <span class='ocrx_word' id='word_1_124' title='bbox 1005 2069 1071 2142; x_wconf 88' lang='lat' dir='ltr'><strong>iste</strong></span> <span class='ocrx_word' id='word_1_125' title='bbox 1084 2093 1147 2141; x_wconf 88' lang='lat' dir='ltr'><strong>rex</strong></span> <span class='ocrx_word' id='word_1_126' title='bbox 1163 2069 1303 2166; x_wconf 85' lang='lat' dir='ltr'><strong>gloriaei</strong></span> <span class='ocrx_word' id='word_1_127' title='bbox 1318 2097 1335 2138; x_wconf 83' lang='lat' dir='ltr'><strong>n</strong></span> <span class='ocrx_word' id='word_1_128' title='bbox 1351 2091 1566 2168; x_wconf 90' lang='lat' dir='ltr'><strong>responsum</strong></span> <span class='ocrx_word' id='word_1_129' title='bbox 1579 2065 1686 2137; x_wconf 74' lang='lat' dir='ltr'><strong>fixisse</strong></span> <span class='ocrx_word' id='word_1_130' title='bbox 1698 2061 1901 2138; x_wconf 85' lang='lat' dir='ltr'><strong>credimus:</strong></span> <span class='ocrx_word' id='word_1_131' title='bbox 1919 2089 1937 2128; x_wconf 95' lang='grc' dir='ltr'><strong>ιι</strong></span> <span class='ocrx_word' id='word_1_132' title='bbox 1948 2063 2020 2129; x_wconf 92' lang='lat' dir='ltr'><strong>Do·</strong></span> 
     </span>
     <span class='ocr_line' id='line_1_14' title="bbox 437 2180 2020 2289; baseline -0.008 -27"><span class='ocrx_word' id='word_1_133' title='bbox 437 2188 557 2262; x_wconf 89' lang='lat' dir='ltr'><strong>minus</strong></span> <span class='ocrx_word' id='word_1_134' title='bbox 569 2187 670 2260; x_wconf 89' lang='lat' dir='ltr'><strong>fortis</strong></span> <span class='ocrx_word' id='word_1_135' title='bbox 679 2203 717 2262; x_wconf 91' lang='lat' dir='ltr'><strong>et</strong></span> <span class='ocrx_word' id='word_1_136' title='bbox 731 2203 881 2288; x_wconf 89' lang='lat' dir='ltr'><strong>potens,</strong></span> <span class='ocrx_word' id='word_1_137' title='bbox 897 2191 1074 2262; x_wconf 89' lang='lat' dir='ltr'><strong>Dominus</strong></span> <span class='ocrx_word' id='word_1_138' title='bbox 1083 2204 1213 2288; x_wconf 89' lang='lat' dir='ltr'><strong>potens</strong></span> <span class='ocrx_word' id='word_1_139' title='bbox 1226 2191 1264 2263; x_wconf 91' lang='lat' dir='ltr'><strong>in</strong></span> <span class='ocrx_word' id='word_1_140' title='bbox 1277 2189 1412 2289; x_wconf 81' lang='lat' dir='ltr'><strong>praelio.</strong></span> <span class='ocrx_word' id='word_1_141' title='bbox 1428 2217 1446 2256; x_wconf 82' lang='lat' dir='ltr'><strong>n</strong></span> <span class='ocrx_word' id='word_1_142' title='bbox 1457 2193 1502 2260; x_wconf 89' lang='lat' dir='ltr'><strong>Et</strong></span> <span class='ocrx_word' id='word_1_143' title='bbox 1512 2210 1676 2260; x_wconf 88' lang='lat' dir='ltr'><strong>rursum:</strong></span> <span class='ocrx_word' id='word_1_144' title='bbox 1697 2213 1715 2254; x_wconf 91' lang='grc' dir='ltr'><strong>ιι</strong></span> <span class='ocrx_word' id='word_1_145' title='bbox 1727 2184 1904 2256; x_wconf 87' lang='lat' dir='ltr'><strong>Dominus</strong></span> <span class='ocrx_word' id='word_1_146' title='bbox 1911 2180 2020 2252; x_wconf 82' lang='lat' dir='ltr'><strong>virtu-</strong></span> 
     </span>
     <span class='ocr_line' id='line_1_15' title="bbox 435 2298 2021 2408; baseline -0.006 -29"><span class='ocrx_word' id='word_1_147' title='bbox 435 2324 515 2382; x_wconf 90' lang='lat' dir='ltr'><strong>tum</strong></span> <span class='ocrx_word' id='word_1_148' title='bbox 529 2308 606 2407; x_wconf 91' lang='lat' dir='ltr'><strong>ipse</strong></span> <span class='ocrx_word' id='word_1_149' title='bbox 623 2323 677 2380; x_wconf 90' lang='lat' dir='ltr'><strong>est</strong></span> <span class='ocrx_word' id='word_1_150' title='bbox 692 2333 754 2380; x_wconf 82' lang='lat' dir='ltr'><strong>rex</strong></span> <span class='ocrx_word' id='word_1_151' title='bbox 771 2307 902 2406; x_wconf 82' lang='lat' dir='ltr'><strong>gloriae.</strong></span> <span class='ocrx_word' id='word_1_152' title='bbox 920 2337 938 2377; x_wconf 70' lang='grc' dir='ltr'><strong>ιι</strong></span> <span class='ocrx_word' id='word_1_153' title='bbox 954 2314 1198 2408; x_wconf 88' lang='lat' dir='ltr'><strong>Utrorumque</strong></span> <span class='ocrx_word' id='word_1_154' title='bbox 1211 2335 1298 2383; x_wconf 91' lang='lat' dir='ltr'><strong>vero</strong></span> <span class='ocrx_word' id='word_1_155' title='bbox 1308 2308 1518 2407; x_wconf 90' lang='lat' dir='ltr'><strong>angelorum</strong></span> <span class='ocrx_word' id='word_1_156' title='bbox 1533 2307 1635 2405; x_wconf 86' lang='lat' dir='ltr'><strong>quasi</strong></span> <span class='ocrx_word' id='word_1_157' title='bbox 1648 2303 1806 2404; x_wconf 90' lang='lat' dir='ltr'><strong>quadam</strong></span> <span class='ocrx_word' id='word_1_158' title='bbox 1818 2298 2021 2400; x_wconf 89' lang='lat' dir='ltr'><strong>triumphali</strong></span> 
     </span>
     <span class='ocr_line' id='line_1_16' title="bbox 436 2423 2022 2531; baseline -0.006 -30"><span class='ocrx_word' id='word_1_159' title='bbox 436 2453 572 2528; x_wconf 90' lang='lat' dir='ltr'><strong>pompa</strong></span> <span class='ocrx_word' id='word_1_160' title='bbox 582 2427 759 2504; x_wconf 91' lang='lat' dir='ltr'><strong>deductus</strong></span> <span class='ocrx_word' id='word_1_161' title='bbox 769 2428 816 2504; x_wconf 91' lang='lat' dir='ltr'><strong>ad</strong></span> <span class='ocrx_word' id='word_1_162' title='bbox 826 2435 968 2504; x_wconf 91' lang='lat' dir='ltr'><strong>Patrem</strong></span> <span class='ocrx_word' id='word_1_163' title='bbox 980 2485 989 2520; x_wconf 97' lang='lat'><strong>,</strong></span> <span class='ocrx_word' id='word_1_164' title='bbox 1002 2429 1165 2504; x_wconf 86' lang='lat' dir='ltr'><strong>adextris</strong></span> <span class='ocrx_word' id='word_1_165' title='bbox 1181 2432 1256 2531; x_wconf 86' lang='lat' dir='ltr'><strong>ejus</strong></span> <span class='ocrx_word' id='word_1_166' title='bbox 1268 2431 1473 2505; x_wconf 89' lang='lat' dir='ltr'><strong>consedisse</strong></span> <span class='ocrx_word' id='word_1_167' title='bbox 1489 2430 1661 2501; x_wconf 91' lang='lat' dir='ltr'><strong>noscitur.</strong></span> <span class='ocrx_word' id='word_1_168' title='bbox 1676 2431 1721 2498; x_wconf 79' lang='lat' dir='ltr'><strong>At</strong></span> <span class='ocrx_word' id='word_1_169' title='bbox 1736 2450 1824 2499; x_wconf 84' lang='lat' dir='ltr'><strong>vero</strong></span> <span class='ocrx_word' id='word_1_170' title='bbox 1836 2425 1866 2496; x_wconf 94' lang='lat' dir='ltr'><strong>si</strong></span> <span class='ocrx_word' id='word_1_171' title='bbox 1877 2423 2022 2518; x_wconf 89' lang='lat' dir='ltr'><strong>diligen·</strong></span> 
     </span>
     <span class='ocr_line' id='line_1_17' title="bbox 437 2544 2019 2651; baseline -0.005 -30"><span class='ocrx_word' id='word_1_172' title='bbox 437 2565 491 2621; x_wconf 85' lang='lat' dir='ltr'><strong>ter</strong></span> <span class='ocrx_word' id='word_1_173' title='bbox 499 2547 602 2622; x_wconf 90' lang='lat' dir='ltr'><strong>illum</strong></span> <span class='ocrx_word' id='word_1_174' title='bbox 611 2563 698 2622; x_wconf 92' lang='lat' dir='ltr'><strong>tunc</strong></span> <span class='ocrx_word' id='word_1_175' title='bbox 713 2575 903 2624; x_wconf 91' lang='lat' dir='ltr'><strong>occursum</strong></span> <span class='ocrx_word' id='word_1_176' title='bbox 917 2549 1127 2648; x_wconf 87' lang='lat' dir='ltr'><strong>angelorum</strong></span> <span class='ocrx_word' id='word_1_177' title='bbox 1138 2607 1147 2642; x_wconf 95' lang='lat'><strong>,</strong></span> <span class='ocrx_word' id='word_1_178' title='bbox 1159 2567 1195 2624; x_wconf 91' lang='lat' dir='ltr'><strong>et</strong></span> <span class='ocrx_word' id='word_1_179' title='bbox 1203 2551 1458 2651; x_wconf 85' lang='lat' dir='ltr'><strong>triumphalem</strong></span> <span class='ocrx_word' id='word_1_180' title='bbox 1474 2571 1648 2649; x_wconf 88' lang='lat' dir='ltr'><strong>pompam</strong></span> <span class='ocrx_word' id='word_1_181' title='bbox 1659 2547 1801 2620; x_wconf 85' lang='lat' dir='ltr'><strong>Christo</strong></span> <span class='ocrx_word' id='word_1_182' title='bbox 1811 2544 2019 2628; x_wconf 89' lang='lat' dir='ltr'><strong>exhibitam,</strong></span> 
     </span>
     <span class='ocr_line' id='line_1_18' title="bbox 439 2667 2021 2774; baseline -0.003 -34"><span class='ocrx_word' id='word_1_183' title='bbox 439 2667 625 2742; x_wconf 87' lang='lat' dir='ltr'><strong>hodiernae</strong></span> <span class='ocrx_word' id='word_1_184' title='bbox 641 2670 838 2744; x_wconf 80' lang='lat' dir='ltr'><strong>festivitatis</strong></span> <span class='ocrx_word' id='word_1_185' title='bbox 852 2697 1104 2774; x_wconf 90' lang='lat' dir='ltr'><strong>comparemus</strong></span> <span class='ocrx_word' id='word_1_186' title='bbox 1115 2673 1348 2770; x_wconf 86' lang='lat' dir='ltr'><strong>jucunditati,</strong></span> <span class='ocrx_word' id='word_1_187' title='bbox 1367 2671 1570 2746; x_wconf 88' lang='lat' dir='ltr'><strong>videbimus</strong></span> <span class='ocrx_word' id='word_1_188' title='bbox 1586 2669 1667 2769; x_wconf 93' lang='lat' dir='ltr'><strong>plus</strong></span> <span class='ocrx_word' id='word_1_189' title='bbox 1682 2667 1817 2766; x_wconf 91' lang='lat' dir='ltr'><strong>aliquid</strong></span> <span class='ocrx_word' id='word_1_190' title='bbox 1838 2669 1876 2738; x_wconf 92' lang='lat' dir='ltr'><strong>in</strong></span> <span class='ocrx_word' id='word_1_191' title='bbox 1893 2688 2021 2739; x_wconf 91' lang='lat' dir='ltr'><strong>assum·</strong></span> 
     </span>
     <span class='ocr_line' id='line_1_19' title="bbox 435 2787 2021 2890; baseline -0.001 -31"><span class='ocrx_word' id='word_1_192' title='bbox 435 2787 560 2886; x_wconf 92' lang='lat' dir='ltr'><strong>ptione</strong></span> <span class='ocrx_word' id='word_1_193' title='bbox 575 2789 701 2862; x_wconf 92' lang='lat' dir='ltr'><strong>matris</strong></span> <span class='ocrx_word' id='word_1_194' title='bbox 715 2789 749 2862; x_wconf 92' lang='lat' dir='ltr'><strong>ei</strong></span> <span class='ocrx_word' id='word_1_195' title='bbox 764 2788 914 2883; x_wconf 79' lang='lat' dir='ltr'><strong>deferri,</strong></span> <span class='ocrx_word' id='word_1_196' title='bbox 936 2815 1047 2890; x_wconf 90' lang='lat' dir='ltr'><strong>quam</strong></span> <span class='ocrx_word' id='word_1_197' title='bbox 1062 2791 1100 2863; x_wconf 93' lang='lat' dir='ltr'><strong>in</strong></span> <span class='ocrx_word' id='word_1_198' title='bbox 1117 2793 1327 2865; x_wconf 88' lang='lat' dir='ltr'><strong>ascensione</strong></span> <span class='ocrx_word' id='word_1_199' title='bbox 1342 2792 1419 2864; x_wconf 90' lang='lat' dir='ltr'><strong>Filii</strong></span> <span class='ocrx_word' id='word_1_200' title='bbox 1435 2792 1504 2890; x_wconf 92' lang='lat' dir='ltr'><strong>ipsi</strong></span> <span class='ocrx_word' id='word_1_201' title='bbox 1519 2789 1696 2879; x_wconf 90' lang='lat' dir='ltr'><strong>exhiberi,</strong></span> <span class='ocrx_word' id='word_1_202' title='bbox 1711 2803 1747 2861; x_wconf 92' lang='lat' dir='ltr'><strong>et</strong></span> <span class='ocrx_word' id='word_1_203' title='bbox 1762 2788 1869 2884; x_wconf 91' lang='lat' dir='ltr'><strong>hujus</strong></span> <span class='ocrx_word' id='word_1_204' title='bbox 1883 2809 2021 2885; x_wconf 75' lang='lat' dir='ltr'><strong>pompae</strong></span> 
     </span>
     <span class='ocr_line' id='line_1_20' title="bbox 436 2905 2020 3011; baseline -0.003 -31"><span class='ocrx_word' id='word_1_205' title='bbox 436 2932 627 2982; x_wconf 89' lang='lat' dir='ltr'><strong>occursum</strong></span> <span class='ocrx_word' id='word_1_206' title='bbox 642 2909 706 2990; x_wconf 90' lang='lat' dir='ltr'><strong>illo</strong></span> <span class='ocrx_word' id='word_1_207' title='bbox 722 2933 798 2983; x_wconf 91' lang='lat' dir='ltr'><strong>non</strong></span> <span class='ocrx_word' id='word_1_208' title='bbox 814 2909 1045 2984; x_wconf 87' lang='lat' dir='ltr'><strong>mediocriter</strong></span> <span class='ocrx_word' id='word_1_209' title='bbox 1061 2911 1275 3010; x_wconf 87' lang='lat' dir='ltr'><strong>digniorem.</strong></span> <span class='ocrx_word' id='word_1_210' title='bbox 1295 2913 1370 2984; x_wconf 91' lang='lat' dir='ltr'><strong>Soli</strong></span> <span class='ocrx_word' id='word_1_211' title='bbox 1380 2912 1513 3011; x_wconf 90' lang='lat' dir='ltr'><strong>quippe</strong></span> <span class='ocrx_word' id='word_1_212' title='bbox 1529 2909 1646 3008; x_wconf 89' lang='lat' dir='ltr'><strong>angeli</strong></span> <span class='ocrx_word' id='word_1_213' title='bbox 1660 2908 1868 2982; x_wconf 85' lang='lat' dir='ltr'><strong>ascendenti</strong></span> <span class='ocrx_word' id='word_1_214' title='bbox 1884 2905 2020 2978; x_wconf 89' lang='lat' dir='ltr'><strong>Christo</strong></span> 
     </span>
     <span class='ocr_line' id='line_1_21' title="bbox 437 3027 2021 3132; baseline -0.003 -30"><span class='ocrx_word' id='word_1_215' title='bbox 437 3053 626 3105; x_wconf 89' lang='lat' dir='ltr'><strong>occurrere</strong></span> <span class='ocrx_word' id='word_1_216' title='bbox 641 3047 839 3130; x_wconf 89' lang='lat' dir='ltr'><strong>potuerunt</strong></span> <span class='ocrx_word' id='word_1_217' title='bbox 853 3059 862 3104; x_wconf 72' lang='grc' dir='ltr'><strong>ε</strong></span> <span class='ocrx_word' id='word_1_218' title='bbox 880 3031 957 3132; x_wconf 91' lang='lat' dir='ltr'><strong>ipse</strong></span> <span class='ocrx_word' id='word_1_219' title='bbox 973 3057 1060 3106; x_wconf 90' lang='lat' dir='ltr'><strong>vero</strong></span> <span class='ocrx_word' id='word_1_220' title='bbox 1076 3033 1210 3132; x_wconf 91' lang='lat' dir='ltr'><strong>pariter</strong></span> <span class='ocrx_word' id='word_1_221' title='bbox 1226 3058 1310 3105; x_wconf 91' lang='lat' dir='ltr'><strong>cum</strong></span> <span class='ocrx_word' id='word_1_222' title='bbox 1325 3049 1401 3107; x_wconf 90' lang='lat' dir='ltr'><strong>tota</strong></span> <span class='ocrx_word' id='word_1_223' title='bbox 1416 3056 1572 3131; x_wconf 87' lang='lat' dir='ltr'><strong>superna</strong></span> <span class='ocrx_word' id='word_1_224' title='bbox 1586 3032 1706 3121; x_wconf 89' lang='lat' dir='ltr'><strong>curia,</strong></span> <span class='ocrx_word' id='word_1_225' title='bbox 1725 3045 1800 3102; x_wconf 91' lang='lat' dir='ltr'><strong>tam</strong></span> <span class='ocrx_word' id='word_1_226' title='bbox 1816 3027 2021 3124; x_wconf 89' lang='lat' dir='ltr'><strong>angelorum</strong></span> 
     </span>
     <span class='ocr_line' id='line_1_22' title="bbox 436 3146 2022 3250; baseline 0.001 -31"><span class='ocrx_word' id='word_1_227' title='bbox 436 3172 546 3246; x_wconf 88' lang='lat' dir='ltr'><strong>quam</strong></span> <span class='ocrx_word' id='word_1_228' title='bbox 562 3146 940 3223; x_wconf 87' lang='lat' dir='ltr'><strong>fideliumanimarum</strong></span> <span class='ocrx_word' id='word_1_229' title='bbox 955 3152 1031 3248; x_wconf 91' lang='lat' dir='ltr'><strong>ejus</strong></span> <span class='ocrx_word' id='word_1_230' title='bbox 1046 3153 1206 3225; x_wconf 87' lang='lat' dir='ltr'><strong>animam</strong></span> <span class='ocrx_word' id='word_1_231' title='bbox 1220 3153 1398 3250; x_wconf 85' lang='lat' dir='ltr'><strong>suscepit,</strong></span> <span class='ocrx_word' id='word_1_232' title='bbox 1417 3153 1454 3225; x_wconf 94' lang='lat' dir='ltr'><strong>in</strong></span> <span class='ocrx_word' id='word_1_233' title='bbox 1472 3177 1544 3250; x_wconf 88' lang='lat' dir='ltr'><strong>qua</strong></span> <span class='ocrx_word' id='word_1_234' title='bbox 1559 3152 1634 3250; x_wconf 92' lang='lat' dir='ltr'><strong>ipse</strong></span> <span class='ocrx_word' id='word_1_235' title='bbox 1650 3165 1725 3223; x_wconf 83' lang='lat' dir='ltr'><strong>tam</strong></span> <span class='ocrx_word' id='word_1_236' title='bbox 1740 3149 1899 3223; x_wconf 91' lang='lat' dir='ltr'><strong>animam</strong></span> <span class='ocrx_word' id='word_1_237' title='bbox 1916 3171 2022 3244; x_wconf 85' lang='lat' dir='ltr'><strong>quam</strong></span> 
     </span>
     <span class='ocr_line' id='line_1_23' title="bbox 437 3267 2022 3370; baseline -0.001 -30"><span class='ocrx_word' id='word_1_238' title='bbox 437 3293 584 3344; x_wconf 89' lang='lat' dir='ltr'><strong>carnem</strong></span> <span class='ocrx_word' id='word_1_239' title='bbox 608 3285 715 3344; x_wconf 87' lang='lat' dir='ltr'><strong>antea</strong></span> <span class='ocrx_word' id='word_1_240' title='bbox 739 3286 956 3370; x_wconf 85' lang='lat' dir='ltr'><strong>susceperat.</strong></span> <span class='ocrx_word' id='word_1_241' title='bbox 981 3275 1054 3344; x_wconf 90' lang='lat' dir='ltr'><strong>Nec</strong></span> <span class='ocrx_word' id='word_1_242' title='bbox 1080 3273 1239 3345; x_wconf 86' lang='lat' dir='ltr'><strong>animam</strong></span> <span class='ocrx_word' id='word_1_243' title='bbox 1262 3272 1403 3365; x_wconf 92' lang='lat' dir='ltr'><strong>solum,</strong></span> <span class='ocrx_word' id='word_1_244' title='bbox 1429 3272 1682 3346; x_wconf 87' lang='lat' dir='ltr'><strong>verumetiam</strong></span> <span class='ocrx_word' id='word_1_245' title='bbox 1701 3293 1834 3370; x_wconf 88' lang='lat' dir='ltr'><strong>corpus</strong></span> <span class='ocrx_word' id='word_1_246' title='bbox 1854 3267 1901 3342; x_wconf 92' lang='lat' dir='ltr'><strong>ad</strong></span> <span class='ocrx_word' id='word_1_247' title='bbox 1917 3268 2022 3340; x_wconf 85' lang='lat' dir='ltr'><strong>caelos</strong></span> 
     </span>
     <span class='ocr_line' id='line_1_24' title="bbox 437 3390 2020 3492; baseline -0.001 -31"><span class='ocrx_word' id='word_1_248' title='bbox 437 3390 547 3462; x_wconf 92' lang='lat' dir='ltr'><strong>hodie</strong></span> <span class='ocrx_word' id='word_1_249' title='bbox 562 3391 744 3464; x_wconf 86' lang='lat' dir='ltr'><strong>sustulisse</strong></span> <span class='ocrx_word' id='word_1_250' title='bbox 762 3390 933 3482; x_wconf 89' lang='lat' dir='ltr'><strong>creditur,</strong></span> <span class='ocrx_word' id='word_1_251' title='bbox 951 3407 992 3464; x_wconf 91' lang='lat' dir='ltr'><strong>ut</strong></span> <span class='ocrx_word' id='word_1_252' title='bbox 1008 3394 1136 3465; x_wconf 86' lang='lat' dir='ltr'><strong>animae</strong></span> <span class='ocrx_word' id='word_1_253' title='bbox 1150 3391 1284 3492; x_wconf 80' lang='lat' dir='ltr'><strong>pariter</strong></span> <span class='ocrx_word' id='word_1_254' title='bbox 1301 3410 1338 3468; x_wconf 93' lang='lat' dir='ltr'><strong>et</strong></span> <span class='ocrx_word' id='word_1_255' title='bbox 1353 3395 1469 3467; x_wconf 91' lang='lat' dir='ltr'><strong>carnis</strong></span> <span class='ocrx_word' id='word_1_256' title='bbox 1486 3392 1744 3491; x_wconf 86' lang='lat' dir='ltr'><strong>glorificatione</strong></span> <span class='ocrx_word' id='word_1_257' title='bbox 1762 3415 1842 3463; x_wconf 89' lang='lat' dir='ltr'><strong>eam</strong></span> <span class='ocrx_word' id='word_1_258' title='bbox 1858 3413 2020 3461; x_wconf 90' lang='lat' dir='ltr'><strong>remune-</strong></span> 
     </span>
     <span class='ocr_line' id='line_1_25' title="bbox 410 3508 2021 3608; baseline -0.001 -27"><span class='ocrx_word' id='word_1_259' title='bbox 410 3525 549 3600; x_wconf 55' lang='lat' dir='ltr'><strong>mmet,</strong></span> <span class='ocrx_word' id='word_1_260' title='bbox 566 3510 711 3608; x_wconf 90' lang='lat' dir='ltr'><strong>inqua,</strong></span> <span class='ocrx_word' id='word_1_261' title='bbox 730 3524 771 3582; x_wconf 91' lang='lat' dir='ltr'><strong>ut</strong></span> <span class='ocrx_word' id='word_1_262' title='bbox 793 3508 1019 3602; x_wconf 91' lang='lat' dir='ltr'><strong>dictumest,</strong></span> <span class='ocrx_word' id='word_1_263' title='bbox 1042 3511 1148 3585; x_wconf 90' lang='lat' dir='ltr'><strong>simul</strong></span> <span class='ocrx_word' id='word_1_264' title='bbox 1170 3515 1329 3587; x_wconf 88' lang='lat' dir='ltr'><strong>animam</strong></span> <span class='ocrx_word' id='word_1_265' title='bbox 1348 3529 1383 3586; x_wconf 92' lang='lat' dir='ltr'><strong>et</strong></span> <span class='ocrx_word' id='word_1_266' title='bbox 1408 3539 1555 3588; x_wconf 91' lang='lat' dir='ltr'><strong>carnem</strong></span> <span class='ocrx_word' id='word_1_267' title='bbox 1574 3513 1734 3585; x_wconf 87' lang='lat' dir='ltr'><strong>decrevit</strong></span> <span class='ocrx_word' id='word_1_268' title='bbox 1753 3535 1946 3584; x_wconf 89' lang='lat' dir='ltr'><strong>assumere.</strong></span> <span class='ocrx_word' id='word_1_269' title='bbox 1961 3511 2021 3580; x_wconf 91' lang='lat' dir='ltr'><strong>Cui</strong></span> 
     </span>
     <span class='ocr_line' id='line_1_26' title="bbox 436 3628 2022 3733; baseline -0.001 -33"><span class='ocrx_word' id='word_1_270' title='bbox 436 3628 586 3726; x_wconf 89' lang='lat' dir='ltr'><strong>quidem</strong></span> <span class='ocrx_word' id='word_1_271' title='bbox 608 3629 662 3702; x_wconf 90' lang='lat' dir='ltr'><strong>rei</strong></span> <span class='ocrx_word' id='word_1_272' title='bbox 681 3628 878 3729; x_wconf 91' lang='lat' dir='ltr'><strong>plurimum</strong></span> <span class='ocrx_word' id='word_1_273' title='bbox 901 3645 1087 3705; x_wconf 89' lang='lat' dir='ltr'><strong>attestatur</strong></span> <span class='ocrx_word' id='word_1_274' title='bbox 1108 3632 1312 3732; x_wconf 90' lang='lat' dir='ltr'><strong>sepulcrum</strong></span> <span class='ocrx_word' id='word_1_275' title='bbox 1331 3656 1486 3708; x_wconf 86' lang='lat' dir='ltr'><strong>vacuum</strong></span> <span class='ocrx_word' id='word_1_276' title='bbox 1502 3635 1644 3733; x_wconf 89' lang='lat' dir='ltr'><strong>penitus</strong></span> <span class='ocrx_word' id='word_1_277' title='bbox 1666 3647 1867 3732; x_wconf 90' lang='lat' dir='ltr'><strong>repertum,</strong></span> <span class='ocrx_word' id='word_1_278' title='bbox 1885 3630 1976 3702; x_wconf 89' lang='lat' dir='ltr'><strong>sicut</strong></span> <span class='ocrx_word' id='word_1_279' title='bbox 1990 3644 2022 3700; x_wconf 90' lang='lat' dir='ltr'><strong>et</strong></span> 
     </span>
     <span class='ocr_line' id='line_1_27' title="bbox 438 3749 2023 3854; baseline -0.001 -30"><span class='ocrx_word' id='word_1_280' title='bbox 438 3764 544 3824; x_wconf 88' lang='lat' dir='ltr'><strong>antea</strong></span> <span class='ocrx_word' id='word_1_281' title='bbox 569 3749 683 3821; x_wconf 85' lang='lat' dir='ltr'><strong>luerat</strong></span> <span class='ocrx_word' id='word_1_282' title='bbox 708 3749 933 3824; x_wconf 87' lang='lat' dir='ltr'><strong>dominicum</strong></span> <span class='ocrx_word' id='word_1_283' title='bbox 952 3779 961 3824; x_wconf 78' lang='grc' dir='ltr'><strong><em>ε</em></strong></span> <span class='ocrx_word' id='word_1_284' title='bbox 980 3767 1021 3826; x_wconf 92' lang='lat' dir='ltr'><strong>ut</strong></span> <span class='ocrx_word' id='word_1_285' title='bbox 1045 3754 1121 3853; x_wconf 90' lang='lat' dir='ltr'><strong>ipsa</strong></span> <span class='ocrx_word' id='word_1_286' title='bbox 1150 3777 1295 3854; x_wconf 87' lang='lat' dir='ltr'><strong>quoque</strong></span> <span class='ocrx_word' id='word_1_287' title='bbox 1316 3755 1586 3828; x_wconf 87' lang='lat' dir='ltr'><strong>resurrectionis</strong></span> <span class='ocrx_word' id='word_1_288' title='bbox 1613 3753 1764 3850; x_wconf 90' lang='lat' dir='ltr'><strong>gloriam</strong></span> <span class='ocrx_word' id='word_1_289' title='bbox 1788 3766 1824 3824; x_wconf 91' lang='lat' dir='ltr'><strong>et</strong></span> <span class='ocrx_word' id='word_1_290' title='bbox 1847 3752 2023 3847; x_wconf 89' lang='lat' dir='ltr'><strong>geminam</strong></span> 
     </span>
     <span class='ocr_line' id='line_1_28' title="bbox 438 3869 2024 3974; baseline 0.001 -33"><span class='ocrx_word' id='word_1_291' title='bbox 438 3869 568 3942; x_wconf 91' lang='lat' dir='ltr'><strong>stolam</strong></span> <span class='ocrx_word' id='word_1_292' title='bbox 588 3869 719 3970; x_wconf 88' lang='lat' dir='ltr'><strong>adepta</strong></span> <span class='ocrx_word' id='word_1_293' title='bbox 742 3869 922 3962; x_wconf 88' lang='lat' dir='ltr'><strong>credatur,</strong></span> <span class='ocrx_word' id='word_1_294' title='bbox 948 3873 1040 3947; x_wconf 90' lang='lat' dir='ltr'><strong>sicut</strong></span> <span class='ocrx_word' id='word_1_295' title='bbox 1059 3874 1246 3948; x_wconf 78' lang='lat' dir='ltr'><strong>manifeste</strong></span> <span class='ocrx_word' id='word_1_296' title='bbox 1269 3876 1393 3948; x_wconf 81' lang='lat' dir='ltr'><strong>festiva</strong></span> <span class='ocrx_word' id='word_1_297' title='bbox 1412 3874 1519 3971; x_wconf 90' lang='lat' dir='ltr'><strong>hujus</strong></span> <span class='ocrx_word' id='word_1_298' title='bbox 1539 3874 1611 3946; x_wconf 93' lang='lat' dir='ltr'><strong>diei</strong></span> <span class='ocrx_word' id='word_1_299' title='bbox 1632 3874 1749 3946; x_wconf 89' lang='lat' dir='ltr'><strong>oratio</strong></span> <span class='ocrx_word' id='word_1_300' title='bbox 1772 3871 2024 3974; x_wconf 11' lang='lat' dir='ltr'><strong>continet‚qhis</strong></span> 
     </span>
     <span class='ocr_line' id='line_1_29' title="bbox 438 3989 2023 4092; baseline 0.005 -36"><span class='ocrx_word' id='word_1_301' title='bbox 438 3989 585 4063; x_wconf 89' lang='lat' dir='ltr'><strong>verbis:</strong></span> <span class='ocrx_word' id='word_1_302' title='bbox 612 4020 631 4060; x_wconf 93' lang='grc' dir='ltr'><strong>ιι</strong></span> <span class='ocrx_word' id='word_1_303' title='bbox 648 3995 688 4062; x_wconf 92' lang='lat' dir='ltr'><strong>ln</strong></span> <span class='ocrx_word' id='word_1_304' title='bbox 715 4015 790 4090; x_wconf 87' lang='lat' dir='ltr'><strong>qua</strong></span> <span class='ocrx_word' id='word_1_305' title='bbox 810 4007 934 4066; x_wconf 87' lang='lat' dir='ltr'><strong>sancta</strong></span> <span class='ocrx_word' id='word_1_306' title='bbox 957 3996 1023 4065; x_wconf 91' lang='lat' dir='ltr'><strong>Dei</strong></span> <span class='ocrx_word' id='word_1_307' title='bbox 1044 3995 1195 4091; x_wconf 79' lang='lat' dir='ltr'><strong>genitrix</strong></span> <span class='ocrx_word' id='word_1_308' title='bbox 1219 4011 1374 4068; x_wconf 90' lang='lat' dir='ltr'><strong>mortem</strong></span> <span class='ocrx_word' id='word_1_309' title='bbox 1398 3995 1508 4068; x_wconf 89' lang='lat' dir='ltr'><strong>subiit</strong></span> <span class='ocrx_word' id='word_1_310' title='bbox 1534 3992 1788 4092; x_wconf 87' lang='lat' dir='ltr'><strong>temporalem,</strong></span> <span class='ocrx_word' id='word_1_311' title='bbox 1814 4017 1881 4065; x_wconf 91' lang='lat' dir='ltr'><strong>nec</strong></span> <span class='ocrx_word' id='word_1_312' title='bbox 1906 4008 2023 4066; x_wconf 86' lang='lat' dir='ltr'><strong>tamen</strong></span> 
     </span>
     <span class='ocr_line' id='line_1_30' title="bbox 439 4109 2025 4212; baseline -0.001 -30"><span class='ocrx_word' id='word_1_313' title='bbox 439 4111 565 4182; x_wconf 91' lang='lat' dir='ltr'><strong>mortis</strong></span> <span class='ocrx_word' id='word_1_314' title='bbox 590 4109 740 4183; x_wconf 85' lang='lat' dir='ltr'><strong>nexibus</strong></span> <span class='ocrx_word' id='word_1_315' title='bbox 766 4109 920 4211; x_wconf 89' lang='lat' dir='ltr'><strong>deprimi</strong></span> <span class='ocrx_word' id='word_1_316' title='bbox 941 4113 1075 4210; x_wconf 91' lang='lat' dir='ltr'><strong>potuit,</strong></span> <span class='ocrx_word' id='word_1_317' title='bbox 1099 4128 1168 4186; x_wconf 92' lang='lat' dir='ltr'><strong>etc.</strong></span> <span class='ocrx_word' id='word_1_318' title='bbox 1195 4142 1213 4181; x_wconf 85' lang='lat' dir='ltr'><strong>n</strong></span> <span class='ocrx_word' id='word_1_319' title='bbox 1237 4117 1358 4202; x_wconf 87' lang='lat' dir='ltr'><strong>Quum</strong></span> <span class='ocrx_word' id='word_1_320' title='bbox 1382 4115 1480 4186; x_wconf 88' lang='lat' dir='ltr'><strong>enim</strong></span> <span class='ocrx_word' id='word_1_321' title='bbox 1500 4113 1722 4212; x_wconf 83' lang='lat' dir='ltr'><strong>praemissum</strong></span> <span class='ocrx_word' id='word_1_322' title='bbox 1742 4113 1804 4200; x_wconf 91' lang='lat' dir='ltr'><strong>sit,</strong></span> <span class='ocrx_word' id='word_1_323' title='bbox 1835 4140 1853 4179; x_wconf 91' lang='grc' dir='ltr'><strong>ιι</strong></span> <span class='ocrx_word' id='word_1_324' title='bbox 1872 4127 2025 4183; x_wconf 90' lang='lat' dir='ltr'><strong>mortem</strong></span> 
     </span>
     <span class='ocr_line' id='line_1_31' title="bbox 439 4228 2023 4332; baseline 0.001 -32"><span class='ocrx_word' id='word_1_325' title='bbox 439 4228 697 4332; x_wconf 86' lang='lat' dir='ltr'><strong>temporalem,</strong></span> <span class='ocrx_word' id='word_1_326' title='bbox 714 4258 733 4298; x_wconf 80' lang='lat' dir='ltr'><strong>n</strong></span> <span class='ocrx_word' id='word_1_327' title='bbox 751 4242 917 4328; x_wconf 88' lang='lat' dir='ltr'><strong>patenter</strong></span> <span class='ocrx_word' id='word_1_328' title='bbox 932 4231 1146 4322; x_wconf 90' lang='lat' dir='ltr'><strong>ostenditur,</strong></span> <span class='ocrx_word' id='word_1_329' title='bbox 1165 4232 1203 4304; x_wconf 91' lang='lat' dir='ltr'><strong>id</strong></span> <span class='ocrx_word' id='word_1_330' title='bbox 1219 4233 1319 4331; x_wconf 92' lang='lat' dir='ltr'><strong>quod</strong></span> <span class='ocrx_word' id='word_1_331' title='bbox 1335 4233 1565 4330; x_wconf 88' lang='lat' dir='ltr'><strong>subjunctum</strong></span> <span class='ocrx_word' id='word_1_332' title='bbox 1582 4246 1636 4305; x_wconf 89' lang='lat' dir='ltr'><strong>est</strong></span> <span class='ocrx_word' id='word_1_333' title='bbox 1651 4230 1697 4304; x_wconf 90' lang='lat' dir='ltr'><strong>de</strong></span> <span class='ocrx_word' id='word_1_334' title='bbox 1713 4230 1865 4303; x_wconf 83' lang='lat' dir='ltr'><strong>vinculis</strong></span> <span class='ocrx_word' id='word_1_335' title='bbox 1881 4230 2023 4316; x_wconf 84' lang='lat' dir='ltr'><strong>mortis,</strong></span> 
     </span>
     <span class='ocr_line' id='line_1_32' title="bbox 439 4347 2028 4446; baseline 0 -26"><span class='ocrx_word' id='word_1_336' title='bbox 439 4348 486 4420; x_wconf 90' lang='lat' dir='ltr'><strong>ad</strong></span> <span class='ocrx_word' id='word_1_337' title='bbox 500 4364 655 4420; x_wconf 90' lang='lat' dir='ltr'><strong>mortem</strong></span> <span class='ocrx_word' id='word_1_338' title='bbox 671 4347 771 4421; x_wconf 85' lang='lat' dir='ltr'><strong>illam</strong></span> <span class='ocrx_word' id='word_1_339' title='bbox 785 4351 903 4423; x_wconf 89' lang='lat' dir='ltr'><strong>carnis</strong></span> <span class='ocrx_word' id='word_1_340' title='bbox 919 4351 1146 4424; x_wconf 83' lang='lat' dir='ltr'><strong>referendum</strong></span> <span class='ocrx_word' id='word_1_341' title='bbox 1161 4373 1256 4444; x_wconf 92' lang='lat' dir='ltr'><strong>esse,</strong></span> <span class='ocrx_word' id='word_1_342' title='bbox 1274 4377 1350 4425; x_wconf 89' lang='lat' dir='ltr'><strong>non</strong></span> <span class='ocrx_word' id='word_1_343' title='bbox 1367 4352 1413 4426; x_wconf 93' lang='lat' dir='ltr'><strong>ad</strong></span> <span class='ocrx_word' id='word_1_344' title='bbox 1430 4367 1585 4425; x_wconf 90' lang='lat' dir='ltr'><strong>mortem</strong></span> <span class='ocrx_word' id='word_1_345' title='bbox 1601 4352 1745 4440; x_wconf 80' lang='lat' dir='ltr'><strong>animae,</strong></span> <span class='ocrx_word' id='word_1_346' title='bbox 1763 4351 1865 4446; x_wconf 88' lang='lat' dir='ltr'><strong>cujus</strong></span> <span class='ocrx_word' id='word_1_347' title='bbox 1878 4348 2028 4423; x_wconf 87' lang='lat' dir='ltr'><strong>vinculis</strong></span> 
     </span>
     <span class='ocr_line' id='line_1_33' title="bbox 439 4468 2028 4571; baseline -0.001 -29"><span class='ocrx_word' id='word_1_348' title='bbox 439 4494 515 4542; x_wconf 93' lang='lat' dir='ltr'><strong>non</strong></span> <span class='ocrx_word' id='word_1_349' title='bbox 533 4468 686 4540; x_wconf 87' lang='lat' dir='ltr'><strong>detineri</strong></span> <span class='ocrx_word' id='word_1_350' title='bbox 701 4493 896 4543; x_wconf 88' lang='lat' dir='ltr'><strong>commune</strong></span> <span class='ocrx_word' id='word_1_351' title='bbox 907 4487 960 4545; x_wconf 92' lang='lat' dir='ltr'><strong>est</strong></span> <span class='ocrx_word' id='word_1_352' title='bbox 975 4471 1144 4544; x_wconf 89' lang='lat' dir='ltr'><strong>omnibus</strong></span> <span class='ocrx_word' id='word_1_353' title='bbox 1155 4473 1288 4545; x_wconf 91' lang='lat' dir='ltr'><strong>electis.</strong></span> <span class='ocrx_word' id='word_1_354' title='bbox 1308 4472 1416 4561; x_wconf 91' lang='lat' dir='ltr'><strong>Quod</strong></span> <span class='ocrx_word' id='word_1_355' title='bbox 1433 4473 1620 4571; x_wconf 87' lang='lat' dir='ltr'><strong>diligenter</strong></span> <span class='ocrx_word' id='word_1_356' title='bbox 1634 4471 1761 4544; x_wconf 91' lang='lat' dir='ltr'><strong>beatus</strong></span> <span class='ocrx_word' id='word_1_357' title='bbox 1776 4495 1923 4569; x_wconf 88' lang='lat' dir='ltr'><strong>quoque</strong></span> <span class='ocrx_word' id='word_1_358' title='bbox 1939 4475 2028 4543; x_wconf 88' lang='lat' dir='ltr'><strong>Gre-</strong></span> 
     </span>
     <span class='ocr_line' id='line_1_34' title="bbox 440 4589 2030 4690; baseline 0 -30"><span class='ocrx_word' id='word_1_359' title='bbox 440 4589 561 4686; x_wconf 91' lang='lat' dir='ltr'><strong>gorius</strong></span> <span class='ocrx_word' id='word_1_360' title='bbox 584 4589 801 4662; x_wconf 88' lang='lat' dir='ltr'><strong>Turonensis</strong></span> <span class='ocrx_word' id='word_1_361' title='bbox 822 4589 1011 4664; x_wconf 88' lang='lat' dir='ltr'><strong>attendens</strong></span> <span class='ocrx_word' id='word_1_362' title='bbox 1034 4616 1149 4688; x_wconf 90' lang='lat' dir='ltr'><strong>quum</strong></span> <span class='ocrx_word' id='word_1_363' title='bbox 1168 4591 1214 4664; x_wconf 94' lang='lat' dir='ltr'><strong>de</strong></span> <span class='ocrx_word' id='word_1_364' title='bbox 1236 4593 1388 4665; x_wconf 89' lang='lat' dir='ltr'><strong>transitu</strong></span> <span class='ocrx_word' id='word_1_365' title='bbox 1408 4594 1484 4690; x_wconf 86' lang='lat' dir='ltr'><strong>ejus</strong></span> <span class='ocrx_word' id='word_1_366' title='bbox 1509 4590 1700 4678; x_wconf 82' lang='lat' dir='ltr'><strong>scriberet,</strong></span> <span class='ocrx_word' id='word_1_367' title='bbox 1721 4605 1869 4662; x_wconf 68' lang='lat' dir='ltr'><strong>maturae</strong></span> <span class='ocrx_word' id='word_1_368' title='bbox 1882 4612 2030 4688; x_wconf 86' lang='lat' dir='ltr'><strong>quoque</strong></span> 
     </span>
     <span class='ocr_line' id='line_1_35' title="bbox 441 4693 2028 4806; baseline -0.001 -26"><span class='ocrx_word' id='word_1_369' title='bbox 441 4708 710 4790; x_wconf 76' lang='lat' dir='ltr'><strong>resurrectionis</strong></span> <span class='ocrx_word' id='word_1_370' title='bbox 737 4710 813 4806; x_wconf 90' lang='lat' dir='ltr'><strong>ejus</strong></span> <span class='ocrx_word' id='word_1_371' title='bbox 837 4707 989 4806; x_wconf 91' lang='lat' dir='ltr'><strong>gloriam</strong></span> <span class='ocrx_word' id='word_1_372' title='bbox 1012 4733 1169 4783; x_wconf 89' lang='lat' dir='ltr'><strong>asserere</strong></span> <span class='ocrx_word' id='word_1_373' title='bbox 1193 4735 1270 4790; x_wconf 88' lang='lat' dir='ltr'><strong>non</strong></span> <span class='ocrx_word' id='word_1_374' title='bbox 1291 4710 1481 4784; x_wconf 83' lang='lat' dir='ltr'><strong>dubitavit.</strong></span> <span class='ocrx_word' id='word_1_375' title='bbox 1512 4693 1614 4783; x_wconf 90' lang='lat' dir='ltr'><strong>Unde</strong></span> <span class='ocrx_word' id='word_1_376' title='bbox 1631 4711 1890 4782; x_wconf 82' lang='lat' dir='ltr'><strong>Mr&#39;raculorum</strong></span> <span class='ocrx_word' id='word_1_377' title='bbox 1909 4709 1969 4782; x_wconf 92' lang='lat' dir='ltr'><strong>lib.</strong></span> <span class='ocrx_word' id='word_1_378' title='bbox 1990 4714 2028 4796; x_wconf 89' lang='lat'><strong>1,</strong></span> 
     </span>
     <span class='ocr_line' id='line_1_36' title="bbox 442 4829 2032 4932; baseline 0.004 -34"><span class='ocrx_word' id='word_1_379' title='bbox 442 4851 521 4925; x_wconf 88' lang='lat' dir='ltr'><strong>cap.</strong></span> <span class='ocrx_word' id='word_1_380' title='bbox 541 4851 592 4918; x_wconf 77' lang='lat' dir='ltr'><strong>ru,</strong></span> <span class='ocrx_word' id='word_1_381' title='bbox 619 4829 669 4901; x_wconf 90' lang='lat' dir='ltr'><strong>ita</strong></span> <span class='ocrx_word' id='word_1_382' title='bbox 694 4829 882 4902; x_wconf 88' lang='lat' dir='ltr'><strong>meminit:</strong></span> <span class='ocrx_word' id='word_1_383' title='bbox 904 4859 922 4900; x_wconf 91' lang='grc' dir='ltr'><strong>ιι</strong></span> <span class='ocrx_word' id='word_1_384' title='bbox 942 4835 1026 4904; x_wconf 90' lang='lat' dir='ltr'><strong>Post</strong></span> <span class='ocrx_word' id='word_1_385' title='bbox 1052 4832 1242 4905; x_wconf 89' lang='lat' dir='ltr'><strong>dominicae</strong></span> <span class='ocrx_word' id='word_1_386' title='bbox 1261 4834 1480 4906; x_wconf 88' lang='lat' dir='ltr'><strong>ascensionis</strong></span> <span class='ocrx_word' id='word_1_387' title='bbox 1505 4833 1676 4932; x_wconf 90' lang='lat' dir='ltr'><strong>gloriam,</strong></span> <span class='ocrx_word' id='word_1_388' title='bbox 1705 4832 1859 4932; x_wconf 90' lang='lat' dir='ltr'><strong>apostoli</strong></span> <span class='ocrx_word' id='word_1_389' title='bbox 1881 4834 2032 4905; x_wconf 88' lang='lat' dir='ltr'><strong>Domini</strong></span> 
     </span>
     <span class='ocr_line' id='line_1_37' title="bbox 442 4949 2033 5058; baseline 0.005 -40"><span class='ocrx_word' id='word_1_390' title='bbox 442 4974 528 5058; x_wconf 0' lang='lat' dir='ltr'><strong>cum,</strong></span> <span class='ocrx_word' id='word_1_391' title='bbox 550 4949 656 5022; x_wconf 88' lang='lat' dir='ltr'><strong>beata</strong></span> <span class='ocrx_word' id='word_1_392' title='bbox 674 4949 787 5025; x_wconf 87' lang='lat' dir='ltr'><strong>Maria</strong></span> <span class='ocrx_word' id='word_1_393' title='bbox 810 4965 924 5027; x_wconf 89' lang='lat' dir='ltr'><strong>matre</strong></span> <span class='ocrx_word' id='word_1_394' title='bbox 944 4953 1020 5048; x_wconf 88' lang='lat' dir='ltr'><strong>ejus</strong></span> <span class='ocrx_word' id='word_1_395' title='bbox 1040 4954 1078 5025; x_wconf 91' lang='lat' dir='ltr'><strong>in</strong></span> <span class='ocrx_word' id='word_1_396' title='bbox 1101 4977 1210 5026; x_wconf 90' lang='lat' dir='ltr'><strong>unam</strong></span> <span class='ocrx_word' id='word_1_397' title='bbox 1231 4956 1437 5051; x_wconf 88' lang='lat' dir='ltr'><strong>congregati</strong></span> <span class='ocrx_word' id='word_1_398' title='bbox 1456 4954 1625 5047; x_wconf 89' lang='lat' dir='ltr'><strong>domum,</strong></span> <span class='ocrx_word' id='word_1_399' title='bbox 1650 4956 1772 5029; x_wconf 87' lang='lat' dir='ltr'><strong>omnia</strong></span> <span class='ocrx_word' id='word_1_400' title='bbox 1788 4955 1969 5054; x_wconf 88' lang='lat' dir='ltr'><strong>ponebant</strong></span> <span class='ocrx_word' id='word_1_401' title='bbox 1988 4955 2033 5026; x_wconf 88' lang='lat' dir='ltr'><strong>in</strong></span> 
     </span>
    </p>
   </div>
   <div class='ocr_carea' id='block_1_3' title="bbox 478 5214 1399 5288">
    <p class='ocr_par' dir='ltr' id='par_1_3' title="bbox 478 5214 1399 5288">
     <span class='ocr_line' id='line_1_38' title="bbox 478 5214 1399 5288; baseline 0.011 -23"><span class='ocrx_word' id='word_1_402' title='bbox 478 5214 485 5241; x_wconf 86' lang='lat'><strong>¹</strong></span> <span class='ocrx_word' id='word_1_403' title='bbox 504 5215 643 5266; x_wconf 62' lang='lat' dir='ltr'><strong>[nomine.</strong></span> <span class='ocrx_word' id='word_1_404' title='bbox 654 5241 684 5253; x_wconf 88' lang='lat'>-</span> <span class='ocrx_word' id='word_1_405' title='bbox 694 5215 705 5244; x_wconf 90' lang='lat'><strong>¹</strong></span> <span class='ocrx_word' id='word_1_406' title='bbox 716 5218 771 5271; x_wconf 75' lang='lat' dir='ltr'><strong>let.</strong></span> <span class='ocrx_word' id='word_1_407' title='bbox 780 5219 876 5283; x_wconf 65' lang='lat' dir='ltr'><strong>apost„</strong></span> <span class='ocrx_word' id='word_1_408' title='bbox 887 5235 943 5288; x_wconf 80' lang='lat' dir='ltr'><strong>cap.</strong></span> <span class='ocrx_word' id='word_1_409' title='bbox 957 5237 980 5285; x_wconf 88' lang='grc' dir='ltr'><strong>ι,</strong></span> <span class='ocrx_word' id='word_1_410' title='bbox 991 5236 1015 5274; x_wconf 86' lang='lat' dir='ltr'><strong>r.</strong></span> <span class='ocrx_word' id='word_1_411' title='bbox 1032 5225 1072 5275; x_wconf 87' lang='lat' dir='ltr'><strong>tl.</strong></span> <span class='ocrx_word' id='word_1_412' title='bbox 1081 5246 1112 5261; x_wconf 89' lang='lat'><em>-</em></span> <span class='ocrx_word' id='word_1_413' title='bbox 1124 5219 1135 5249; x_wconf 82' lang='lat'>⁸</span> <span class='ocrx_word' id='word_1_414' title='bbox 1147 5220 1238 5275; x_wconf 74' lang='lat' dir='ltr'><strong>unta.</strong></span> <span class='ocrx_word' id='word_1_415' title='bbox 1247 5235 1324 5287; x_wconf 81' lang='lat' dir='ltr'><strong>mu,</strong></span> <span class='ocrx_word' id='word_1_416' title='bbox 1336 5239 1362 5276; x_wconf 82' lang='lat' dir='ltr'><strong>r.</strong></span> <span class='ocrx_word' id='word_1_417' title='bbox 1373 5223 1399 5275; x_wconf 83' lang='lat'><strong>8.</strong></span> 
     </span>
    </p>
   </div>
   <div class='ocr_carea' id='block_1_4' title="bbox 0 0 2269 6100">
    <p class='ocr_par' dir='ltr' id='par_1_4' title="bbox 0 0 2269 6100">
     <span class='ocr_line' id='line_1_39' title="bbox 0 0 2269 6100; baseline 0 0"><span class='ocrx_word' id='word_1_418' title='bbox 0 0 2269 6100; x_wconf 95' lang='lat' dir='ltr'><strong> </strong></span> 
     </span>
    </p>
   </div>
  </div>
 </body>
</html>
