4522 6104
954 646 1190 720 ΑΡΡΕΝΒΙΧ1
1792 635 1862 708 725

286 787 441 864 Ecclesiae
459 791 644 887 presbyteri
662 788 841 862 cardinalis
853 805 888 861 et
903 789 1105 881 cancellarii,
1121 815 1174 862 vn
1193 787 1255 860 cal.
1276 781 1449 875 februarii,
1470 784 1541 854 ind.
1563 809 1603 873 u,
1621 778 1863 852 incarnationis

286 913 475 982 Dominicae
487 935 577 981 anno
590 934 726 999 unuin,
747 909 962 1006 pontificatus
979 935 1059 980 vero
1077 909 1207 980 domini
1226 908 1391 978 Anastasii
1404 907 1454 974 IV
1470 929 1623 1000 papae...

1039 1131 1118 1199 VII.

338 1316 505 1386 Adrianus
519 1317 706 1412 episcopus,
725 1341 840 1388 servus
851 1340 1024 1386 servorum
1040 1315 1123 1405 Dei,
1140 1313 1269 1386 dilectis
1283 1315 1317 1384 in
1335 1315 1470 1384 Christo
1487 1310 1618 1382 filiabus
1634 1309 1793 1380 Heloissae
1807 1307 1864 1376 ab·

290 1435 431 1522 batissae,
444 1435 638 1531 caeterisque
647 1435 684 1504 in
693 1435 843 1505 oratorio
853 1435 967 1505 Sancti
979 1434 1137 1529 spiritua,
1150 1432 1242 1528 quod
1252 1435 1288 1503 in
1299 1459 1384 1529 pago
1391 1433 1546 1502 Trecensi
1558 1431 1659 1501 situm
1669 1445 1730 1517 est,
1744 1425 1859 1497 divino

291 1551 464 1624 famulatui
488 1554 702 1648 mancipatis,
721 1569 786 1625 etc.
803 1551 861 1650 [ut
874 1555 913 1624 iu
924 1555 1103 1650 superiori
1112 1555 1265 1651 Eugeuii
1274 1550 1418 1650 Epist}
1436 1555 1525 1622 Loca
1539 1576 1621 1620 vero
1633 1550 1674 1619 de
1687 1549 1864 1636 Pomario,

290 1671 498 1768 Triagnello,
521 1673 693 1763 Leavalle,
718 1673 878 1765 Neforto,
900 1675 1014 1744 Sancti
1035 1673 1172 1761 Flaviti,
1199 1673 1483 1769 quemadmodum
1504 1671 1600 1743 vobis
1623 1668 1868 1741 rationabiliter

292 1816 445 1862 concessa
462 1807 560 1882 sunt,
578 1793 778 1864 auctoritate
794 1793 890 1864 vobis
911 1790 1093 1888 apostoliea
1112 1791 1370 1881 confirmamus,
1387 1807 1452 1861 etc.
1477 1793 1604 1861 Datum
1619 1791 1790 1876 Laterani,
1806 1812 1867 1882 per

291 1933 428 1980 manum
447 1909 578 1980 Alberti
599 1911 704 1983 sancti
721 1910 863 1982 Adriani
882 1911 1016 1982 diaconi
1027 1910 1218 1996 cardinalis,
1234 1912 1341 1982 vicem
1354 1910 1484 1981 domini
1500 1908 1658 1980 Rollandi
1677 1922 1798 1978 sanetae
1815 1931 1869 1975 ro·

292 2055 398 2100 menae
416 2029 569 2102 Ecclesiae
587 2032 773 2127 presbyteri
788 2031 967 2104 cardinalis
978 2047 1012 2102 et
1029 2031 1218 2103 cancellarii
1235 2032 1398 2128 gerentis,
1413 2031 1474 2102 cal.
1497 2029 1697 2118 decembris,
1719 2027 1790 2097 ind.
1811 2051 1864 2114 ιιι,

293 2149 532 2222 incarnationis
551 2153 740 2223 Dominieae
762 2179 853 2224 anno
873 2177 1019 2242 ucnvn,
1045 2152 1261 2248 pontificatus
1282 2177 1363 2222 vero
1383 2148 1512 2221 domini
1531 2148 1672 2220 Adriani
1692 2173 1786 2244 papae
1802 2149 1864 2235 IV,

293 2295 383 2342 anno
402 2295 458 2341 ιιι.

1032 2420 1129 2488 Vlll.

342 2603 509 2674 Adrianus
525 2606 713 2699 episcopus,
730 2630 842 2676 servus
859 2626 1031 2676 servorum
1048 2607 1126 2693 Dei,
1139 2602 1269 2675 dilectis
1286 2605 1321 2672 in
1340 2605 1475 2674 Christo
1491 2603 1623 2672 filiabus
1640 2585 1800 2671 Heloissae
1813 2601 1872 2669 ab·

294 2723 442 2811 batissae,
465 2724 657 2818 ceterisque
679 2725 851 2794 sororibus
874 2723 1047 2812 Paracliti,
1069 2722 1209 2793 salutem
1230 2738 1265 2792 et
1284 2721 1502 2817 apostolicam
1521 2719 1803 2790 benedictionem.
1829 2721 1874 2787 Et

296 2843 437 2935 injuncti
450 2844 547 2914 nobis
559 2869 579 2914 a
590 2846 664 2914 Deo
681 2843 886 2943 apostolatus
902 2843 1051 2914 officium
1066 2870 1127 2913 nos
1148 2841 1301 2938 impellit,
1317 2859 1350 2912 et
1367 2844 1465 2911 bonae
1480 2856 1598 2912 vestrae
1610 2839 1873 2911 conversationis

296 2961 381 3029 odor
389 2961 545 3030 hortatur
556 2962 654 3055 justis
671 2960 952 3055 postulationibus
964 2962 1083 3032 vestris
1098 2961 1281 3056 benignum
1295 2961 1461 3055 impertiri
1473 2984 1686 3044 consensum,
1699 2974 1733 3027 et
1745 2982 1818 3052 quae
1830 2958 1872 3028 ad

295 3079 473 3148 utilitatem
486 3095 518 3150 et
531 3079 678 3174 quietem
690 3096 833 3150 vestram
849 3079 1020 3174 pertinent
1037 3077 1155 3149 libenti
1170 3080 1283 3150 animo
1298 3078 1494 3174 adimplere.
1511 3081 1561 3148 Ea
1577 3093 1729 3173 propter,
1745 3076 1874 3146 dilecte

295 3201 331 3268 in
347 3201 497 3270 Domino
511 3199 606 3289 liliae,
627 3198 799 3270 laboribus
814 3201 932 3270 vestris
949 3199 1127 3294 providere
1138 3199 1303 3288 volentes,
1323 3198 1506 3294 sepeliendi
1526 3198 1614 3292 apud
1633 3198 1800 3269 abbatiam
1819 3221 1875 3268 ve·

296 3333 397 3386 stram
415 3297 486 3388 tum
501 3318 621 3389 iratres
637 3333 764 3388 vestros
776 3319 953 3413 proprium
974 3344 1043 3388 non
1063 3320 1237 3406 habentes,
1256 3317 1395 3389 liberam
1412 3319 1522 3406 vobis,
1536 3335 1570 3388 et
1582 3320 1622 3388 iis
1635 3343 1710 3412 quae
1727 3332 1804 3413 post
1817 3343 1875 3388 vos

295 3439 531 3526 successerint,
554 3437 722 3508 licentiam
739 3439 937 3508 auctoritate
959 3438 1141 3533 apostolica
1157 3437 1381 3534 indulgemus.
1402 3437 1493 3508 Nulli
1511 3463 1592 3533 ergo
1608 3438 1749 3507 omnino
1767 3438 1875 3505 homi-

297 3581 378 3626 num
395 3556 492 3628 liceat
507 3559 595 3626 hanc
612 3557 769 3652 paginam
783 3571 905 3628 nostrae
916 3558 1167 3628 constitutionis
1186 3557 1382 3652 infringere,
1396 3554 1448 3626 vel
1463 3557 1493 3626 ei
1507 3570 1590 3628 aus'u
1605 3557 1786 3626 temerario
1798 3581 1876 3625 con·

297 3689 349 3744 tra
358 3674 419 3743 ire.
432 3675 468 3742 Si
482 3675 557 3768 quis
569 3690 682 3745 autem
696 3677 761 3745 hoc
776 3690 975 3770 attemptare
985 3676 1247 3768 presumpserit,
1260 3666 1526 3769 indignationem
1539 3676 1780 3770 omnipotentis
1792 3676 1870 3755 Dei,

298 3807 331 3860 et
349 3791 524 3862 beatorum
545 3793 637 3862 Petri
660 3808 694 3864 et
716 3792 810 3864 Pauli
833 3791 1062 3887 apostolorum
1079 3793 1149 3884 ejus
1166 3817 1201 3861 se
1223 3794 1354 3862 noverit
1377 3795 1602 3862 incursurum.
1626 3795 1752 3862 Datum
1770 3795 1874 3862 Bene·

298 3911 402 3999 venti,
421 3911 468 3981 id.
484 3909 655 3981 febnrarii.

1054 4058 1116 4125 lx.

346 4243 513 4314 Adrianus
529 4245 717 4340 episcopus,
732 4272 845 4318 servus
860 4273 1033 4319 servorum
1047 4251 1125 4337 Dei,
1145 4246 1274 4318 dilectis
1284 4250 1319 4318 in
1332 4251 1467 4320 Christo
1478 4248 1623 4338 filiabus,
1640 4247 1798 4318 Heloissae
1812 4249 1869 4316 ab·

298 4361 428 4431 batissae
444 4366 636 4433 monasterii
655 4365 696 4434 de
708 4364 874 4438 Paraelito
887 4369 1022 4462 ejusque
1035 4368 1220 4456 sororibus,
1235 4367 1375 4439 salutem
1388 4385 1422 4438 et
1432 4367 1650 4463 apostolicam
1668 4367 1873 4438 benedictio·

299 4505 389 4550 nem.
409 4483 576 4570 Quotiens
594 4483 755 4580 religiosae
772 4512 921 4583 personae
940 4488 1067 4558 anobis
1085 4488 1162 4558 talia
1181 4489 1369 4584 postulant,
1388 4515 1461 4585 quae
1474 4489 1644 4559 arationis
1659 4491 1792 4560 tramite
1806 4513 1876 4558 non

298 4601 504 4692 discordent,
515 4605 558 4673 ad
570 4607 823 4677 concedendum
835 4608 925 4703 quod
937 4610 1063 4702 petitur
1074 4635 1144 4679 non
1157 4609 1317 4680 debemus
1328 4609 1481 4681 difficiles
1490 4610 1647 4680 inveniri.
1658 4611 1706 4680 Ea
1718 4626 1870 4704 propter,

298 4718 428 4789 dilectae
445 4721 481 4790 iu
500 4724 649 4794 Domino
664 4723 752 4814 filiae,
767 4728 884 4796 vestris
897 4727 996 4819 justis
1013 4726 1293 4821 postulationibus
1305 4742 1437 4823 gratum
1449 4728 1678 4821 impertientes
1689 4751 1871 4817 assensum,

297 4839 497 4909 auctoritate
514 4842 608 4911 vobis
626 4844 809 4936 apostolica
825 4845 1056 4934 concedimus,
1076 4863 1114 4916 ut
1129 4870 1186 4916 eos
1205 4849 1263 4942 qui
1285 4846 1327 4915 de
1346 4845 1558 4916 facultatibus
1571 4848 1638 4916 suis
1653 4845 1808 4916 Ecclesia
1824 4872 1877 4918 ve·

298 4971 376 5025 strae
392 4975 486 5054 grata
502 4961 682 5032 conferunt
695 4962 1005 5054 solatiacharitatis,
1020 4967 1047 5034 si
1060 4965 1146 5035 sorte
1159 4991 1228 5035 non
1241 4967 1382 5061 proprio
1401 4983 1508 5054 reatu,
1520 4965 1578 5035 sed
1596 4989 1659 5058 pro
1674 4963 1789 5037 alienis
1799 4983 1877 5036 sunt

296 5078 486 5148 excessibus
502 5079 686 5170 interdicti,
701 5081 799 5152 liceat
815 5083 911 5154 vobis
925 5085 968 5153 ad
985 5084 1190 5180 sepulturam
1208 5086 1369 5179 recipere,
1385 5101 1418 5154 et
1432 5085 1522 5179 ipsos
1540 5085 1576 5154 in
1589 5083 1756 5156 cimiterio
1767 5100 1877 5154 vestro

293 5220 377 5266 curn
394 5196 467 5268 aliis
480 5197 636 5271 fidelibus
652 5201 829 5274 tumulare.
850 5205 976 5274 Datum
992 5206 1163 5295 laterani,
1183 5228 1236 5275 vu
1253 5203 1316 5275 cal.
1336 5203 1534 5275 decembris.
