4510 6108
438 610 511 682 462
1036 603 1164 674 PE'l'Rl
1191 604 1427 678 tumulant

437 745 547 821 veluti
565 771 678 844 quum
694 742 792 840 quod
811 742 960 815 mortale
977 760 1053 814 erat
1072 743 1112 814 fir
1135 744 1353 836 immortale,
1374 762 1409 820 et
1430 745 1528 846 quod
1553 733 1784 846 corruptibile
1806 763 1841 821 et
1863 748 2024 848 passibile

438 875 511 944 sive
528 865 697 942 mutabile
710 866 747 936 in
765 866 983 936 contrarium
1001 866 1159 937 vertitur.

488 995 591 1062 Hunc
604 986 750 1084 quidem
764 984 950 1056 transitum
962 997 996 1058 et
1011 983 1231 1080 Evangelista
1245 986 1506 1059 considerans:
1527 1015 1546 1056 «
1558 988 1692 1079 Sciens,
1707 1015 1725 1056 a
1740 988 1866 1086 inquit,
1881 991 2021 1079 «lesus,

438 1113 521 1210 quia
532 1109 630 1182 venit
641 1108 731 1180 hora
745 1107 837 1202 ejus,
857 1121 897 1177 ut
911 1121 1064 1179 transeat
1081 1135 1123 1180 err
1137 1110 1208 1181 hoc
1225 1108 1364 1181 mundo
1378 1107 1425 1181 ad
1442 1112 1594 1202 Patrem,
1616 1125 1684 1182 etc.
1700 1139 1719 1178 a
1735 1111 1831 1198 Quid
1849 1112 1946 1184 enim
1960 1135 2024 1184 no·

439 1235 535 1305 mine
555 1231 684 1319 Patris,
705 1229 774 1299 nisi
799 1229 959 1326 potentia
977 1229 1105 1301 divinae
1123 1230 1315 1327 majestatis
1333 1229 1565 1328 exprimitur?
1589 1237 1628 1303 ln
1646 1232 1718 1304 hoc
1734 1247 1853 1306 autem
1866 1233 2022 1326 mundo,

437 1357 509 1428 hoe
527 1369 581 1426 est
600 1353 636 1424 in
659 1350 823 1451 praesenti
840 1351 911 1420 vita
927 1373 1124 1422 aerumnosa
1141 1365 1178 1422 et
1191 1351 1339 1441 misera,
1355 1352 1457 1448 quasi
1475 1353 1654 1452 impotens
1671 1369 1707 1425 et
1723 1353 1887 1427 infirmus
1900 1379 2024 1428 secun·

439 1476 526 1546 dum
548 1471 770 1568 fragilitatem
784 1484 972 1566 assumptae
989 1469 1217 1543 humanitatis
1235 1471 1414 1561 extiterat,
1433 1487 1469 1544 et
1493 1475 1631 1570 quasia
1654 1479 1775 1564 Patre,
1793 1475 1865 1547 hoc
1882 1490 1952 1564 est,
1972 1475 2024 1546 di-

438 1597 527 1665 vinae
545 1591 712 1690 potentiae
730 1589 859 1660 virtute
883 1612 934 1696 se·
944 1587 1168 1661 humiliando
1186 1589 1435 1681 descenderat,
1457 1615 1500 1664 ac
1519 1591 1790 1689 quodammodo
1813 1609 2022 1685 recesserat,

439 1719 558 1788 minor
576 1715 682 1786 etiam
706 1711 839 1808 angelis
854 1711 890 1780 in
909 1710 980 1782 hoc
1003 1711 1159 1783 allectus.
1180 1716 1283 1783 Nunc
1298 1727 1416 1784 autem
1434 1713 1471 1784 in
1494 1715 1752 1787 resurrectione
1770 1738 1917 1788 omnem
1932 1715 2025 1788 hanc

438 1835 679 1908 infirmitatem
697 1832 899 1930 deponens,
915 1829 961 1902 ad
976 1836 1116 1903 Patrem
1131 1831 1322 1905 ascendere
1336 1832 1392 1904 vel
1407 1834 1555 1906 transire
1570 1835 1711 1924 dicitur,
1727 1859 1840 1930 quum
1850 1837 1925 1931 jam
1941 1838 1978 1907 in
1989 1861 2025 1910 se

438 1956 527 2030 nihil
544 1952 758 2026 infirmitatis
772 1949 827 2024 vel
845 1952 1012 2051 potentiae
1028 1953 1155 2046 retinet
1168 1979 1176 2023 :
1191 1951 1255 2024 sed
1266 1967 1380 2024 totum
1397 1953 1497 2052 quod
1509 1953 1634 2044 habet,
1651 1955 1817 2052 potentiae
1830 1979 1873 2027 ac
1889 1957 2026 2028 virtutis

439 2091 506 2163 est,
522 2088 561 2145 ut
578 2072 678 2169 quasi
691 2071 766 2167 jam
785 2083 880 2141 totus
896 2069 934 2140 in
953 2074 1069 2160 Deum
1087 2072 1228 2160 transit,
1245 2072 1307 2169 qui
1321 2073 1396 2168 jam
1414 2089 1503 2163 non,
1525 2087 1564 2144 ut
1581 2075 1696 2144 eaeteri
1716 2073 1895 2165 homines,
1914 2075 2024 2146 homo

439 2196 602 2294 proprie,
617 2191 654 2262 id
668 2205 722 2264 est
733 2189 863 2262 animal
875 2191 1047 2263 rationale
1064 2180 1214 2264 mortale
1231 2191 1405 2264 dicendus
1423 2207 1487 2266 est.
1510 2194 1618 2282 Quod
1639 2209 1673 2266 et
1695 2194 1820 2267 beatus
1841 2196 2025 2295 Apostolus

438 2317 625 2414 diligenter
642 2313 848 2404 attendens,
865 2337 978 2410 quum
991 2312 1202 2384 electionem
1219 2337 1320 2386 suam
1339 2339 1360 2386 a
1380 2319 1513 2389 caeteris
1529 2315 1699 2416 apostolis
1717 2316 1967 2416 distingueret,
1982 2319 2026 2390 ad

439 2436 580 2508 Galatas
593 2433 762 2520 scribens,
780 2434 828 2504 ita
841 2456 988 2504 exorsus
1005 2437 1099 2504 est¹:
1119 2433 1279 2505 «Paulus
1299 2459 1374 2505 non
1393 2434 1439 2506 ab
1457 2423 1663 2509 hominibus
1674 2491 1687 2540 ,
1699 2461 1818 2535 neque
1830 2463 1896 2537 per
1910 2438 2024 2510 homi·

440 2579 543 2646 uem»,
572 2551 637 2626 sed
664 2577 727 2651 per
751 2557 871 2625 lesum
898 2552 1095 2642 Christum,
1122 2566 1158 2623 et
1184 2557 1302 2624 Deum
1330 2558 1470 2628 Patrem
1495 2557 1556 2653 qui
1581 2558 1761 2628 sttscitavit
1788 2581 1872 2628 eum
1894 2581 2025 2628 amor·

442 2678 527 2765 tuis,
550 2690 617 2747 etc.
638 2704 656 2744 a
677 2675 801 2747 Caeteri
823 2674 956 2771 quippe
979 2670 1152 2771 apostoli,
1179 2687 1218 2743 ut
1240 2671 1365 2745 beatus
1387 2675 1550 2746 meminit
1572 2677 1814 2773 Augustinus⁸,
1842 2700 1863 2747 a
1888 2677 2025 2748 Christo

440 2814 610 2895 tanquam
643 2795 813 2882 homine,
843 2791 881 2863 id
912 2806 964 2864 est
995 2789 1114 2862 adhuc
1151 2791 1313 2881 mortali,
1343 2806 1426 2864 sunt
1447 2790 1562 2865 electi.
1591 2795 1656 2866 Hic
1681 2817 1766 2866 vero
1795 2795 2024 2894 postmodum

440 2916 580 2989 Christo
598 2916 673 3012 jam
696 2913 797 3011 quasi
824 2927 899 2984 toto
924 2915 1000 2982 Deo
1025 2909 1137 3000 facto,
1157 2909 1193 2982 id
1207 2925 1260 2982 est
1278 2911 1353 3007 jam
1370 2911 1539 2984 divinitus
1558 2915 1668 3010 magis
1689 2939 1798 3011 quam
1823 2913 2026 2987 humanitus

439 3039 474 3108 in
489 3052 702 3137 perpetuum
717 3037 875 3123 vivente,
891 3032 1108 3130 singularem
1123 3033 1268 3104 sortitus
1289 3047 1343 3104 est
1364 3032 1587 3106 electionem.
1609 3035 1716 3122 Quod
1734 3037 1898 3134 quidem,
1920 3051 1959 3108 ut
1982 3038 2025 3119 ita

440 3155 577 3248 dicam,
594 3156 876 3241 deificationem,
894 3167 929 3224 et
946 3151 1220 3224 immortalitatis
1238 3151 1387 3248 gloriam
1404 3153 1521 3224 statim
1536 3153 1726 3252 Apostolus
1738 3179 1942 3253 exponens,
1958 3156 2022 3226 ait:

443 3280 543 3366 «Qui
559 3277 737 3348 suscitavit
755 3298 838 3345 eum
858 3297 879 3343 a
896 3270 1091 3341 mortuis.»
1114 3273 1156 3339 Et
1176 3269 1319 3341 attende
1339 3271 1439 3371 quod
1455 3271 1555 3367 ju'xta
1572 3273 1667 3344 hanc
1684 3273 1978 3347 immutabilitatis
1994 3292 2026 3346 et

441 3397 636 3470 stabilitatis
654 3396 822 3492 gloriam,
839 3417 947 3489 quam
966 3414 985 3462 a
1003 3390 1061 3461 die
1079 3391 1346 3462 resurrectionis
1364 3393 1401 3462 in
1421 3393 1562 3465 Christo
1579 3395 1782 3468 humanitas
1804 3410 1857 3468 est
1879 3397 2023 3497 adepta,

442 3543 516 3590 non
539 3520 733 3614 incongrue
755 3530 826 3586 tam
852 3513 928 3584 dies
952 3513 1028 3610 ipsa
1047 3512 1314 3582 resurrectionis
1332 3527 1506 3609 quantum
1528 3516 1745 3588 ascensionis
1767 3517 1935 3607 Domini,
1951 3543 2026 3615 quae

438 3639 512 3733 jam
539 3655 613 3710 nen
635 3638 680 3708 de
703 3635 844 3707 mortali
862 3649 897 3705 et
921 3630 1101 3720 mutabili,
1129 3631 1192 3702 sed
1215 3632 1260 3704 de
1285 3633 1478 3706 immortali
1502 3651 1536 3708 et
1556 3635 1767 3710 immutabili
1789 3638 2022 3726 celebrantur,

442 3761 607 3832 seriarum
630 3759 859 3831 variationem
885 3779 958 3826 non
982 3753 1132 3840 habent,
1151 3752 1214 3824 sed
1233 3754 1268 3824 in
1291 3754 1418 3827 eadem
1434 3755 1520 3828 feria
1538 3782 1679 3857 semper
1695 3757 1943 3832 observantur.
1958 3763 2026 3830 Cae·

444 3895 524 3952 terae
550 3907 633 3953 vero
656 3881 783 3952 Christi
807 3877 1048 3950 solemnitates
1070 3900 1091 3947 a
1117 3875 1175 3948 die
1200 3878 1445 3976 conceptionis
1471 3879 1546 3976 ejus
1572 3880 1748 3978 usquead
1768 3881 1919 3974 Pascha,
1940 3883 2025 3954 sicut

442 4019 477 4074 et
495 4018 699 4075 sanctorum
712 3999 875 4098 quaelibet
890 3998 1091 4102 festivitates
1105 4022 1169 4094 per
1182 3997 1284 4068 ferias
1296 3999 1489 4090 variantur,
1504 4015 1544 4072 ut
1558 4001 1669 4082 modo
1682 4001 1847 4074 videlicet
1860 4003 1896 4073 in
1914 4003 2024 4100 prima

442 4126 546 4216 feria,
566 4124 676 4195 modo
694 4123 731 4194 in
745 4120 902 4194 secunda
914 4117 969 4190 vel
989 4119 1024 4188 in
1037 4115 1104 4189 aliai
1118 4117 1354 4190 celebrentur.

491 4245 587 4317 Solet
610 4242 803 4316 nonnullos
826 4265 991 4330 movere,
1011 4264 1075 4310 cur
1095 4238 1170 4310 dies
1184 4237 1372 4310 dominicae
1387 4241 1581 4338 passionis,
1601 4266 1680 4339 qnae
1700 4243 1854 4314 maxime
1870 4258 2023 4316 nostram

442 4381 587 4464 operata
604 4380 657 4438 est
673 4364 840 4452 salutem,
858 4361 1069 4435 celebritatis
1082 4383 1156 4430 non
1175 4357 1303 4431 habeat
1317 4359 1590 4453 exultationem,
1607 4365 1670 4436 sed
1688 4363 1725 4434 in
1739 4387 1894 4439 moerore
1912 4367 2024 4464 potius

442 4512 550 4584 quam
578 4487 614 4558 in
637 4485 754 4560 letitia
779 4498 992 4582 peragatur:
1022 4481 1217 4580 praesertim
1247 4505 1359 4578 quum
1389 4481 1609 4579 singulorrnn
1641 4484 1865 4581 passionibus
1887 4501 2024 4558 sancto·

442 4632 522 4678 rum
540 4607 701 4680 festivam
713 4603 973 4702 jocunditatem
991 4599 1145 4672 Ecclesia
1167 4601 1354 4698 persolvat.
1377 4601 1430 4673 hd
1448 4603 1548 4700 quod
1565 4603 1859 4702 respondendum
1878 4604 2025 4676 arbitror

442 4752 508 4826 pro
529 4727 717 4799 dominicae
734 4724 1000 4797 resurrectionis
1022 4721 1152 4819 gloria,
1173 4745 1252 4819 quae
1272 4723 1376 4792 tertio
1399 4722 1458 4794 die
1475 4725 1632 4823 passioni
1649 4724 1825 4814 succedit,
1845 4724 2025 4823 diligenter

443 4847 488 4919 ab
504 4847 658 4920 Ecclesia
680 4846 717 4918 id
738 4869 813 4918 esse
831 4845 1081 4932 constitutum,
1104 4853 1143 4912 ut
1163 4863 1236 4938 quo
1257 4841 1372 4937 major
1392 4845 1608 4940 precesserit
1623 4844 1660 4914 in
1677 4843 1780 4915 nobis
1799 4843 1854 4916 d'e'
1866 4845 2024 4943 passione

444 4970 588 5042 Domini
606 4967 825 5068 compassio,
846 4967 977 5064 gratior
1000 4964 1045 5036 de
1069 4963 1335 5036 resurrectionis
1353 4963 1463 5061 gloria
1486 4981 1653 5063 sequatur
1670 4965 1852 5038 exvdtatio.
1874 4966 1977 5038 Unde
1993 4979 2025 5034 et

480 5233 486 5258 ¹
506 5233 587 5292 loen„
597 5185 652 5298 dap.
663 5248 723 5293 xrrr,
738 5248 761 5282 v.
778 5235 798 5282 1.
853 5229 862 5256 ²
876 5231 969 5291 Galat„
980 5245 1034 5298 cap.
1049 5249 1072 5294 r,
1086 5248 1107 5282 ν.
1122 5239 1144 5282 l.
1153 5259 1187 5272 -
1197 5233 1207 5260 ⁸
1218 5233 1311 5296 Sapor.
1324 5235 1402 5296 Epist.
1418 5235 1452 5282 ad
1462 5233 1556 5290 Galat..
1571 5232 1632 5295 opp.
1646 5242 1664 5282 t.
1678 5231 1726 5294 lll,
1739 5241 1803 5298 part.
1815 5231 1837 5282 ll
1849 5271 1855 5291 ,
1868 5232 1917 5282 col.
1929 5231 1984 5278 ota.
