4510 6108
809 627 869 698 DE
895 625 1036 698 CRUCE
1061 625 1224 698 SERMO.
1743 628 1816 699 459

273 776 366 842 Ecce
391 770 520 842 seriem
550 769 743 844 dominicae
769 770 963 867 passionis,
993 784 1102 868 prout
1128 767 1311 840 memorie
1332 767 1505 856 occurrit,
1535 793 1578 840 ex
1606 768 1817 864 evangelicis

223 890 432 988 collegimus
454 891 616 988 scriptis3
639 915 718 988 quae
739 915 847 988 super
867 889 1023 986 singula,
1049 905 1089 961 ut
1111 890 1248 961 dictmn
1269 905 1339 978 est,
1363 888 1650 978 consideremus,
1675 914 1817 988 eaquae

225 1027 379 1084 mortem
403 1024 659 1109 praecesserunt
679 1012 755 1109 ipsa
776 1025 893 1081 morte
913 1009 1075 1107 prolecta
1098 1010 1282 1106 graviora,
1302 1008 1359 1081 vel
1374 1007 1630 1098 intolerabilia,
1655 1009 1813 1088 fuerunt.

225 1131 329 1204 Unde
353 1155 421 1204 nec
446 1145 487 1202 ut
505 1145 725 1219 moreretur,
751 1129 864 1228 frangi
884 1131 919 1202 51
939 1153 1048 1207 crura
1064 1131 1156 1201 sicut
1180 1129 1380 1202 latronibus
1405 1129 1464 1204 vel
1488 1131 1612 1203 lancea
1637 1130 1816 1204 uulnerari

226 1276 369 1325 neccsse
384 1251 468 1339 luit,
492 1252 555 1348 qui
575 1251 622 1324 ad
643 1251 796 1322 celerem
817 1267 972 1322 mortem
983 1275 1031 1322 ex
1047 1267 1101 1322 tot
1117 1265 1152 1322 et
1168 1252 1295 1340 tantis,
1313 1275 1393 1348 quae
1407 1257 1491 1323 an'te
1506 1275 1651 1322 crucem
1666 1251 1813 1341 tulerat,

225 1372 418 1468 perductus
448 1386 513 1443 est.
542 1371 737 1443 Conferant
761 1387 934 1470 martyres
959 1397 1038 1470 quae
1068 1371 1161 1469 passi
1185 1385 1289 1462 sunt,
1319 1385 1355 1443 et
1384 1371 1531 1443 videant
1561 1373 1599 1443 in
1625 1395 1814 1470 compara-

225 1493 322 1564 tione
348 1491 538 1564 dominicae
562 1493 737 1590 passionis
756 1483 867 1564 'nulla
886 1517 974 1572 esse,
987 1491 1043 1564 vel
1069 1515 1180 1591 parva
1206 1515 1285 1589 quae
1305 1492 1400 1590 passi
1420 1505 1516 1564 sunt.
1542 1491 1646 1563 Unde
1662 1507 1699 1564 et
1721 1491 1815 1566 bene

225 1614 262 1682 in
292 1613 370 1707 ejus
399 1637 555 1710 persona
588 1614 797 1711 suspirantis
832 1614 993 1684 Jeremiae
1026 1611 1233 1685 lamentatio
1265 1611 1500 1710 proclamat¹:
1539 1611 1749 1685 «Attendite
1781 1630 1816 1686 et

226 1730 343 1802 videte
371 1732 400 1804 si
424 1746 477 1804 est
501 1730 607 1804 dolor
629 1731 753 1804 similis
781 1733 873 1804 sicut
898 1731 1004 1803 dolor
1030 1755 1144 1804 meus.
1164 1759 1181 1798 a
1200 1730 1395 1804 Attendant
1409 1731 1482 1803 hoc
1498 1731 1683 1822 mulieres,
1701 1747 1756 1821 et,
1776 1751 1816 1806 ut

226 1850 387 1923 Ezechiel
408 1853 605 1942 meminit¹‚
639 1852 732 1924 lacta
756 1877 846 1924 voce
871 1876 980 1951 supra
1011 1851 1296 1941 firmamentum,
1326 1866 1422 1924 stent
1446 1851 1635 1941 animalia,
1665 1867 1702 1924 et
1729 1853 1815 1925 sub·

225 1973 368 2044 mittant
388 1951 461 2048 alas
482 1994 576 2046 suas.
602 1973 698 2060 Quid
720 1988 839 2044 autem
857 1973 1125 2046 firmamentum
1142 1973 1257 2062 aliud,
1278 1998 1387 2070 quam
1407 1973 1503 2044 beati
1525 1971 1663 2068 angeli,
1683 1974 1816 2045 caeteris

225 2091 474 2165 corruentibus
492 2092 712 2183 confirmati,
732 2108 785 2164 est
805 2092 1101 2190 intelligendum?
1121 2095 1193 2180 Qui
1213 2118 1326 2190 quum
1347 2092 1453 2164 nobis
1470 2091 1589 2164 adhuc
1606 2091 1816 2164 mortalibus

225 2209 395 2308 dignitate
412 2211 569 2310 quadam
584 2213 656 2284 sint
671 2213 890 2312 superiores,
901 2214 1010 2310 longe
1025 2229 1148 2286 tamen
1165 2236 1274 2312 supra
1290 2238 1352 2284 eos
1369 2217 1465 2284 Deus
1482 2212 1596 2284 homo
1613 2213 1812 2312 praeminet.

227 2334 277 2404 Fit
293 2349 413 2406 autem
430 2334 650 2432 quandoque
667 2334 772 2405 nobis
789 2359 859 2406 vox
876 2335 922 2406 de
939 2334 1185 2425 firmament0,
1204 2357 1318 2432 quum
1339 2332 1505 2405 videlicet
1525 2333 1572 2405 de
1589 2332 1647 2404 illa
1663 2333 1818 2406 beatitu-

225 2450 308 2546 dine
325 2452 551 2548 angelorum,
570 2477 650 2550 quae
666 2452 773 2524 nobis
788 2454 1027 2552 promittitur,
1048 2453 1183 2550 aliquid
1201 2452 1433 2551 predicatur,
1452 2450 1510 2522 vel
1526 2452 1688 2523 interiori
1704 2451 1816 2524 verbo

226 2586 344 2642 mente
360 2572 573 2671 concipitur.
602 2575 763 2670 Desuper
784 2571 1051 2645 firmamentum
1079 2571 1148 2667 3113
1168 2571 1209 2644 fit
1229 2597 1317 2660 vox,
1337 2595 1451 2669 quum
1471 2595 1515 2642 ea
1531 2596 1610 2667 quae
1626 2576 1723 2644 Deus
1749 2598 1818 2670 pro

225 2690 330 2762 nobis
346 2690 553 2762 humanitus
569 2691 731 2785 gesserit,
747 2693 909 2791 corporis
921 2690 978 2762 vel
990 2693 1120 2762 mentis
1137 2691 1284 2765 auribus
1300 2691 1504 2788 concipitur
1518 2719 1527 2760 ε
1542 2691 1643 2789 quod
1654 2691 1817 2790 prolecto

225 2835 337 2908 quum
354 2809 406 2900 fit,
422 2811 523 2908 quasi
539 2810 576 2881 in
594 2809 832 2883 admiratione
848 2809 906 2881 vel
922 2812 959 2881 in
976 2811 1106 2881 timore
1122 2824 1246 2881 sancta
1261 2823 1358 2881 stant
1374 2808 1554 2900 animalia,
1569 2824 1605 2881 et
1621 2810 1694 2883 3135
1708 2811 1818 2910 depo-

226 2947 335 3020 nuntq
359 2931 449 3004 dum
472 2931 510 3001 in
531 2917 819 3001 consideratione
839 2944 947 3002 tantae
968 2930 1020 3000 rei
1040 2930 1196 3028 propriae
1216 2929 1365 2999 virtutes
1386 2927 1454 2999 illis
1479 2927 1667 3000 vilescunt.
1696 2934 1817 3017 Quum
1844 2981 1849 2989 -

226 3067 346 3124 autern
364 3050 410 3121 dc
427 3047 673 3138 firmamento,
694 3064 733 3119 ut
749 3047 887 3120 dictum
903 3063 973 3137 est,
995 3046 1130 3144 aliquid
1147 3046 1316 3135 audiunt,
1336 3047 1438 3144 quasi
1455 3061 1590 3119 erectas
1608 3046 1727 3119 adhuc
1745 3048 1818 3121 3135

225 3169 378 3256 habent;
393 3171 477 3265 quia
492 3192 559 3266 pro
577 3191 710 3264 magno
726 3167 784 3238 vel
800 3166 954 3240 mirabili
971 3191 1046 3238 non
1065 3165 1220 3257 ducunt,
1240 3165 1340 3264 quod
1356 3149 1421 3266 pe⁸r
1437 3181 1492 3238 tot
1508 3191 1641 3263 agones
1658 3167 1705 3240 ad
1721 3167 1817 3240 illam

148 3299 155 3314 '
226 3287 436 3384 angelorum
452 3287 685 3360 beatudinem
701 3287 933 3384 perveniunt,
945 3310 1054 3383 quam
1066 3283 1116 3355 illi
1132 3309 1197 3383 per
1212 3285 1279 3355 Dei
1296 3284 1446 3381 gratiam
1461 3284 1662 3358 humilitate
1678 3301 1816 3359 servata

227 3416 476 3508 perceperunt.
496 3414 587 3480 Ecce
604 3421 777 3504 martyres
794 3406 906 3478 multa
922 3421 1072 3504 propter
1085 3410 1203 3476 Deum
1220 3405 1337 3503 passi,
1361 3419 1397 3476 51
1417 3406 1454 3475 in
1472 3407 1610 3502 magnis
1626 3407 1818 3478 virtutibus

227 3531 387 3628 probati,
406 3531 598 3629 plurimam
614 3529 791 3626 gloriandi
808 3529 1036 3600 occasionem
1051 3527 1262 3599 viderentur
1278 3525 1417 3625 adepti,
1441 3526 1510 3598 nisi
1526 3542 1732 3600 occurreret
1747 3532 1820 3605 Do-

228 3651 368 3724 minum
398 3649 455 3721 vel
486 3664 585 3722 tanta
612 3647 670 3719 vel
699 3647 836 3744 majora
863 3671 931 3746 pro
959 3648 1049 3746 ¹ipsis
1078 3647 1184 3718 luisse
1211 3669 1368 3745 passum.
1400 3646 1508 3732 Quod
1536 3647 1699 3746 profecto
1730 3648 1819 3719 dum
1867 3732 1875 3752 ,

229 3769 398 3861 occurrit,
414 3770 550 3857 statim,
567 3782 607 3839 ut
625 3766 763 3838 dictum
779 3781 852 3856 est,
866 3767 1094 3838 summittunt
1111 3764 1200 3852 3135,
1223 3787 1291 3862 pro
1308 3764 1424 3836 nihilo
1439 3765 1611 3864 ducentes
1631 3791 1710 3865 quae
1726 3768 1820 3867 passi

209 3904 311 3960 ·sunt
349 3889 441 3962 servi
472 3889 509 3960 in
542 3885 868 3959 considerationem
900 3883 1090 3956 dominicae
1126 3883 1313 3980 passionis.
1351 3886 1438 3970 Quae
1470 3899 1572 3956 tanto
1605 3887 1746 3981 gravior
1777 3909 1819 3957 ac

230 4007 482 4100 miserabilior,
517 4021 654 4104 quanto
692 4004 965 4102 ignominiosior
992 4002 1162 4075 extitisse.
1179 4000 1367 4099 probatur.
1401 4006 1448 4072 Ut
1480 3993 1577 4073 enim
1609 4004 1816 4075 omittamus
1856 4053 1861 4064 ·

230 4143 371 4218 catera,
392 4129 472 4226 quis
492 4143 567 4199 tam
582 4127 750 4224 turpiter,
776 4125 856 4221 quis
877 4138 951 4194 tam
972 4122 1034 4194 diu
1055 4121 1200 4210 illusus,
1230 4135 1270 4191 ut
1295 4121 1390 4218 ipse?
1416 4125 1470 4191 De
1495 4122 1662 4218 captione
1682 4122 1817 4220 quippe

231 4249 387 4346 primum
412 4244 459 4320 ad
485 4246 626 4319 Judaeos
650 4244 848 4336 adductus,
876 4257 959 4342 post
983 4256 1037 4313 tot
1062 4239 1234 4339 colaphos
1258 4254 1294 4312 et
1314 4239 1455 4338 alapas,
1480 4263 1571 4337 quos
1591 4238 1707 4312 velatu
1728 4239 1816 4312 lacie

230 4371 404 4466 suscepit,
432 4368 551 4467 impiis
577 4363 904 4466 improperantibus
929 4379 970 4434 ut
995 4361 1243 4461 prophetaret,
1271 4361 1320 4432 113
1345 4374 1407 4446 est
1423 4372 1620 4458 consputus
1642 4374 1678 4431 et
1704 4361 1817 4458 sputis

231 4490 467 4579 deformatus,
482 4505 535 4580 ut,
550 4491 651 4587 juxta
666 4490 821 4576 lsaiam⁸,
834 4511 911 4558 non
922 4499 1014 4558 esset
1029 4485 1063 4557 51
1078 4484 1213 4583 species
1230 4507 1348 4581 neque
1364 4481 1487 4572 decor,
1500 4496 1536 4554 51
1551 4505 1619 4580 pro
1635 4480 1819 4554 1311131111-

231 4625 302 4683 1315
330 4611 544 4682 novissimus
569 4609 733 4681 omnium
759 4607 940 4680 videretur
964 4605 1139 4676 virorum.
1173 4603 1244 4690 Qui
1271 4616 1309 4673 et
1330 4601 1415 4674 inde
1443 4600 1678 4700 postmodum
1705 4599 1816 4672 Pilato

232 4747 475 4830 presentatus,
494 4731 588 4806 hanc
604 4753 749 4828 quoque
765 4719 933 4826 injuriam
949 4752 1033 4798 curn
1049 4726 1183 4798 caeteris
1199 4723 1335 4796 ibidem
1351 4725 1530 4795 sustinuit.
1550 4721 1639 4809 Quis
1655 4747 1817 4819 unquam

145 4860 151 4871 '
232 4869 428 4951 rnartyrum
445 4855 494 4926 ita
509 4855 621 4953 sputis
637 4851 770 4924 oblitus
791 4866 827 4922 et
847 4849 1069 4921 deformatus
1091 4847 1251 4942 injuriari
1268 4845 1418 4942 legitur?
1441 4847 1529 4932 Quis
1545 4845 1678 4916 totiens
1694 4843 1817 4916 illusus

234 4975 344 5046 modo
370 4975 466 5073 apud
487 4974 645 5061 ludaeos,
665 4970 777 5044 modo
802 4970 899 5069 apud
915 4969 1066 5042 Pilatum
1081 4967 1140 5040 vel
1156 4965 1350 5059 Herodem,
1372 4991 1469 5038 nunc
1485 4965 1700 5064 expoliatus,
1720 4989 1817 5054 nunc

270 5271 276 5296 ¹
297 5271 394 5332 Three,
408 5288 463 5337 cap.
476 5288 500 5332 1,
514 5287 539 5323 v.
553 5274 632 5321 11·-
642 5269 652 5296 ¹
664 5267 765 5330 Ezech,
777 5284 833 5334 cap.
848 5285 870 5330 r,
885 5283 907 5316 v.
924 5267 965 5316 25.
981 5293 1008 5302 -
1019 5263 1028 5291 ⁵
1040 5263 1108 5316 baie
1119 5279 1175 5331 cap.
1187 5277 1236 5326 tur,
1247 5277 1269 5312 r.
1280 5263 1306 5312 2.
