4496 6102
672 643 716 716 ΙΝ
741 641 978 714 ΕΡΙΡΗΑΝΙΑ
997 643 1161 744 ,ΒΟΜΙΝΙ
1187 645 1347 717 saluto.
1731 643 1801 715 385

217 779 287 850 Sed
306 803 373 851 nec
389 778 474 852 illud
491 806 511 854 a
526 797 686 883 ternpore
700 787 818 884 gratiae
835 800 870 857 et
888 810 978 856 vene
996 785 1166 859 libertatis
1182 789 1337 860 alienum
1353 801 1423 876 est,
1441 785 1541 884 quod
1559 810 1668 857 omne
1687 810 1805 858 seruo-

219 925 297 972 rum
317 925 429 998 genus
445 927 466 974 a
484 929 550 976 suo
569 907 710 1002 penitus
735 906 896 979 dominio
911 908 1078 998 removit,
1100 933 1204 981 neca
1222 934 1261 980 se
1279 907 1433 1006 aliquem
1449 907 1631 978 servitute¹
1649 907 1805 1003 opprimi

218 1023 343 1114 ferret,
363 1023 427 1096 sed
446 1021 609 1098 omniuin
627 1025 788 1100 libertate
813 1027 999 1124 gauderet,
1021 1028 1151 1125 quibus
1171 1045 1340 1128 tanquam
1361 1029 1484 1100 amicis
1504 1026 1674 1126 prodesse
1697 1026 1807 1122 magis

220 1169 328 1240 quarn
346 1161 516 1246 tanquam
542 1151 650 1220 servis
674 1174 824 1248 praeesse
847 1150 1006 1246 eligeret,
1028 1166 1063 1222 et
1081 1153 1193 1223 amari
1210 1153 1455 1250 potiusquam
1474 1151 1590 1221 timeri
1611 1161 1804 1249 appeteret.

222 1265 291 1351 Qui
304 1267 410 1338 etiarn
424 1271 459 1338 in
473 1283 610 1341 tantum
627 1273 832 1342 servitutem
847 1295 867 1341 a
882 1296 992 1368 regno
1006 1296 1071 1342 suo
1090 1271 1225 1344 studuit
1239 1275 1432 1369 extirpare,
1450 1285 1502 1362 ut,
1520 1272 1610 1342 sicut
1623 1270 1810 1369 praedictus

222 1386 528 1490 historiographus
542 1395 717 1486 meminit,
734 1417 860 1465 omnes
874 1418 1008 1480 servos,
1025 1418 1182 1490 quorum
1194 1393 1362 1465 dominos
1374 1393 1516 1491 reperit,
1530 1393 1579 1463 eis
1590 1393 1807 1481 restituerit²‚

223 1522 367 1580 caeteros
376 1534 461 1582 vero
469 1535 590 1584 servos
601 1537 727 1586 omnes
736 1513 1021 1586 necarilecittne
1031 1512 1193 1584 videlicet
1204 1499 1329 1585 eorum
1341 1514 1527 1610 posteritas
1537 1513 1572 1582 in
1581 1534 1812 1608 regnorerna·

222 1643 335 1698 neret.
351 1631 390 1698 ln
401 1653 474 1725 quo
484 1630 572 1727 quid
583 1630 679 1702 aliud
689 1631 938 1729 presignabat,
955 1657 1063 1729 quam
1075 1631 1684 1721 christianamlibertatemsuturam,
1695 1646 1730 1702 et
1742 1655 1813 1701 ser·

223 1749 371 1820 vitutem
381 1763 450 1820 tam
460 1748 657 1848 legisquam
665 1753 1335 1851 peceatiperChristumremovendam,
1347 1754 1490 1852 quiait³z
1504 1783 1521 1822 u
1531 1760 1688 1826 Jamnon
1697 1753 1813 1824 dicam

223 1891 287 1938 vos
301 1893 434 1960 servos,
450 1868 512 1940 sed
525 1871 697 1942 amicos.»
714 1874 756 1942 Et
769 1871 887 1942 alihi‘:
906 1874 1057 1963 «sivos,
1069 1901 1086 1940 r
1101 1875 1233 1970 inquit,
1251 1903 1269 1942 u
1281 1874 1373 1945 filius
1387 1873 1605 1962 liberaverit,
1620 1897 1702 1944 vere
1714 1870 1814 1944 liberi

224 1991 331 2061 eritis.
339 2017 356 2057 u
364 1991 690 2090 Hincetllpostolus
699 2007 839 2092 tempus
848 1993 986 2066 timoris
996 1994 1064 2065 sub
1073 1993 1720 2094 legeatemporegratiaedistinguens,
1732 2017 1816 2064 con·

225 2109 899 2184 versisinterRomanosJudaeisscribit⁵
913 2139 920 2183 :
936 2139 954 2180 u
964 2117 1043 2184 Non
1054 2112 1290 2186 enimsubditi
1300 2114 1563 2185 estisiterumin
1571 2113 1712 2203 timore,
1722 2127 1814 2183 etc.»

226 2228 326 2299 ldem
340 2227 386 2298 ad
400 2227 586 2300 Galatasl:
612 2258 630 2297 u
648 2234 732 2321 Vos,
750 2259 768 2298 n
787 2232 920 2328 inquit,
942 2258 961 2300 u
975 2232 1011 2302 in
1030 2230 1231 2304 libertatem
1256 2233 1372 2302 vocati
1394 2231 1475 2303 estis
1496 2230 1619 2302 fratres
1645 2257 1653 2301 ε
1680 2243 1816 2301 tantum

226 2374 272 2421 ne
294 2349 492 2421 libertatern
512 2352 549 2422 in
572 2353 799 2424 occasionem
812 2352 903 2424 detis
921 2353 1053 2439 carnis
1075 2352 1138 2425 sed
1156 2378 1221 2450 per
1240 2354 1421 2425 caritatem
1441 2354 1568 2424 servite
1586 2351 1751 2423 invicem.
1771 2382 1787 2418 n

276 2474 365 2541 Sunt
383 2472 446 2568 qui
462 2471 650 2568 praedictos
668 2498 791 2570 magos
807 2497 881 2545 non
904 2473 954 2544 sic
974 2473 1145 2572 appellari
1161 2488 1364 2562 autumant,
1386 2473 1470 2569 quia
1493 2472 1622 2544 luerint
1644 2471 1817 2564 malefici,

227 2587 290 2662 sed
309 2588 410 2686 quod
427 2603 604 2662 astrorum
628 2593 750 2690 periti,
771 2592 872 2688 quasi
894 2591 1144 2681 astronomici,
1166 2589 1224 2662 vel
1243 2615 1457 2687 quacunque
1481 2590 1548 2661 alia
1569 2589 1614 2661 de
1639 2615 1744 2661 causa
1771 2593 1820 2661 sic

227 2711 356 2782 vocati.
377 2714 431 2782 De
446 2709 576 2807 quibus
592 2712 681 2808 quid
697 2713 891 2809 antiquitus
909 2714 1080 2811 scriptum
1098 2712 1205 2784 fuisse
1219 2711 1495 2806 Chrysostomus
1511 2710 1654 2802 referat,
1677 2736 1751 2789 nen
1770 2725 1822 2782 est

228 2829 466 2924 incongruum
488 2829 658 2901 hocloco
676 2831 862 2927 subjicere.
886 2832 941 2902 Ait
966 2833 1100 2929 quippe
1128 2831 1179 2901 sic
1203 2828 1391 2928 praedictus
1421 2829 1567 2920 doctor,
1599 2854 1711 2925 quum
1733 2832 1821 2898 Mat-

230 2946 361 3017 thaeum
379 2951 591 3043 exponeret⁷
612 2975 620 3018 :
649 2978 664 3016 u
683 2950 766 3045 Legi
789 2948 886 3050 apud
907 2949 1062 3047 aliquem
1084 2973 1208 3044 magos
1227 2949 1330 3039 istos,
1351 2972 1393 3018 ex
1410 2945 1509 3017 libris
1527 2945 1667 3019 Balaam
1687 2945 1823 3017 divina·

228 3067 316 3136 toris
333 3066 544 3162 appariturae
562 3065 653 3138 illius
672 3067 779 3140 stellae
796 3069 980 3140 scientiam
997 3069 1193 3167 accepisse,
1214 3067 1314 3162 cujus
1334 3066 1505 3138 divinatio
1530 3066 1645 3164 posita
1663 3079 1715 3136 est
1732 3077 1767 3135 et
1784 3064 1838 3134 in·

233 3185 350 3256 Veteri
367 3187 632 3258 Testamento⁸2
647 3217 664 3256 u
681 3188 825 3259 Orietur
839 3187 940 3260 stella
956 3213 998 3260 ex
1011 3188 1139 3277 Jacob,
1159 3203 1228 3259 etc.
1241 3214 1259 3255 n
1280 3191 1324 3256 Et
1341 3185 1460 3257 audivi
1478 3184 1616 3282 aliquos
1633 3185 1823 3256 relerentes

231 3304 277 3376 de
295 3303 452 3402 quadam
470 3308 661 3405 scriptura,
683 3309 748 3380 etsi
766 3333 840 3381 non
860 3325 976 3401 certa,
1006 3334 1081 3382 non
1109 3324 1230 3381 tamen
1254 3306 1459 3380 destruente
1480 3306 1605 3399 iidem,
1626 3305 1689 3378 sed
1705 3306 1823 3405 potius

232 3428 431 3500 delectante
445 3458 452 3499 :
468 3429 639 3527 quoniam
655 3445 729 3502 erat
742 3430 906 3529 quaedam
920 3455 1007 3528 gens
1019 3432 1084 3502 sita
1098 3431 1134 3502 in
1148 3431 1228 3529 ipso
1241 3428 1418 3528 principio
1432 3428 1588 3502 Orientis
1595 3428 1695 3523 juxta
1709 3430 1822 3500 Ocea·

233 3573 340 3642 num,
362 3550 458 3647 apud
477 3575 569 3649 quos
587 3551 765 3624 ferebatur
782 3553 946 3649 quadam
965 3553 1139 3650 scriptura
1155 3550 1326 3649 inscripta
1343 3551 1490 3621 nomine
1505 3551 1600 3638 seth,
1624 3549 1669 3622 de
1687 3549 1825 3648 appari·

234 3687 313 3742 tura
335 3668 402 3741 hac
422 3669 539 3761 stella,
561 3687 596 3743 et
614 3672 822 3744 muneribus
841 3671 1018 3768 ejusmodi
1035 3671 1243 3762 offerendis,
1264 3695 1343 3767 quae
1354 3694 1419 3769 per
1433 3669 1678 3768 generationes
1691 3665 1825 3738 studio-

233 3814 358 3861 sorum
370 3788 559 3862 hominum
574 3790 734 3889 patribus
748 3791 982 3863 referentibus
996 3789 1076 3862 filiis
1092 3791 1164 3860 suis
1176 3787 1377 3860 habebatur
1390 3787 1556 3860 deducta.
1575 3792 1699 3884 ltaque
1711 3785 1825 3881 elege-

232 3923 319 3979 runt
331 3907 424 3979 inter
437 3909 572 4006 seipsos
587 3897 778 3984 duodecim
789 3909 981 4007 quosdam⁹
994 3933 1036 3980 ex
1049 3908 1133 4007 ipsis
1145 3905 1395 3997 studiosiores,
1412 3921 1445 3978 et
1456 3905 1633 3994 amatores
1646 3904 1827 4001 mysterio·

230 4054 317 4099 rum
336 4027 549 4121 coelestium,
583 4046 617 4102 et
641 4046 840 4131 posuerunt
859 4030 993 4130 seipsos
1015 4028 1062 4099 ad
1079 4027 1363 4126 expectationem
1383 4026 1491 4098 stellae
1507 4026 1625 4098 illius:
1648 4042 1683 4098 et
1700 4027 1730 4095 si
1747 4027 1826 4121 quis

230 4149 459 4221 moriebatur
482 4176 523 4222 ex
543 4153 609 4244 eis,
641 4151 735 4225 lilius
753 4153 847 4248 ejus,
876 4166 937 4222 aut
962 4127 1088 4248 aliquis
1109 4149 1415 4249 propinquorum,
1437 4147 1499 4246 qui
1515 4145 1674 4242 ejusdem
1693 4142 1827 4215 volun-

229 4273 318 4344 tatis
337 4271 602 4364 inveniebatur,
629 4274 667 4345 in
692 4273 774 4345 loco
798 4271 1081 4344 constituebatur
1108 4270 1279 4342 defuncti.
1310 4268 1528 4340 Dicebantur
1555 4281 1673 4337 autem
1700 4265 1827 4362 magici

227 4390 359 4487 lingua
376 4415 521 4482 eorum,
549 4393 633 4490 quia
655 4393 691 4464 in
717 4389 856 4464 silentio
874 4407 909 4464 et
928 4414 1017 4464 voce
1035 4389 1139 4462 tacita
1159 4393 1275 4460 Deum
1299 4385 1555 4484 glorificabant.
1584 4385 1629 4454 Hi
1655 4407 1739 4480 ergo
1763 4405 1828 4480 per

226 4510 399 4608 singulos
411 4535 525 4583 annos
543 4527 626 4611 post
641 4537 793 4584 messem
803 4515 823 4551 ¹⁰
835 4511 1089 4584 trituratoriam
1103 4506 1343 4581 ascendebant
1361 4507 1397 4579 in
1416 4519 1579 4578 montem
1594 4503 1749 4601 aliquem
1763 4525 1827 4599 po-

225 4633 349 4702 situm
366 4630 432 4721 ibi,
454 4633 517 4728 qui
535 4631 731 4705 vocabatur
744 4632 864 4729 lingua
879 4656 1006 4710 eorum
1021 4635 1125 4702 Mons
1141 4633 1176 4700 V
1174 4627 1360 4714 ictorr'alr's,
1381 4625 1518 4699 habens
1533 4625 1567 4695 in
1582 4649 1619 4695 se
1634 4620 1827 4720 quamdam

268 4843 278 4868 ⁴
304 4842 355 4893 Nec
365 4847 394 4892 de
406 4847 488 4907 atiquo
500 4852 611 4898 sentum
621 4848 672 4899 ttS.
686 4844 809 4898 Eira-³
820 4847 940 4897 Libertate
951 4850 1018 4898 reatt-
1057 4853 1145 4896 vocant
1157 4859 1216 4906 opus
1229 4845 1408 4908 imperfectum,
1423 4855 1481 4892 vere
1490 4837 1655 4905 chrysostomi
1667 4835 1713 4898 ait,
1727 4849 1773 4886 nec
1787 4848 1828 4894 nc,

223 4933 282 4979 ruit
310 4926 360 4978 tls,
380 4927 447 4980 Eine.
465 4930 616 4992 -stoan,
636 4947 692 4999 cap.
705 4917 755 4990 ἰν,
773 4940 796 4981 r.
822 4929 1017 4991 15.-·⁴Joan.‚
1057 4928 1230 4988 etutrumhic‚
1240 4926 1431 4994 quisquisluerit
1441 4926 1571 4991 interpres,
1582 4921 1764 4981 catholicatum
1774 4919 1829 4970 ha-

221 5028 296 5080 cap.
308 5027 364 5075 uu,
373 5013 488 5063 utile-⁸
499 5015 572 5065 «Non
583 5015 647 5066 enim
657 5015 788 5082 accepistis
796 5013 906 5080 spiritum
917 5013 1018 5064 servitu·
1056 5013 1161 5076 rcticus‚
1182 5013 1309 5064 arianusre
1330 5011 1371 5063 rit.
1381 5038 1412 5048 -
1424 5008 1434 5037 ¹
1444 5010 1527 5068 Num„
1545 5023 1601 5072 cap.
1618 5022 1686 5067 xxu,
1706 5021 1730 5055 u.
1747 5007 1787 5054 Π.
1798 5026 1831 5042 -·=

220 5101 259 5149 tis
275 5096 408 5148 iterumin
423 5097 534 5150 timore.»
544 5099 700 5166 (Rom.,cap.
713 5115 795 5158 uu,r.
809 5095 1016 5161 lb.)--⁸Gutut.,
1057 5094 1127 5149 ’lis
1152 5097 1220 5149 Eine.
1230 5095 1318 5147 -llale
1342 5093 1485 5146 ambaesius
1497 5113 1504 5142 ε
1517 5093 1648 5156 struerem
1667 5105 1692 5141 re
1713 5093 1776 5152 ipsos
1797 5103 1831 5138 ιιι

218 5199 294 5250 up.
315 5196 379 5243 mr.
395 5183 479 5232 13.-
495 5183 503 5210 ¹
517 5183 589 5235 llom.
607 5185 630 5236 11
649 5190 673 5236 tn
692 5184 850 5242 hethaeum,
867 5184 928 5247 opp.
942 5192 959 5232 t.
973 5180 1020 5245 Vl,
1061 5180 1243 5246 quidam-⁴⁰
1256 5181 1359 5233 larsem
1373 5177 1423 5231 ttS.
1438 5178 1507 5229 Eius.

219 5263 1020 5336 p.759.bisputaturnestvaldeutrurnhiccommentariusquera

367 5371 379 5415 r
1675 5345 1714 5407 49
