4522 6104
926 677 1160 761 ervuuutx.

1004 1081 1088 1168 lll.

887 1343 1214 1450 uersuum

377 1591 546 1672 rrum
583 1575 971 1674 vnunnnurms
1003 1591 1245 1672 inerms
1285 1587 1718 1670 cuuurnouusrs

502 1817 548 1874 AD
563 1815 723 1874 conluunt
735 1815 974 1874 lNNOOENTlUbl
989 1816 1027 1886 Il,
1044 1815 1174 1884 PAPffl,
1190 1813 1257 1872 PRO
1272 1812 1383 1872 PETRO
1399 1813 1600 1871 abutauro.

579 2000 701 2077 [lc-‘gitur
711 2022 774 2077 pag.
785 2005 905 2058 aeaeae
915 2003 983 2060 edit.
997 2004 1077 2060 Amb.
1090 2003 1132 2059 Cf.
1145 2021 1208 2076 pag.
1224 2003 1258 2056 ⁷0
1270 2002 1349 2074 hujus
1363 1997 1528 2075 voluminis]

296 2558 420 2620 sommo
426 2558 569 2637 pontifici
582 2561 613 2618 ct
626 2561 730 2618 nostro
742 2557 869 2636 speciali
877 2559 982 2634 patri,
997 2555 1130 2618 Domino
1137 2572 1226 2635 popa
1240 2553 1419 2617 Innocentio
1429 2553 1535 2652 scotor
1553 2551 1665 2612 Petras
1682 2550 1807 2612 humilis

664 2659 914 2722 cluniacensium
928 2658 1021 2720 obbas
1034 2659 1238 2720 obedientiam
1251 2663 1283 2720 ct
1296 2673 1437 2722 onorem.

305 2854 466 2948 Magister
477 2856 597 2924 Petrus
608 2854 781 2948 sapientiae
792 2869 923 2943 vestrae,
938 2869 976 2923 ut
988 2853 1103 2943 creda,
1119 2853 1246 2948 optime
1259 2867 1373 2942 notus,
1389 2861 1498 2946 nuper
1509 2877 1528 2921 a
1541 2852 1683 2923 Francia
1694 2851 1844 2940 veniens,

258 2996 319 3065 per
339 2970 538 3042 Cluniacum
553 2973 732 3042 transitum
750 2973 850 3042 fecit:
867 2974 1080 3068 quaesivimus
1094 2998 1162 3068 quo
1182 2971 1336 3043 tenderet
1347 2999 1362 3042 ,ε
1375 2987 1549 3068 gravatum
1567 2997 1601 3042 se
1617 2970 1849 3043 vexationibus

258 3094 495 3188 quorumdam,
511 3095 569 3190 qui
587 3095 665 3185 sibi,
682 3093 774 3190 quod
791 3093 888 3166 valde
905 3094 1123 3186 abhorrebat,
1144 3120 1268 3164 nomen
1281 3095 1430 3166 haeretici
1448 3093 1682 3194 imponebant,
1697 3093 1850 3186 majesta·

259 3228 326 3284 tem
340 3212 557 3307 apostolicam
575 3241 610 3284 se
626 3213 823 3310 appellasse,
838 3215 925 3284 etad
940 3239 1014 3284 earn
1027 3215 1209 3310 confugere
1219 3212 1303 3284 velle
1317 3212 1504 3309 respondit.
1526 3211 1751 3282 Laudavimus
1768 3235 1849 3308 pro·

258 3336 423 3428 positum,
438 3350 489 3422 et,
509 3351 547 3405 ut
563 3335 605 3405 ad
622 3350 741 3405 notum
757 3353 792 3406 et
805 3361 984 3406 commune
1003 3335 1170 3431 refugium
1184 3335 1400 3430 confugeret,
1416 3334 1654 3406 admonuimus
1667 3335 1849 3428 :justitiam

258 3454 494 3549 apostolicam,
514 3483 589 3551 quae
608 3455 692 3527 nulli
714 3483 865 3552 unquam
887 3457 988 3527 etiam
1003 3473 1162 3526 extraneo
1180 3455 1232 3527 vel
1249 3458 1429 3552 peregrino
1445 3456 1568 3546 defuit,
1584 3455 1647 3526 sibi
1664 3480 1734 3524 nou
1754 3455 1850 3526 defu-

260 3589 369 3643 turam
387 3573 543 3644 diximus.
559 3576 830 3646 Misericordiam
848 3577 968 3672 ipsam,
984 3575 1042 3646 ubi
1062 3577 1148 3646 ratio
1165 3575 1364 3671 postularet,
1381 3576 1445 3672 sibi
1462 3600 1678 3646 occursuram
1695 3575 1852 3669 promisi-

259 3716 345 3761 mus.
366 3694 470 3763 Venit
488 3695 625 3764 interim
642 3695 800 3778 dominus
817 3696 1048 3766 Cisterciensis
1065 3696 1179 3785 abbas,
1194 3711 1228 3766 et
1246 3695 1288 3764 de
1306 3720 1387 3791 pace
1406 3695 1509 3793 ipsius
1528 3709 1562 3764 et
1581 3693 1711 3764 domini
1731 3692 1851 3764 Clarae·

259 3813 431 3904 vallensis,
451 3819 544 3910 cujus
561 3841 660 3887 causa
677 3816 921 3912 appellaverat,
943 3817 1119 3886 nobiscum
1136 3832 1169 3886 et
1193 3842 1269 3886 cum
1293 3818 1367 3910 ipso
1384 3817 1512 3910 pariter
1530 3817 1609 3911 egit.
1637 3815 1802 3885 Dedimus
1819 3831 1853 3885 et

261 3958 323 4002 nos
335 3959 474 4029 operam
489 3937 564 4030 paci
581 3937 672 4030 ejus:
693 3952 749 4032 et,
760 3951 798 4006 ut
816 3935 858 4004 ad
879 3934 972 4006 illum
993 3961 1069 4007 cum
1091 3935 1165 4030 ipso
1182 3936 1259 4025 iret,
1279 3935 1405 4006 hortati
1424 3959 1550 4006 sumus.
1571 3935 1773 4006 Addidimus
1787 3935 1852 4004 hoc

261 4053 398 4122 monitis
422 4055 563 4144 nostris,
589 4070 627 4124 ut
646 4056 672 4124 si
697 4080 764 4150 qua
780 4052 960 4127 catholicas
977 4079 1075 4146 aures
1090 4053 1299 4126 offendentia
1315 4069 1374 4126 aut
1394 4055 1595 4148 scripsisset,
1615 4070 1674 4127 aut
1690 4055 1849 4125 dixisset:

260 4171 399 4242 hortatu
416 4174 486 4268 ejus
505 4189 539 4243 et
555 4172 698 4244 aliorum
715 4175 884 4246 bonorum
902 4190 936 4245 et
952 4175 1161 4269 sapientum,
1176 4189 1209 4244 et
1227 4174 1370 4250 averbis
1386 4176 1454 4244 suis
1470 4189 1653 4263 amoveret,
1670 4189 1704 4243 et
1721 4198 1740 4242 a
1757 4171 1853 4244 libris

260 4295 449 4366 abraderet.
475 4299 520 4366 Et
543 4296 733 4369 factumest
749 4299 808 4369 ita.
832 4299 916 4387 Ivit,
937 4299 1056 4388 rediit;
1074 4324 1151 4370 cum
1167 4298 1307 4370 domiuo
1322 4297 1584 4388 Claraevallensi,
1607 4298 1776 4371 mediante
1794 4299 1853 4370 Ci-

261 4418 447 4508 sterciensi,
467 4421 585 4514 sopitis
601 4421 773 4516 prioribus
792 4420 963 4518 quaerelis,
983 4446 1018 4492 se
1032 4421 1169 4516 pacifice
1186 4421 1380 4492 convenisse
1396 4446 1546 4492 reversus
1564 4419 1689 4490 retulit.
1709 4421 1852 4490 Interim

261 4567 281 4612 a
300 4541 398 4610 nobis
410 4541 617 4632 admonitus,
638 4545 743 4639 magis
759 4560 872 4614 autem
888 4569 909 4614 a
924 4546 1014 4633 Dea,
1027 4559 1065 4614 ut
1082 4544 1269 4633 credimus,
1290 4544 1489 4639 inspiratus,
1506 4525 1650 4614 dimissis
1660 4541 1852 4614 scholarum
1883 4562 1887 4570 ·

262 4673 296 4730 et
308 4660 499 4732 studiorum
517 4661 730 4751 tumultibus,
747 4665 784 4733 in
801 4663 964 4734 Cluniaco
981 4680 1092 4736 vestra
1106 4665 1169 4735 sibi
1187 4680 1385 4760 perpetuam
1399 4665 1607 4739 mansionem
1623 4663 1734 4759 clegit.
1751 4664 1854 4752 Quod

264 4807 326 4852 nos
344 4785 508 4854 senectuti
525 4783 615 4879 ejus,
642 4784 808 4857 debilitati
832 4787 921 4880 ejus,
948 4786 1104 4883 religioni
1122 4788 1193 4881 ejus
1216 4812 1402 4883 congruere
1423 4803 1599 4882 putantes,
1624 4802 1658 4856 et
1678 4787 1853 4858 scientiam

263 4905 335 4999 ejus
351 4907 446 4977 vobis
464 4932 504 4976 ex
523 4923 597 4977 toto
615 4933 684 4978 non
703 4909 911 5004 incognitam
936 4935 1064 5005 magnae
1085 4909 1228 4980 fratrum
1247 4924 1442 4980 nostrorum
1463 4907 1671 4982 multitudini
1689 4887 1853 5004 proficere

264 5051 362 5122 posse
378 5026 566 5118 credentes,
585 5026 751 5098 voluntati
765 5029 836 5124 ejus
854 5030 1074 5100 assensimus:
1089 5044 1135 5118 et,
1156 5030 1183 5100 si
1199 5031 1246 5100 sic
1264 5030 1465 5128 benignitati
1474 5045 1591 5102 vertrae
1605 5028 1853 5125 beneplacitum

264 5163 364 5233 esset,
378 5150 523 5245 benigne
540 5166 574 5220 et
590 5175 667 5220 cum
679 5151 802 5247 gaudio
821 5151 1012 5241 nobiscum,
1028 5153 1158 5240 vestris,
1177 5167 1215 5220 ut
1235 5152 1353 5240 nostis,
1367 5157 1567 5246 peremnia,
1584 5175 1758 5221 remanere
1772 5175 1853 5220 con·

267 5269 443 5349 cessimus..
459 5273 556 5367 Rogo
574 5272 678 5366 igitur
690 5297 752 5369 ego
770 5271 1026 5368 qualiscunque,
1044 5287 1158 5342 umen
1171 5287 1293 5363 vester,
1308 5287 1405 5367 rogat
1419 5271 1652 5343 devotissimus
1662 5271 1758 5343 vobis
1775 5268 1855 5340 Clu·
1895 5355 1899 5362 ι
