4536 6102
770 549 1003 624 Expostulo
1027 547 1231 621 stativom.
1728 551 1800 625 615

214 701 301 770 etin
318 695 531 796 corporibus
546 709 781 789 utrorumque
797 691 967 789 deinceps
984 687 1081 762 nulla
1096 687 1331 760 dissolutione
1346 688 1619 762 interveniente.
1641 717 1660 758 a
1678 691 1800 764 Vitam

214 832 401 908 aeternam,
423 846 440 886 v
467 817 540 888 sive
556 814 603 887 ad
620 812 787 910 gloriam,
812 812 886 882 sive
913 810 961 882 ad
984 833 1142 908 poenam.
1169 839 1186 876 α
1207 815 1338 897 Amen,
1359 835 1377 875 n
1400 807 1471 880 hoc
1492 803 1565 899 est',
1589 833 1715 882 verum
1733 826 1798 882 est.

214 939 322 1025 Quod
333 938 481 1036 quidem
493 937 592 1032 juxta
609 919 838 1032 Apostolum}
854 945 894 1002 ut
909 911 1017 1028 supra
1031 929 1278 1018 meminimus,
1296 928 1415 1001 dicere
1427 953 1502 1002 non
1515 928 1701 1022 debemus,
1717 932 1799 1020 nisi,

214 1085 292 1157 quae
307 1061 488 1157 praemissa
503 1071 598 1143 sunt,
613 1052 860 1124 intelleximus.
876 1051 981 1124 Unde
992 1052 1040 1123 ad
1053 1049 1286 1150 parvulorum
1303 1049 1561 1140 eruditionem,
1575 1050 1670 1124 hanc
1685 1075 1800 1148 quan·

213 1177 467 1276 tulamcunque
484 1173 719 1247 necessariam
735 1170 901 1244 duximus
917 1171 1190 1268 expositionem.

764 1925 1061 2018 Expostulo
1090 1925 1247 2014 Fllllll

697 2177 742 2240 ΙΝ
772 2174 1014 2242 sinuosum
1042 2171 1305 2238 arfltutsn.

260 2457 278 2496 a
290 2428 503 2524 Quicunque
516 2425 590 2497 vult
601 2425 719 2498 salvus
732 2450 871 2516 esse‚...
883 2453 902 2492 n
916 2424 1108 2497 Voluntate
1121 2423 1255 2521 quippe
1267 2419 1427 2520 propria,
1443 2445 1518 2492 non
1530 2421 1718 2494 coactione
1731 2424 1799 2512 sal-

210 2572 335 2620 vamur
350 2546 482 2618 aliena:
503 2573 522 2614 u
537 2560 665 2619 ...ante
681 2547 806 2618 omnia
822 2569 912 2642 opus
929 2558 1061 2616 est...»
1083 2542 1261 2615 Subaudls
1281 2571 1289 2613 :
1308 2541 1360 2612 llli
1376 2540 1449 2612 hoc
1468 2555 1521 2613 est
1541 2543 1794 2613 necessarium.

208 2669 298 2737 Ante
315 2666 456 2752 omnia,
473 2663 544 2735 hoc
566 2679 618 2734 est
637 2679 720 2735 ante
736 2686 838 2760 spem
854 2677 890 2736 et
903 2664 1107 2751 caritatem,
1131 2661 1188 2732 vel
1204 2675 1330 2732 caetera
1344 2658 1455 2749 bona,
1474 2658 1604 2756 quibus
1621 2658 1667 2730 ad
1685 2661 1808 2732 vitam·

208 2800 377 2857 aeternam
393 2784 611 2881 pervenitur.
630 2813 648 2851 «
662 2798 751 2854 ...ut
762 2797 952 2856 teneat...»
965 2787 1044 2853 Non
1058 2780 1175 2853 solnm
1190 2779 1337 2868 habeat,
1351 2779 1415 2852 sed
1427 2778 1588 2851 habitam
1603 2779 1794 2868 custodiat,

207 2923 380 3004 tanquam
388 2903 572 2975 honorum
583 2904 747 2975 omnium
757 2901 1147 2999 fundamentumque
1157 2901 1333 2997 originem
1347 2927 1355 2970 ε
1371 2899 1481 2970 «Sine
1492 2896 1588 2970 fide»
1600 2899 1747 2996 quippe,
1758 2915 1797 2972 ut

208 3028 257 3098 ait
264 3021 479 3122 Apostolus,
492 3049 511 3089 a
519 3019 738 3118 impossibile
746 3035 799 3094 est
808 3019 949 3119 placere
958 3025 1075 3093 Deo.»
1090 3049 1107 3088 a
1116 3073 1123 3090 .
1132 3073 1139 3089 .
1149 3019 1418 3106 catholicam»
1430 3015 1467 3087 id
1477 3031 1530 3087 est
1540 3015 1792 3106 universalem,

207 3161 243 3218 et
267 3142 435 3216 omnibus
461 3139 626 3214 fidelibus
648 3166 902 3230 communem,
931 3154 1038 3237 atque
1064 3141 1114 3211 ita
1135 3140 1273 3211 cunctis
1297 3137 1555 3226 necessariam,
1583 3150 1624 3206 ut
1640 3161 1707 3207 nec
1730 3163 1794 3209 an·

206 3264 296 3360 tiqui
313 3263 399 3357 justi
419 3276 494 3333 tam
515 3275 597 3333 ante
617 3260 754 3358 legem,
774 3285 884 3359 quam
900 3258 1081 3356 sublege,
1101 3258 1236 3356 absque
1253 3256 1313 3329 illa
1328 3256 1563 3328 salvarentur.
1587 3285 1605 3323 a
1624 3259 1664 3326 Iu
1680 3257 1794 3326 irini·

206 3397 299 3470 tate,
322 3407 339 3446 u
364 3379 435 3450 hoc
458 3395 511 3451 est
525 3381 563 3452 in
583 3379 697 3451 tribus
718 3381 880 3477 personis
897 3381 1125 3467 existentem,
1145 3392 1181 3449 et
1196 3393 1269 3448 tres
1285 3399 1457 3473 personas
1480 3375 1517 3444 in
1534 3399 1609 3445 uno
1625 3379 1702 3445 Deo
1719 3400 1793 3446 non

206 3501 323 3573 solum
343 3499 551 3588 credamus,
570 3499 759 3572 sedetiam
775 3524 1001 3572 veneremur.
1022 3499 1182 3587 Qualiter
1200 3513 1319 3570 antem
1336 3496 1412 3567 haec
1428 3495 1580 3566 Trinitas
1592 3496 1690 3591 juxta
1707 3522 1793 3593 pro—

206 3624 372 3720 prietates
392 3627 646 3718 personarum,
665 3637 700 3693 et
720 3621 795 3711 lraec
811 3623 929 3694 unitas
944 3620 1144 3694 secundum
1165 3635 1331 3690 naturam
1350 3617 1480 3689 divinae
1496 3614 1702 3688 substantiae
1717 3642 1795 3688 cre-

206 3739 326 3811 denda
341 3741 406 3827 sit,
429 3741 549 3811 statim
571 3739 806 3829 determinat,
825 3739 949 3810 dicens
970 3766 978 3808 :
999 3741 1160 3833 «Neque
1181 3734 1445 3807 confundentes
1466 3758 1651 3831 personas,
1676 3762 1694 3801 n
1717 3740 1794 3808 Hoc

206 3872 275 3948 est,
290 3858 543 3955 permiscentes
559 3857 605 3929 ad
621 3859 775 3930 invicem
792 3881 981 3954 personas,
1000 3868 1041 3924 ut
1055 3854 1223 3925 videlicet
1237 3851 1406 3924 eamdem
1422 3853 1584 3925 dicamus
1601 3879 1792 3951 personam

205 3981 334 4067 Patria,
361 4004 440 4077 quae
460 3979 554 4067 Filii,
573 3979 629 4050 vel
646 3979 796 4076 Spiritus
817 3979 948 4066 sancti;
967 3977 1059 4047 sicut
1074 3974 1133 4047 illa
1149 3975 1292 4046 haeresis
1314 3972 1511 4061 asserebat,
1530 3998 1609 4070 quae
1630 3974 1675 4046 de
1693 3982 1795 4050 Patre

206 4099 363 4188 dicebat,
391 4101 476 4198 quia
500 4099 647 4196 quando
672 4099 749 4172 vult
775 4104 877 4171 Pater
892 4112 964 4189 est,
983 4095 1130 4196 quando
1146 4093 1224 4167 vult
1239 4095 1358 4166 Filius.
1385 4123 1403 4162 «
1419 4097 1540 4184 Neque
1556 4093 1792 4167 substantiam

205 4233 427 4317 separantes,
443 4247 462 4287 n
477 4218 547 4290 hoc
559 4233 631 4309 est,
650 4219 808 4291 diversas
824 4218 1038 4291 substantias
1054 4218 1091 4288 iu
1108 4220 1187 4288 Deo
1204 4214 1409 4303 credentes,
1427 4212 1491 4285 sed
1507 4237 1617 4284 unam
1633 4227 1789 4285 tantum.

205 4339 303 4410 Sicut
318 4339 417 4408 enim
438 4337 681 4410 diversitatem
701 4362 938 4435 personarum
958 4338 995 4409 in
1019 4341 1097 4408 Deo
1118 4334 1292 4407 debemus
1316 4332 1481 4422 credere,
1507 4333 1557 4403 ita
1584 4331 1692 4403 etiam
1709 4335 1791 4403 uni-

205 4474 316 4530 tatem
345 4457 474 4530 divinae
499 4458 715 4530 substantiae.
742 4457 852 4546 Quod
879 4459 999 4530 statim
1026 4482 1229 4557 exponens,
1257 4457 1338 4528 ait:
1369 4453 1483 4525 «Alia
1506 4468 1559 4525 est
1588 4453 1684 4524 enim
1709 4478 1791 4551 per·

205 4603 295 4651 sona
311 4579 439 4667 Patris,
459 4593 526 4650 etc.
549 4607 567 4646 n
588 4583 632 4650 Et
653 4604 814 4668 rursum,
841 4608 858 4647 u
877 4577 941 4651 sed
959 4580 1090 4667 Patris,
1114 4592 1149 4648 et
1166 4576 1265 4674 Filii,
1287 4575 1332 4672 fet
1347 4573 1497 4671 Spiritus
1513 4572 1626 4644 sancti
1643 4596 1716 4643 una
1741 4589 1794 4644 est

204 4703 362 4772 Deitas.»
378 4728 395 4767 «
405 4700 562 4798 AEqualis
576 4701 701 4798 gloria,
717 4729 735 4769 n
749 4702 787 4773 id
799 4715 853 4772 est
864 4701 1064 4773 reverentia
1076 4697 1290 4772 exhibenda.
1308 4724 1326 4764 a
1337 4694 1517 4792 Majestas,
1528 4721 1546 4760 n
1563 4692 1601 4764 id
1614 4707 1668 4765 est
1681 4691 1794 4788 digni-

205 4836 271 4895 tas.
299 4821 438 4913 Quare?
461 4823 563 4917 quia,
585 4849 602 4889 a
622 4821 736 4919 qualis
764 4825 878 4914 Pater,
899 4849 917 4888 n
940 4820 1048 4892 idest
1072 4833 1227 4917 quantus
1244 4817 1427 4913 dignitate.
1447 4817 1566 4901 Quam
1582 4812 1792 4909 dignitatem

204 4942 325 5012 statim
340 4943 581 5039 prosequitur,
599 4943 746 5015 dicens:
763 4971 780 5012 a
793 4939 973 5016 Incrcatus
988 4947 1104 5031 Pater,
1121 4955 1188 5012 etc.
1206 4945 1405 5011 lmmensus
1413 4941 1530 5026 Pater,
1551 4963 1569 5003 n
1588 4958 1664 5006 non
1681 4934 1790 5022 mole,

267 5167 351 5227 neu„
363 5183 419 5234 cap.
432 5187 472 5232 xr,
482 5186 506 5221 v.
520 5172 544 5222 6.
