4590 6106
224 729 257 776 Dc
269 727 417 790 persecutio·

256 810 286 842 uc
298 792 390 842 abbatis

232 859 299 931 sui-ct
309 857 408 906 fratrum

269 940 293 972 tn
308 939 372 970 Olllll.

443 555 490 626 at
726 646 732 660 Ι
879 547 1006 618 PETRI
1033 538 1263 616 sssAELattut
1285 537 1340 608 ET
1366 533 1589 608 HELOlSSAE

442 693 595 764 clamare
624 685 823 787 coeperunt,
849 708 946 756 nunc
972 707 1029 755 me
1048 697 1211 781 patenter
1235 676 1451 764 ostendisse,
1478 672 1578 771 quod
1605 693 1744 768 semper
1768 667 2023 738 monasterium

442 809 529 880 illud
553 823 716 879 nostrum
734 804 991 892 infestaverim,
1012 817 1048 872 et
1065 799 1165 898 quod
1191 821 1289 870 nunc
1311 795 1464 866 maxime
1485 793 1551 865 toti
1574 813 1684 886 regno
1705 787 1970 884 derogaverim,
1991 787 2026 856 ei

444 929 606 999 videlicet
632 927 806 997 honorem
826 922 927 993 illum
952 921 1131 1008 auferens,
1159 943 1232 1016 quo
1256 914 1478 1014 singulariter
1506 910 1732 1008 gloriaretur,
1758 929 1871 1005 quum
1898 929 2024 976 eorum

443 1064 633 1144 patronum
658 1043 899 1141 areopagitam
926 1040 1031 1110 luisse
1060 1038 1287 1134 denegarem.
1317 1039 1392 1131 Ego
1416 1046 1536 1104 autem
1560 1027 1749 1128 respondi,
1778 1049 1847 1097 nec
1868 1048 1929 1101 me
1953 1024 2025 1096 hoc

441 1167 648 1259 denegasse,
687 1186 753 1232 nec
780 1160 933 1230 multum
961 1157 1162 1229 curandum
1187 1159 1290 1242 esse¹,
1318 1169 1439 1224 utrum
1467 1151 1542 1249 ipse
1577 1147 1778 1246 areopagita
1802 1167 1847 1216 an
1881 1142 2027 1214 aliunde

441 1288 561 1370 larerit,
577 1280 778 1353 dummodo
800 1295 934 1349 tantam
949 1277 1046 1376 apud
1065 1281 1180 1348 Deum
1193 1274 1343 1372 adeptus
1357 1272 1417 1344 sit¹
1429 1291 1618 1342 coronam:
1632 1267 1684 1338 llli
1697 1287 1783 1338 vero
1800 1263 1847 1334 ad
1860 1262 2026 1334 abbatem

440 1408 556 1474 statim
580 1414 852 1488 concurrentes,
877 1398 977 1495 quod
1003 1397 1090 1467 milri
1118 1394 1380 1493 imposuerant⁸
1399 1393 1664 1462 nuntiaverunt.
1690 1388 1761 1474 Qui
1782 1384 1934 1456 libenter
1955 1383 2026 1454 boc

439 1525 590 1608 audivit,
609 1519 767 1617 gaudens
786 1543 823 1590 se
837 1519 1062 1590 occasionem
1076 1515 1231 1612 aliquam
1251 1512 1399 1611 adipisci
1412 1535 1484 1607 qua
1501 1533 1560 1580 mc
1574 1508 1810 1606 opprimeret,
1824 1516 1949 1601 utpote
1964 1504 2024 1598 qui

440 1657 575 1738 quanto
595 1640 727 1711 caeteris
746 1639 883 1735 turpius
897 1635 1054 1724 vivebat,
1076 1634 1188 1730 magis
1208 1656 1265 1704 me
1283 1629 1482 1703 verebatur.
1503 1633 1603 1698 Tunc
1620 1623 1774 1698 concilio
1795 1647 1861 1694 suo
1879 1645 2027 1717 congre·
2088 1675 2091 1682 ,

440 1778 540 1856 gato,
561 1775 596 1830 et
611 1758 774 1830 fratribus
787 1757 1036 1854 congregatis‘,
1052 1754 1203 1851 graviter
1216 1751 1304 1824 mibi
1316 1749 1554 1823 comminatus
1565 1760 1635 1836 cst,
1653 1760 1736 1818 etse
1750 1743 1797 1816 ad
1810 1763 1928 1839 regem
1943 1765 2025 1814 cum

440 1880 664 1951 festinatione
687 1879 880 1949 missurum
903 1876 1008 1964 dixit,
1034 1889 1075 1946 ut
1096 1874 1141 1945 dc
1162 1897 1220 1944 me
1244 1871 1439 1944 vindictam
1465 1883 1636 1957 sumeret,
1659 1881 1830 1963 tanquam
1852 1864 1953 1959 regni
1972 1863 2025 1932 sui

441 1999 589 2092 gloriam
603 2013 637 2067 et
651 2019 824 2068 coronam
843 1996 876 2066 ei
895 1995 1093 2083 auferente3
1108 2008 1143 2064 et
1162 2016 1220 2063 me
1233 1991 1376 2064 interim
1396 1988 1489 2061 bene
1507 1987 1696 2059 observare
1711 1984 1892 2082 precepit,
1909 1981 2027 2052 donec

443 2141 500 2186 me
523 2118 595 2212 regi
620 2114 786 2185 traderet.
809 2117 883 2208 Ego
908 2127 1026 2184 autem
1052 2112 1099 2183 ad
1126 2111 1324 2208 regularem
1351 2107 1592 2207 disciplinam,
1617 2103 1754 2203 siquid
1779 2103 2023 2199 deliquissem,

442 2236 570 2306 frustra
589 2260 646 2306 me
663 2233 869 2305 offerebam.
887 2237 986 2302 Tunc
1003 2256 1070 2328 ego
1088 2231 1284 2328 nequitiam
1297 2251 1424 2301 eorum
1437 2228 1667 2300 vehementer
1678 2225 1888 2313 exhorrens,
1902 2237 2027 2320 utpote

442 2357 503 2450 qui
532 2353 675 2425 tandiu¹
701 2368 774 2422 tam
803 2349 989 2422 adversam
1021 2348 1242 2421 habuissem⁶
1268 2349 1467 2436 fortunam,
1501 2347 1643 2444 penitus
1671 2344 1894 2442 desperatus,
1927 2343 2028 2439 quasi

442 2475 630 2544 adversum
656 2495 713 2540 me
741 2470 925 2540 universus
948 2467 1167 2562 conjurasset
1199 2465 1374 2555 mundus,
1403 2462 1644 2560 quorumdam
1675 2485 1851 2534 consensu
1882 2461 2026 2532 fratrum

445 2595 515 2665 mei
544 2592 805 2680 miserantium,
836 2604 873 2661 et
904 2588 1144 2686 quorumdam
1178 2586 1434 2685 discipulorum
1470 2599 1674 2655 nostrorum
1707 2581 1892 2680 suffragio,
1922 2597 2028 2652 nocte

443 2717 593 2783 latenter
604 2711 738 2808 aufugi,
758 2725 864 2809 atque
875 2711 922 2782 ad
937 2725 1066 2782 terram
1078 2708 1218 2779 comitis
1231 2705 1444 2779 Theobaldi⁷
1455 2706 1673 2802 proximam,
1689 2704 1751 2777 ubi
1762 2719 1865 2776 antea
1884 2706 1920 2774 in
1939 2704 2028 2775 cella

365 2919 369 2927 Ι
446 2847 603 2902 moratus
635 2831 789 2920 fueram,
816 2830 963 2902 abcessi.
992 2833 1071 2927 lpse
1100 2828 1234 2925 quippe
1264 2841 1300 2899 et
1325 2826 1413 2896 mihi
1441 2825 1701 2922 aliquantulum
1728 2837 1834 2896 notus
1867 2838 1959 2913 erat,
1993 2839 2028 2893 et

448 2951 739 3050 oppressionibus
756 2952 861 3022 meis⁸
874 2973 962 3047 quas
973 2948 1134 3021 audierat
1146 2947 1344 3020 admodum
1357 2947 1652 3044 compatiebatur.
1668 2944 1719 3019 lbi
1731 2960 1849 3017 autem
1861 2945 1897 3014 in
1911 2959 2027 3016 castro

446 3074 613 3169 Privigni⁹
626 3072 758 3144 morari
777 3072 887 3168 coepi,
902 3072 938 3141 in
957 3069 1045 3140 cella
1062 3068 1226 3140 videlicet
1243 3067 1399 3164 quadam
1413 3069 1627 3138 trecensium
1645 3063 1922 3154 monachorum,
1940 3091 2028 3162 quo·

446 3217 527 3262 rum
549 3193 649 3288 prior
677 3205 780 3261 autea
805 3189 893 3259 milri
917 3187 1096 3258 familiaris
1123 3187 1304 3274 extiterat,
1333 3202 1369 3257 ct
1391 3184 1520 3258 valde¹⁰
1543 3187 1741 3258 dilexerat:
1766 3185 1829 3283 qui
1859 3183 1961 3258 valde
1991 3185 2026 3254 in

445 3310 600 3380 adventu
627 3332 709 3379 meo
728 3309 884 3406 gavisus,
901 3331 983 3378 cum
1003 3307 1103 3377 omni
1128 3304 1307 3402 diligentia
1327 3329 1384 3376 me
1406 3305 1631 3402 procurabat.
1655 3304 1790 3378 accidit
1806 3319 1924 3375 autem
1942 3327 2028 3399 qua·

446 3429 530 3498 dam
548 3430 624 3518 die,
645 3444 684 3499 ut
701 3428 747 3500 ad
765 3429 883 3526 ipsum
902 3441 1058 3499 castrum
1073 3424 1182 3497 abbas
1199 3440 1321 3500 noster
1333 3426 1380 3498 ad
1390 3426 1599 3525 praedictum
1612 3427 1780 3498 comitem
1798 3449 1866 3524 pro
1884 3424 2027 3522 quibus·

446 3546 530 3618 dam
549 3551 620 3620 suis
645 3548 794 3645 negotiis
814 3543 963 3619 veniret.
990 3551 1072 3634 Quo
1097 3546 1260 3643 cognito,
1281 3547 1411 3618 accessi
1435 3546 1483 3618 ad
1504 3547 1672 3619 comitem
1690 3571 1773 3618 cum
1802 3547 1922 3644 priore
1947 3545 2024 3634 illo,

446 3693 575 3765 rogans
604 3691 687 3739 eum
715 3682 890 3765 quatenus
916 3691 983 3764 pro
1012 3689 1071 3736 me
1094 3666 1170 3764 ipse
1192 3666 1426 3738 intercederet
1448 3666 1494 3736 ad
1518 3666 1684 3740 abbatem
1709 3679 1890 3755 nostrum,
1912 3681 1952 3737 ut
1970 3689 2028 3736 me

447 3785 658 3877 absolveret,
669 3801 705 3858 et
717 3786 896 3858 licentium
910 3785 1011 3862 daret
1022 3783 1165 3856 vivendi
1178 3787 1374 3858 monastice
1388 3785 1593 3884 ubicunque
1606 3787 1694 3860 mihi
1708 3800 1916 3886 competens
1928 3787 2028 3858 locus

447 3921 659 3977 occurreret.
682 3911 761 4005 lpse
775 3920 912 3995 autem,
928 3919 963 3977 et
981 3906 1042 4001 qui
1057 3929 1138 3976 cum
1152 3929 1197 3976 co
1211 3920 1329 3994 erant,
1344 3907 1381 3976 in
1395 3907 1545 3979 consilio
1559 3931 1636 3979 rem
1651 3921 1866 4006 posuerunt,
1882 3931 2030 4006 respon·

446 4028 518 4096 suri
536 4027 658 4097 comiti
676 4050 782 4124 super
799 4025 871 4098 hoc
895 4027 932 4096 in
950 4027 1026 4124 ipsa
1049 4025 1120 4114 die,
1141 4039 1223 4096 ante
1240 4049 1350 4124 quarn
1367 4027 1586 4098 recederent.
1608 4028 1700 4099 Inito
1718 4043 1838 4100 autem
1856 4025 2023 4113 oonsilio,

445 4147 560 4216 visum
579 4161 632 4217 est
649 4147 699 4217 eis
717 4171 777 4217 me
790 4145 837 4216 ad
855 4145 960 4217 aliam
982 4144 1160 4217 abbatiam
1180 4144 1270 4218 velle
1288 4148 1453 4236 transire,
1474 4163 1508 4220 et
1527 4147 1599 4220 hoc
1612 4173 1683 4220 suae
1700 4147 1856 4220 dedecus
1873 4149 2028 4218 immen-

444 4291 524 4336 sum
542 4266 630 4337 sore.
653 4267 812 4338 Maximae
830 4291 985 4365 namque
1002 4264 1122 4363 gloriae
1141 4263 1209 4335 sibi
1226 4265 1465 4364 imputabant,
1481 4269 1582 4365 quod
1594 4268 1641 4340 ad
1659 4293 1721 4341 eos
1739 4271 1775 4340 in
1794 4269 2028 4342 conversione

446 4411 525 4456 mea
543 4385 782 4475 divertissem,
803 4387 904 4483 quasi
923 4387 1057 4458 caeteris
1070 4385 1238 4457 omnibus
1256 4387 1406 4458 abbatiis
1418 4391 1649 4488 contemptim
1667 4405 1702 4462 et
1716 4415 1812 4463 nunc
1831 4391 2025 4462 maximum

445 4505 511 4576 sibi
525 4508 711 4579 imminere
723 4505 889 4578 dicebant
903 4503 1155 4604 opprobrium,
1178 4507 1206 4579 si
1225 4508 1274 4578 eis
1292 4507 1449 4604 abjectis,
1470 4509 1516 4581 ad
1534 4509 1621 4582 alios
1639 4525 1906 4583 transmearem.
1925 4508 2028 4580 Unde

445 4625 646 4695 nullatenus
663 4626 719 4697 vel
738 4649 812 4714 me,
829 4625 885 4696 vel
903 4624 1073 4695 comitem
1093 4649 1200 4723 super
1222 4625 1294 4698 hoc
1314 4627 1520 4715 audiemnt3
1541 4631 1615 4700 imo
1635 4629 1721 4700 mibi
1743 4631 1861 4702 statim
1879 4629 2028 4700 commi·
2058 4669 2060 4676 ,

446 4746 519 4814 uati
537 4759 639 4833 sunt,
667 4745 765 4840 quod
784 4747 851 4816 nisi
869 4743 1014 4818 festinus
1034 4744 1204 4834 redirem,
1231 4771 1290 4818 me
1313 4750 1684 4838 excommunicarent;
1704 4765 1740 4821 et
1757 4750 1868 4848 priori
1893 4747 1960 4838 illi,
1981 4746 2027 4817 ad

478 4981 486 5006 ‘
500 4981 616 5030 [arouse
634 4977 704 5031 uus.
721 5007 750 5018 ·-
763 4978 773 5006 '
785 4983 914 5042 aequatae
934 4979 1004 5032 aus
1016 5005 1049 5019 -
1061 4980 1071 5008 ⁸
1083 4981 1218 5044 Imperium·
1249 4985 1375 5043 mets-quos
1386 4981 1456 5034 uus.
1469 5009 1498 5020 -
1512 4983 1522 5010 ⁹
1535 4985 1635 5036 Prusias·
1645 4983 1695 5036 tls.
1714 4984 1786 5038 Ami),
1804 4983 1866 5036 Vide
1877 4994 1929 5034 not.
1943 4999 2025 5034 rrrrx.

444 5073 514 5112 erant
534 5061 583 5113 MS.
607 5065 678 5116 smb.
696 5063 752 5101 ·-‘
771 5065 911 5116 Convocatis
930 5065 959 5115 u.
981 5091 1009 5103 -
1024 5065 1035 5093 ⁸
1048 5067 1103 5115 Jam
1122 5065 1170 5118 uu.
1188 5093 1217 5103 -
1251 5093 1275 5102 -
1294 5066 1316 5094 '⁰
1328 5067 1460 5118 Plurimum
1475 5067 1546 5119 lillS.
1706 5058 1712 5070 ’

444 5147 455 5176 ¹
472 5147 601 5204 Sensissent
612 5147 681 5199 lillS.
702 5177 722 5186 -·
740 5147 823 5200 'Vide
836 5160 888 5200 not.
908 5167 1010 5202 aaxvru.
1024 5177 1051 5188 υ-
1067 5149 1078 5182 ’
1092 5151 1220 5202 Doloribus
