4486 6100
583 835 642 892 tx.

336 971 409 1026 Deus
420 969 471 1024 Dei
486 967 619 1036 verbum,

335 1063 418 1118 Pater
430 1069 614 1126 coaeternum,

335 1150 415 1207 biens
427 1169 461 1206 ex
476 1150 535 1204 Deo
547 1157 611 1202 nata

335 1243 399 1296 Non
412 1248 504 1295 creata
512 1245 533 1306 ¹,

335 1381 388 1436 Per
401 1398 485 1455 quem
499 1379 587 1434 sactus
601 1376 737 1442 mundns,

335 1471 388 1526 Per
405 1488 489 1544 quem
504 1477 658 1542 reparatus,
713 1483 715 1487 ·

336 1561 418 1620 Votis
431 1549 648 1633 supplicantium

335 1648 453 1705 Intende
464 1665 615 1704 servorum.

324 1789 423 1844 ‘ludex
436 1798 530 1843 noster
542 1785 667 1852 Christe,

334 1879 428 1934 Nostri
444 1879 593 1947 miserere,

333 1969 449 2042 Ignosce
462 1985 537 2022 nunc
552 1965 657 2032 bonus,

333 2059 375 2113 Ne
387 2057 555 2113 condemnes
568 2057 667 2128 justus.

333 2200 398 2255 Esto
410 2197 491 2254 nobis
504 2207 599 2266 natus,

334 2289 400 2344 Esto
411 2287 491 2344 nobis
501 2303 610 2360 passus,

332 2379 390 2450 Qui
402 2379 450 2433 das
459 2396 542 2452 spem
556 2376 652 2432 solutis

237 2535 240 2541 Δ
332 2469 366 2524 ln
382 2478 503 2543 utroque
516 2467 607 2522 nobis.

333 2611 376 2667 Ne
387 2612 423 2666 sit
435 2609 508 2665 nasci
524 2625 640 2678 vanum,

333 2703 376 2758 Ne
388 2703 424 2758 sit
440 2703 499 2776 pati
511 2717 634 2765 cassum

333 2794 391 2851 Nec
402 2792 518 2849 insultet
529 2789 619 2846 hostis

334 2883 421 2941 Nobis
433 2884 463 2939 in
475 2893 504 2938 te
516 2880 581 2936 fisis.

334 3034 423 3090 Mater
436 3030 560 3105 pictatis,

333 3123 416 3182 Adsis
430 3123 475 3196 pia
493 3119 588 3187 nobis,

334 3213 392 3268 Nec
405 3230 453 3286 spe
467 3228 516 3266 sua
531 3208 643 3265 fraudes

333 3303 374 3358 Dc
386 3311 415 3358 te
426 3309 632 3376 presumentes.

332 3451 387 3506 Per
400 3458 428 3505 te
439 3449 491 3504 Dei
503 3447 593 3502 factus

332 3539 377 3596 sd
390 3556 440 3595 nos
452 3548 495 3594 cst
506 3537 671 3604 descensus,

333 3629 387 3686 Per
399 3639 428 3684 te
446 3624 690 3683 conscendendum

334 3717 422 3774 Nobis
435 3727 478 3772 est
493 3713 528 3771 ad
542 3716 643 3789 ipsum.

334 3868 389 3924 Per
406 3876 434 3923 te
446 3865 629 3932 reducamur,

335 3958 393 4027 Qui
406 3967 434 4014 te
446 3955 623 4030 profitemur,

336 4047 402 4118 Ejus
416 4045 451 4100 ad
468 4062 518 4101 nos
530 4053 638 4118 portam

335 4137 370 4192 Et
386 4135 421 4191 ad
435 4152 500 4192 cum
512 4142 647 4189 nostram.

336 4285 389 4341 Cui
403 4283 440 4339 sit
449 4293 479 4338 et
492 4281 569 4337 trino

337 4376 441 4448 Perper
452 4372 545 4429 bonor
556 4371 630 4440 Deo,

337 4464 377 4519 Ex
388 4481 456 4538 qun,
469 4479 616 4536 perquem
632 4470 742 4528 cuncta,

338 4554 370 4608 ln
385 4569 443 4628 qno
458 4561 523 4607 sunt
539 4560 640 4606 creata.

745 4640 833 4694 Auru.

582 4791 654 4848 LXI.

336 4921 430 4978 Mater
441 4920 591 4976 salvatoris

336 5011 416 5070 Vide
428 5010 499 5087 quid
510 5009 627 5080 dicaris,

1146 762 1235 818 Pensa
1247 761 1416 836 singularem

1147 851 1276 907 Nominis
1290 852 1437 908 bonorem.

1146 993 1264 1065 Compie
1280 991 1388 1049 dictum
1405 994 1488 1062 iacto,

1148 1081 1203 1138 Sed
1215 1082 1310 1140 labore
1327 1083 1420 1150 nulio,

1148 1173 1240 1244 Quam
1254 1175 1294 1230 ris
1311 1193 1366 1230 una
1378 1193 1460 1248 prece

1149 1261 1223 1318 Reos
1234 1261 1402 1318 absolvente.

1148 1405 1358 1478 Aure¹quippe
1374 1407 1471 1460 matris
1501 1433 1504 1442 ι

1149 1493 1296 1568 Quidquid
1307 1493 1490 1568 postulabit⁸,

1147 1583 1232 1658 Apud
1248 1594 1305 1640 tam
1317 1584 1472 1659 benignum

1147 1674 1313 1748 impetrabis
1327 1686 1433 1731 natum.

1147 1815 1277 1872 Sanctam
1291 1826 1409 1871 matrem
1418 1817 1512 1889 justus

1148 1905 1212 1963 Non
1226 1905 1347 1962 offendet
1359 1917 1455 1975 natus,

1147 1991 1206 2050 Nec
1220 1995 1311 2052 ferent
1328 1995 1467 2069 repulsum

1148 2085 1215 2139 Tne
1228 2102 1324 2158 preces
1340 2084 1437 2142 ullam.

1149 2212 1250 2268 Virtus
1261 2213 1418 2270 sanctitatis

1081 2371 1086 2386 ι
1147 2300 1183 2355 Et
1197 2311 1318 2374 potestas
1331 2305 1429 2358 matris

1146 2390 1404 2468 Quantumcunque
1417 2412 1550 2469 magnum

1148 2477 1326 2537 Obtinebunt
1340 2482 1457 2541 donum.

1147 2607 1247 2668 Preces
1264 2611 1446 2686 supplicantis

1148 2699 1212 2755 Non
1224 2709 1386 2757 contemnet
1398 2705 1509 2774 matris,

1148 2789 1206 2860 Qui
1219 2807 1317 2864 parere
1327 2793 1401 2866 patri

1148 2879 1234 2936 lubet
1247 2881 1304 2938 sive
1315 2883 1409 2940 matri.

1148 3008 1202 3065 Cui
1221 3010 1269 3078 sit,
1287 3019 1342 3066 etc.

1385 3175 1474 3234 LXII.

1076 3315 1230 3391 Apostolici
1242 3315 1353 3372 culmen
1372 3316 1480 3372 ordinis

1077 3407 1164 3465 Novis
1178 3415 1285 3462 recreat
1298 3405 1436 3462 mnndum
1450 3407 1575 3481 gaudiis,

1078 3497 1171 3590 Querp
1189 3497 1327 3553 exhilarat
1338 3497 1416 3554 iestis
1427 3499 1536 3554 annuis.

1076 3626 1152 3685 Alii⁴
1165 3627 1292 3702 signiferi
1304 3637 1370 3683 sunt
1385 3627 1528 3698 Ecclesiae,

1076 3718 1111 3773 In
1123 3717 1264 3774 dominica
1276 3717 1360 3773 duccs
1371 3717 1447 3790 acie,

1077 3807 1144 3863 Post
1159 3807 1212 3863 hns
1223 3817 1380 3878 martyrum
1391 3806 1451 3862 laus
1466 3808 1582 3866 militiae.

1076 3938 1222 4010 Tanquam
1237 3906 1345 4010 pedites
1359 3939 1447 3993 sancti
1458 3937 1574 4013 reliqui,

1076 4025 1258 4082 Abstinentiae
1270 4025 1354 4100 longe
1365 4026 1470 4095 dediti,

1078 4117 1142 4172 Non
1156 4114 1291 4172 deficiunt
1303 4116 1399 4172 castris
1412 4116 1536 4174 Domini.

1077 4246 1181 4319 Perper
1193 4243 1281 4318 gloria
1294 4244 1354 4318 regi
1368 4245 1492 4318 perpeti,

1078 4338 1258 4408 Exercituum
1269 4336 1384 4393 Christo
1397 4335 1529 4410 principi,

1077 4427 1152 4485 Patri
1165 4427 1271 4502 pariter
1283 4435 1312 4482 et
1330 4425 1459 4500 Spiritui.

1594 4521 1681 4572 Asinus

1381 4675 1484 4733 LXIII.

1079 4828 1248 4904 Apostolicis
1261 4839 1336 4885 recte
1349 4825 1480 4884 laudibus

1079 4918 1196 4976 Cunctis
1207 4919 1317 4974 intonet
1329 4914 1452 4972 mundns
1465 4913 1591 4988 partibus

1080 5009 1135 5065 Per
1148 5025 1218 5084 quos
1232 5006 1340 5064 cunctis
1352 5015 1395 5062 est
1405 5005 1480 5060 Deus
1492 5003 1631 5077 cognitus.

236 5258 246 5284 ¹
270 5257 324 5307 Sic
341 5254 409 5305 Gon.
421 5282 452 5292 -
464 5253 474 5280 ¹
486 5255 545 5321 Leg.
557 5271 606 5306 ore.
617 5253 667 5290 -⁸
681 5255 738 5319 beg.
753 5255 899 5304 Postuloiis.
910 5279 940 5312 ,-
950 5249 959 5278 ⁸
971 5251 1030 5316 bug.
1042 5253 1078 5304 li.
