4522 6104
445 495 519 570 654
1046 491 1174 570 rarii
1192 493 1427 570 ABAELARDI

328 663 333 674 ·
446 639 643 726 elemento,
662 635 763 734 quod
783 635 820 708 in
837 649 1063 710 sacramento
1083 635 1252 735 baptismi
1273 638 1385 734 magis
1401 637 1642 710 necessarium
1657 653 1788 712 nosue
1803 654 1896 713 esset
1910 639 2027 734 saluti.

447 765 554 832 Recte
579 782 663 853 ergo
686 755 890 862 benedictio
914 755 980 827 Dei
1001 779 1021 827 a
1042 756 1284 830 creationibus
1309 758 1481 855 aquaticis
1505 759 1656 857 incepit,
1682 781 1796 857 quum
1816 785 1859 832 ex
1879 761 1969 852 hoc,
1991 781 2030 836 ut

447 879 673 966 dictumest,
692 877 870 950 elemento
889 889 1020 954 nostrae
1038 875 1160 952 salutis
1175 875 1380 950 benedictio
1396 878 1538 950 initium
1553 893 1646 952 esset
1665 877 1832 952 habitura
1849 881 1886 950 in
1907 883 2031 954 remis·

447 999 588 1072 sionem
609 1010 841 1096 peccatorum
856 993 1025 1094 perlecta.
1046 994 1128 1072 Tale
1147 1010 1200 1070 est
1220 1020 1306 1093 ergo
1321 1023 1330 1068 :
1348 996 1532 1068 Benedirrit
1551 999 1622 1086 eis,
1641 1012 1814 1096 tanquam
1830 999 1860 1070 si
1876 998 2028 1086 diceret,

448 1134 574 1217 typum
590 1115 880 1190 sanctificationis
895 1114 1224 1212 regenerandorum
1240 1141 1282 1187 ex
1298 1139 1392 1214 aqua
1406 1115 1464 1187 rel
1477 1117 1782 1216 multiplicationis
1793 1141 1921 1190 eorum
1931 1143 2030 1191 com·

447 1239 634 1336 paratione
650 1236 946 1311 circumcisorum
959 1236 1035 1332 jam
1050 1251 1138 1308 tunc
1157 1234 1384 1333 providebat.
1404 1237 1634 1308 Circumcisio
1655 1237 1791 1336 quippe
1809 1240 1973 1335 quamvis
1994 1239 2029 1310 id

346 1341 352 1358 ’
448 1357 549 1455 quod
565 1357 766 1453 baptismus
782 1369 930 1452 operata
952 1379 1029 1428 esee
1050 1353 1191 1428 dicatur
1212 1355 1250 1426 in
1271 1355 1521 1427 remissionem
1542 1371 1796 1454 peccatorum,
1816 1383 1888 1429 non
1910 1373 2029 1431 tamen

448 1479 543 1556 banc
560 1475 756 1551 efficaciam
770 1477 808 1554 in
824 1489 879 1547 tot
891 1474 1058 1550 habuisse
1072 1475 1189 1573 potuit
1201 1475 1238 1547 in
1253 1490 1344 1572 quot
1354 1474 1524 1573 baptismi
1534 1476 1646 1570 gratia
1657 1476 1828 1574 persistit,
1843 1501 1915 1548 non
1932 1479 2029 1549 enim

449 1597 520 1678 nisi
536 1622 651 1670 mares
668 1595 1035 1684 circumcidebantur,
1053 1611 1090 1666 et
1107 1593 1174 1670 soli
1190 1594 1302 1668 ludaei
1318 1597 1392 1670 sive
1408 1595 1590 1695 proselyti.

501 1749 518 1788 a
537 1720 681 1790 Dicens.
704 1747 722 1784 a
741 1717 781 1788 ld
798 1732 852 1796 est
868 1715 967 1815 apud
982 1741 1020 1792 sa
1036 1715 1233 1816 &ponens
1247 1715 1351 1814 quod
1367 1699 1482 1788 nobis
1489 1715 1723 1814 postmodum
1740 1715 1937 1788 exhiberet.

501 1867 519 1908 a
532 1839 687 1912 Crescite
700 1852 737 1912 et
746 1835 1043 1935 multiplicamini.
1057 1863 1075 1902 r
1093 1841 1171 1912 Hoc
1187 1849 1253 1925 est,
1274 1859 1426 1911 numero
1444 1833 1727 1924 individuorum,
1746 1859 1820 1908 non
1832 1835 2032 1908 diversitate

452 1961 674 2058 specierum,
703 1971 927 2038 crementum
952 1956 1114 2054 accipite..
1142 1959 1224 2032 Nou
1247 1955 1345 2028 enim
1368 1957 1418 2028 ita
1442 1971 1496 2028 est
1520 1955 1809 2052 intelligendum,
1826 1969 1870 2026 ut
1885 1957 1983 2053 prius
1998 1957 2032 2026 in

452 2080 577 2178 seipsis
597 2091 798 2153 crescerent
820 2077 938 2150 donec
959 2075 1008 2150 ad
1027 2073 1227 2174 perlectum
1242 2075 1407 2148 venirent
1426 2089 1567 2148 [etatem
1585 2099 1656 2173 qua
1681 2099 1855 2172 generare
1873 2089 2030 2173 possent,

452 2224 566 2295 quum
582 2199 702 2270 statim
718 2196 853 2271 creatio
870 2195 995 2272 talium
1011 2195 1170 2292 perlecta
1189 2195 1295 2270 fuisse
1313 2193 1497 2269 credenda
1512 2195 1576 2284 sit,
1595 2193 1754 2292 aliocprin
1771 2193 1835 2266 diu
1852 2193 2031 2266 educanda

454 2325 545 2392 esset
560 2331 603 2390 ut
618 2315 667 2390 ad
685 2315 943 2413 perlectionem
963 2315 1113 2390 veniret.
1132 2313 1240 2402 Quod
1261 2315 1292 2388 si
1312 2314 1359 2388 de
1380 2313 1671 2412 avibusquoque
1689 2313 1947 2412 intelligamus,
1964 2337 2031 2385 non

456 2435 558 2510 facile
576 2449 727 2532 apparet
741 2433 838 2513 unde
854 2433 1111 2510 alimentorum
1124 2435 1327 2533 acciperent
1342 2435 1616 2506 nutrimentum.

505 2587 523 2625 a
543 2555 702 2654 Replete.
721 2584 740 2624 n
757 2560 835 2631 Hoc
850 2569 928 2644 est,
944 2569 1121 2653 quantum
1137 2555 1222 2628 ntis
1236 2555 1283 2626 sit
1298 2553 1432 2626 adhoc
1450 2552 1674 2626 linctilicate.

505 2703 524 2745 a
541 2682 659 2773 aquas
680 2675 801 2753 maris.
818 2703 838 2744 s
855 2677 978 2762 Quum
993 2688 1115 2752 mmen
1131 2689 1169 2748 et
1182 2699 1285 2772 aque
1299 2672 1422 2746 didces
1442 2688 1519 2746 tam
1540 2675 1656 2772 pisces
1676 2671 1837 2746 babeant
1850 2695 1960 2770 quam
1974 2697 2033 2743 m·

454 2795 583 2868 lucres.
602 2794 674 2867 Sed
691 2807 833 2867 constat
845 2793 932 2891 quia
945 2794 1064 2865 omnis
1076 2794 1307 2891 congregatio
1318 2816 1493 2892 aqmrum
1507 2807 1581 2866 tam
1594 2793 1807 2890 salsaqum
1817 2790 1934 2866 dulcis
1945 2815 2035 2863 mare

456 2914 606 3003 dicitur,
624 2929 660 2988 et
676 2937 916 3012 omnesaqna
926 2914 1074 2988 camari
1086 2913 1317 3012 proveniunt.
1332 2913 1566 3012 Ubietquod
1575 2914 1646 3002 ait,
1660 2941 1678 2982 s
1690 2914 1849 2986 animam
1863 2913 2035 2984 viventem

457 3047 566 3131 atque
587 3032 820 3124 motabilem,
837 3062 855 3104 a
873 3032 925 3107 de
943 3032 1000 3110 bis
1021 3031 1155 3110 sellim
1180 3031 1423 3109 animantibus
1447 3057 1528 3130 que
1548 3031 1729 3132 producta
1750 3046 1835 3104 sunt
1854 3055 1893 3102 er
1920 3031 2034 3127 aqtris,

458 3169 684 3233 sacramento
703 3153 875 3253 baptismi
894 3152 1093 3252 plurimum
1111 3176 1310 3249 congruere
1329 3151 1490 3242 rideurr,
1512 3151 1576 3224 ubi
1599 3175 1620 3224 a
1650 3165 1802 3250 peccato
1824 3149 1976 3238 libenti,
2003 3157 2037 3220 et

460 3275 564 3372 quasi
581 3273 627 3345 de
643 3287 761 3349 morte
776 3273 937 3349 sescus
950 3297 1015 3370 per
1030 3269 1289 3348 vivificatorem
1305 3271 1470 3369 spiritam
1486 3271 1585 3343 nasci
1605 3293 1648 3348 as
1663 3271 1784 3342 rivere
1803 3270 1841 3340 in
1859 3272 1937 3342 Deo
1955 3267 2036 3338 inci·

460 3395 598 3492 pimus,
616 3418 659 3467 ac
675 3393 850 3496 derveteri
866 3393 980 3468 Adam
998 3393 1035 3464 in
1052 3414 1189 3466 norum
1205 3414 1463 3490 promovemur
1479 3405 1516 3464 et
1535 3391 1573 3463 in
1594 3389 1760 3464 membra
1778 3389 1911 3461 Christi
1930 3403 2038 3460 nane·

459 3513 673 3591 formamur.
702 3520 748 3586 Et
772 3513 918 3590 attende
943 3512 1045 3610 quod
1063 3511 1410 3586 sol‘manimentibus
1429 3511 1504 3584 istis
1525 3535 1569 3584 ex
1593 3535 1686 3610 aqua
1711 3510 1844 3584 scilicet
1864 3511 2038 3582 meamet

461 3631 697 3732 postmodum
712 3631 922 3708 bominibus
938 3646 975 3706 et
989 3631 1137 3708 nudem
1152 3633 1309 3732 septimo
1323 3633 1395 3705 diei
1408 3636 1505 3704 Deus
1520 3633 1614 3704 'mter
1625 3631 1702 3704 heo
1714 3654 1823 3730 opera
1834 3630 2040 3702 benedicere

462 3770 701 3846 memoratur,
719 3754 972 3828 benedictione
987 3753 1149 3828 bominis
1161 3755 1281 3829 uredia
1301 3757 1512 3843 constituta,
1530 3768 1704 3851 tanquam
1725 3751 1773 3824 ad
1791 3751 1890 3824 illam
1915 3749 2039 3823 saneris

462 3875 604 3952 duabus
619 3875 933 3954 convenientibus.
951 3875 1158 3950 Benedictio
1179 3877 1314 3975 quippe
1333 3875 1492 3948 hominis
1511 3898 1532 3946 a
1551 3873 1734 3974 baptismo
1757 3873 1899 3970 incipit,
1923 3870 2040 3942 mmis·

460 3997 563 4070 sione
583 3995 743 4095 plenaria
765 4009 998 4095 peecatorum
1018 3995 1069 4068 ibi
1088 4010 1276 4094 percepta,
1295 4017 1337 4066 ac
1359 3993 1594 4094 posmodum
1613 3995 1651 4065 in
1675 3991 1867 4065 sabbamm
1888 4011 2043 4089 supemae

461 4117 636 4192 felicitatis
670 4131 840 4216 promota
872 4131 1162 4208 consummatur,
1195 4131 1237 4188 ut
1264 4113 1350 4187 hinc
1378 4139 1525 4213 quoque
1552 4111 1785 4189 benedictum
1813 4113 1860 4183 sit
1887 4109 2043 4209 superius

463 4237 616 4336 produci
637 4261 680 4309 ex
701 4225 803 4334 aquis
823 4213 982 4308 animam
1001 4237 1181 4308 viventem
1204 4250 1311 4333 atque
1333 4233 1554 4307 motabilem.
1583 4239 1623 4305 ln
1643 4232 1825 4331 baptismo
1847 4231 1982 4330 quippe
1995 4227 2043 4296 vi·

464 4382 549 4433 vere
574 4357 783 4455 incipimus,
808 4369 848 4428 ut
874 4354 958 4428 inde
981 4354 1215 4455 postmodum
1236 4356 1273 4428 in
1295 4354 1506 4454 modicum
1525 4351 1716 4427 sabbatum
1738 4352 1897 4451 promoti
1918 4349 2046 4448 pariter

465 4503 703 4576 quiescamus.

1124 4669 1170 4715 DE
1193 4667 1300 4715 SEXTA
1324 4667 1395 4714 DIE.

519 4867 535 4904 s
555 4839 719 4915 Animam
740 4837 933 4913 viventem.
951 4865 970 4906 s
987 4841 1066 4910 Hoc
1085 4851 1142 4910 est
1160 4836 1358 4909 mimamm
1383 4861 1425 4908 ex
1446 4860 1484 4908 se
1500 4835 1642 4922 vivens,
1667 4855 1743 4904 non
1764 4855 1806 4903 ex
1826 4844 1922 4902 terra
1940 4826 2047 4896 vitam

375 4929 379 4943 Ι
466 4959 700 5049 contrahens,
718 4960 883 5068 quamvis
899 4983 942 5030 ex
957 4973 1051 5030 terra
1063 4958 1130 5046 sit,
1148 4957 1239 5030 siem
1250 4981 1270 5028 e
1281 4956 1463 5028 contrario
1477 4955 1607 5056 plantae
1621 4954 1768 5026 faciunt.
1786 4950 2014 5032 «viventem,
2028 4971 2046 5009 n

466 5077 607 5173 inquit,
629 5105 647 5145 u
667 5077 705 5157 iu
722 5101 852 5180 genere
867 5101 955 5166 suo,
977 5103 995 5142 r
1014 5075 1100 5172 quia
1115 5076 1180 5148 etsi
1193 5079 1269 5172 jam
1285 5075 1343 5148 illa
1360 5075 1556 5148 animantia
1571 5097 1651 5176 quae
1665 5071 1765 5170 prius
1779 5065 2049 5142 creatasuenmt
