4590 6106
888 651 1123 724 bristoud.
1754 655 1801 724 33

222 788 362 862 Christo
383 763 501 885 atque
516 787 685 886 apostolis
710 789 758 860 ita
783 790 1050 888 inseparabiles¹
1073 794 1221 863 comites
1245 791 1430 864 adhaesisse
1448 791 1684 883 demonstrat,
1707 809 1802 867 utet

223 910 374 981 cumeis
398 910 505 979 etiam
532 908 576 980 ad
602 908 889 1006 praedicationem
908 911 1155 1009 procederent.
1181 943 1199 979 u
1222 912 1274 984 bd
1297 913 1367 984 boc
1392 915 1515 1004 enim',
1536 944 1553 980 >r
1573 915 1705 1012 inquit,
1733 945 1750 982 u
1768 931 1803 987 et
1852 907 1860 916 ’

223 1028 347 1100 fideles
367 1027 531 1100 mulieres
554 1028 725 1102 babentes
745 1045 923 1102 terrenam
945 1031 1176 1102 substantiam
1197 1031 1297 1102 ibant
1317 1034 1484 1124 cumeis,
1505 1048 1541 1105 et
1558 1033 1805 1107 ministrabant

224 1152 274 1222 sis
290 1149 336 1222 de
348 1172 412 1221 sua
427 1148 639 1240 substantia,
656 1163 696 1220 ut
707 1149 838 1222 nullius
856 1149 1056 1248 indigerent
1069 1151 1200 1223 borum
1213 1177 1293 1249 quae
1304 1151 1350 1222 ad
1362 1152 1593 1225 substantiam
1607 1154 1685 1226 vitae
1697 1153 1804 1250 bujus

222 1270 451 1367 pertinerent.
470 1297 488 1336 a
509 1273 552 1340 Et
569 1271 731 1367 quisquis
753 1295 828 1341 non
847 1285 949 1369 putat
969 1271 1208 1371 abapostolis
1227 1271 1322 1359 fieri,
1345 1287 1385 1343 ut
1402 1295 1484 1343 cum
1504 1273 1553 1343 eis
1571 1289 1699 1345 sanctae
1719 1297 1804 1344 con-

223 1389 431 1460 versationis
455 1388 621 1460 mulieres
644 1389 872 1461 cursitarent⁸
889 1415 1107 1488 quocunque
1130 1390 1353 1488 evangelium
1372 1389 1627 1484 praedicabant,
1655 1417 1804 1490 evange-

223 1507 307 1578 lium
330 1507 469 1595 audiat‚
496 1523 531 1578 et
554 1522 746 1604 cognoscat
772 1509 1079 1606 quemadmodum
1102 1510 1173 1581 boc
1197 1510 1308 1608 ipsius
1335 1511 1481 1580 Domini
1507 1509 1671 1608 exemplo
1697 1513 1805 1583 lacie-

223 1626 319 1697 bant.
354 1631 396 1697 ln
419 1626 603 1723 evangelio
628 1629 724 1697 enim
751 1625 921 1726 scriptum
944 1631 1015 1700 est‘
1039 1657 1046 1698 :
1073 1629 1290 1728 «Deinceps
1316 1643 1352 1700 et
1376 1630 1451 1727 ipse
1475 1609 1542 1740 iter
1564 1629 1712 1702 iaciebat
1742 1655 1805 1728 per

223 1744 380 1816 civitates
405 1759 442 1816 et
470 1744 634 1836 castella,
666 1745 910 1841 evangelizans
942 1769 1091 1842 regnum
1120 1747 1206 1837 Dei,
1237 1761 1272 1819 et
1305 1747 1497 1818 duodecim
1535 1773 1617 1820 cum
1649 1747 1735 1840 ito,
1771 1765 1807 1820 et

224 1863 389 1935 mulieres
415 1863 558 1961 aliquae,
586 1889 664 1960 quae
685 1879 787 1938 eraut
803 1879 933 1936 curatae
955 1889 976 1935 a
998 1865 1181 1963 spiritibus
1208 1865 1431 1956 immundis⁸,
1456 1881 1495 1938 et
1523 1865 1802 1955 infirmitatibus,

224 1984 353 2074 lllaria,
374 2008 450 2080 quae
470 1998 617 2055 vocatur
638 1983 862 2080 Magdalena,
884 1999 919 2054 et
940 1988 1099 2074 loanna,
1128 2007 1218 2056 uxnr
1242 1988 1344 2056 Cuzae
1367 1987 1609 2083 procuratoris
1636 1988 1803 2076 Herodis,

226 2117 262 2174 et
281 2105 456 2194 Susanna,
479 2119 513 2176 et
540 2103 615 2174 aliae
635 2103 754 2175 multae
776 2127 855 2200 quae
875 2103 1122 2174 ministrabant
1143 2105 1175 2175 ei
1200 2103 1246 2175 de
1267 2103 1490 2176 facultatibus
1518 2107 1600 2176 suis.
1620 2133 1638 2172 rr
1666 2111 1708 2178 lit
1735 2111 1808 2179 Leo

226 2223 367 2292 Nonus⁰
395 2237 519 2294 contra
548 2222 734 2320 epistolam
762 2221 985 2294 Parmeniani
1017 2221 1060 2293 de
1088 2219 1211 2292 Studio
1244 2227 1456 2294 Monasterir'
1488 2253 1498 2294 :
1532 2253 1550 2292 u
1580 2227 1759 2314 Omnino,
1787 2255 1804 2291 rr

225 2337 354 2436 inquit,
372 2371 390 2408 α
407 2341 620 2439 profitemur
632 2364 706 2412 non
723 2340 830 2414 licere
845 2343 1029 2438 episcope,
1050 2341 1276 2439 presbytero,
1293 2341 1466 2432 diacono,
1483 2343 1707 2416 subdiacono
1724 2369 1807 2444 pro·

224 2459 337 2554 priam
354 2483 504 2548 uxorem
522 2483 628 2530 causa
650 2459 830 2555 religionis
852 2457 1004 2554 abjicere
1020 2481 1108 2529 cura
1125 2482 1206 2548 sua,
1230 2473 1361 2532 utnon
1379 2461 1412 2530 ei
1434 2461 1567 2532 victum
1588 2476 1622 2533 et
1639 2463 1804 2535 vestitum

224 2571 487 2676 largiatur,sed
503 2603 578 2650 non
597 2593 637 2649 ut
650 2601 732 2649 cum
746 2577 806 2648 illa
824 2577 1011 2648 carnaliter
1018 2577 1147 2673 jaceat.
1168 2576 1227 2648 Sic
1244 2591 1280 2650 et
1298 2593 1440 2650 sanctos
1456 2579 1638 2678 apostolos
1656 2580 1804 2678 legimus

225 2701 334 2796 egisse
355 2701 461 2774 beato
481 2701 593 2772 Paulo
607 2700 763 2772 dicente*
780 2727 787 2768 :
806 2698 978 2798 Nunquid
996 2723 1068 2770 nors
1092 2695 1259 2772 habemus
1271 2717 1482 2798 potestatem
1500 2727 1658 2774 sororem
1683 2705 1804 2775 mulie·

226 2845 299 2890 rem
326 2818 623 2906 circumducendi,
647 2817 887 2914 sicutsratres
909 2821 1059 2890 Domini
1077 2834 1114 2888 et
1134 2819 1297 2918 Cephea?
1318 2821 1408 2892 Vide
1429 2822 1599 2920 insipiens
1620 2825 1704 2920 quia
1729 2849 1802 2895 non

225 2937 335 3010 dixit:
352 2941 522 3038 Nunquid
544 2964 618 3010 non
643 2937 817 3010 babemus
837 2953 1049 3036 potestatem
1074 2923 1235 3010 sororem
1254 2939 1438 3012 mulierem
1462 2942 1721 3038 amplectendi?
1740 2944 1802 3014 sed

223 3057 508 3130 circumducendi
515 3089 529 3146 ,·
553 3058 685 3130 scilicet
707 3073 748 3130 ut
773 3055 939 3130 mercede
960 3056 1222 3155 predicationis
1252 3073 1535 3130 sustentarentur
1554 3058 1607 3130 ab
1629 3061 1702 3152 eis,
1737 3084 1803 3132 nec

223 3191 345 3248 tamen
367 3175 535 3273 deinceps
554 3177 646 3248 loret
669 3177 761 3250 inter
778 3201 840 3250 eos
856 3176 999 3250 carnale
1021 3177 1241 3272 conjugium.
1261 3205 1279 3248 a
1300 3181 1382 3275 lpse
1393 3193 1489 3249 certe
1507 3178 1718 3276 pharisaeae,
1740 3183 1802 3276 qui

223 3297 315 3367 intra
336 3319 375 3368 se
396 3296 443 3368 de
460 3297 616 3370 Domino
636 3297 726 3368 ait⁸2
747 3325 765 3364 α
787 3297 872 3384 llic,
893 3296 922 3367 si
948 3310 1039 3368 esset
1056 3296 1255 3394 propheta„
1280 3297 1385 3368 sciret
1407 3297 1621 3395 utiquequae
1640 3312 1676 3370 et
1692 3299 1815 3395 qualis*

224 3429 314 3488 esset
331 3415 460 3489 mulier
475 3439 555 3512 quse
567 3416 679 3510 tangit
691 3439 794 3505 eum,
811 3415 895 3511 quia
912 3415 1089 3512 peccatrix
1107 3429 1176 3503 θεῖς
1198 3441 1216 3482 a
1237 3415 1349 3488 multo
1369 3416 1670 3509 commodiorem,
1690 3441 1803 3516 quau·

225 3547 300 3606 tum
312 3533 358 3606 ad
371 3533 571 3608 humanum
586 3535 762 3628 judicium
776 3547 927 3631 spectat,
945 3531 1177 3629 turpitudinis
1194 3534 1437 3627 conjecturam
1454 3534 1503 3606 de
1516 3536 1672 3610 Domino
1686 3538 1805 3608 conci-

223 3677 309 3750 pere
324 3668 481 3754 potetat,
504 3677 612 3750 quarn
631 3651 676 3724 de
697 3652 803 3726 nobis
824 3652 900 3741 isti;
920 3665 982 3725 aut
999 3651 1062 3747 qui
1080 3665 1231 3724 matrem
1250 3652 1328 3747 ejus
1343 3652 1467 3748 juveni
1480 3654 1801 3744 commendatam⁸3

225 3775 279 3846 vel
302 3774 495 3872 propbetas
521 3797 604 3849 cum
630 3773 745 3850 viduis
771 3774 926 3844 maxime
945 3771 1117 3869 hospitari
1135 3787 1242 3868 atque
1258 3774 1487 3844 conversari¹⁰
1507 3773 1669 3866 ridebat,
1690 3775 1803 3848 multo

223 3891 500 3989 probabiliorem
514 3891 598 3964 iude
609 3892 849 3990 suspicionem
862 3889 1085 3962 contrahere.
1103 3889 1200 3975 Quid
1212 3891 1321 3962 etiam
1334 3891 1504 3964 dixissent
1516 3893 1573 3964 isti
1586 3893 1815 3968 detractores-

223 4011 356 4100 nostri,
376 4011 600 4088 silllalcbum
621 4011 722 4084 illum
741 4011 920 4109 captivum
944 4007 1182 4097 monachum,
1199 4007 1330 4106 dequo
1347 4009 1472 4082 beatus
1492 4011 1613 4084 scribit
1632 4014 1803 4112 llierouy·

223 4135 342 4221 mus¹‘;
363 4131 494 4206 eodem
512 4131 750 4205 contubernio
770 4155 852 4201 cum
872 4152 982 4200 uxore
1005 4128 1222 4200 victitantem
1241 4131 1512 4227 conspicerent?
1526 4136 1670 4219 Quanto
1688 4134 1726 4206 id
1739 4137 1805 4206 cri-

225 4253 314 4324 mini
331 4251 565 4342 ascriberent,
590 4251 690 4349 qnod
710 4251 870 4348 egregius
891 4249 949 4320 ille
961 4248 1099 4322 'doctor
1118 4273 1231 4346 quum
1251 4247 1414 4342 vidisset,
1426 4253 1591 4324 ‚maxime
1616 4278 1801 4328 commen-

225 4371 316 4444 dans
333 4372 412 4445 ait:
433 4403 451 4442 u
469 4377 558 4444 Erat.
573 4371 644 4444 illic
664 4395 773 4450 senex
795 4369 942 4467 quidam
962 4369 1114 4444 nominc
1131 4367 1308 4458 Metellus,
1325 4368 1486 4464 ejusdem
1504 4370 1574 4444 loci
1592 4372 1758 4469 indigena
1767 4379 1796 4444 ¹¹.
1812 4416 1814 4426 =

257 4661 265 4686 ‘
277 4658 396 4712 inseritur
399 4663 467 4720 fidas
475 4657 546 4710 alls,
566 4689 571 4694 -
588 4657 667 4724 ’Cap
679 4674 701 4708 rr
723 4658 795 4721 opp„
805 4655 911 4718 Parisiis,
925 4655 995 4714 1685,
1028 4671 1101 4721 mrum
1111 4652 1235 4721 scripserit
1248 4656 1345 4706 nomiae
1354 4655 1441 4706 beonis
1452 4655 1499 4718 lll,
1512 4655 1580 4720 cujus
1591 4657 1759 4724 trulegam,
1772 4675 1801 4710 ea

225 4739 996 4806 inlul.,t.ll.cul.l78.-¹GtrcumtrentG.-‘buccaprm,
1027 4749 1094 4790 recte
1103 4740 1201 4793 nonum
1210 4740 1286 4807 ipsius
1295 4739 1816 4807 citsurrinprimspsrtsdscretidcatiaub¹

225 4843 249 4876 a.
263 4833 271 4877 1
286 4838 312 4878 et
322 4828 412 4893 sip—¹
424 4828 536 4892 dationis
545 4827 595 4880 llS.
608 4827 680 4880 Amb.
691 4853 722 4863 -
734 4826 743 4853 ⁸
754 4823 900 4892 mquidem
912 4823 999 4889 legitur
1030 4823 1086 4874 dist.
1097 4823 1183 4887 lllllll,
1192 4839 1248 4889 cap.
1260 4824 1335 4875 ι.-1
1349 4824 1456 4876 θοήιιὴ.
1468 4825 1492 4886 l,
1502 4840 1557 4892 cap.
1568 4842 1608 4888 ιι,
1618 4841 1642 4877 r.
1655 4826 1730 4878 5.·-·
1739 4828 1800 4882 buc.

225 4917 249 4962 in
262 4913 387 4964 codicibus
404 4914 572 4980 manuscriptis
584 4923 608 4964 et
619 4909 780 4970 editionibus;
793 4925 877 4959 rerum
892 4907 950 4958 nihil
963 4916 999 4957 est
1030 4923 1085 4975 cap.
1097 4924 1144 4970 ru,
1157 4924 1181 4959 v.
1194 4911 1235 4959 39.
1247 4936 1270 4946 -
1281 4909 1293 4936 ’
1305 4909 1374 4960 ioan.
1387 4925 1443 4976 cap.
1453 4926 1510 4972 ιιι,
1521 4926 1544 4961 v.
1557 4913 1599 4968 tl.
1615 4939 1635 4948 -
1646 4909 1669 4938 ⁴⁰
1678 4892 1738 4976 ded.
1752 4911 1801 4972 lll,

225 4998 286 5064 quod
299 4998 349 5048 Leo
365 4997 448 5048 Nouus
460 5009 543 5047 contra
557 4997 690 5060 Epistolum
706 4995 864 5045 Pomeaimri
876 4995 906 5042 dc
921 4995 999 5042 studio
1031 5007 1086 5058 cap.
1098 5008 1155 5051 aur,
1166 5008 1189 5042 r.
1201 4992 1367 5059 locum-'⁴
1378 4995 1425 5044 Vit.
1437 4995 1537 5055 Hateri,
1551 4995 1612 5059 opp.
1624 5005 1641 5045 t.
1654 4994 1749 5056 lV,col.
1759 4999 1800 5048 tt.

225 5087 360 5132 monasteris·
366 5081 498 5148 scripserit.
508 5081 586 5131 Locus
593 5097 664 5146 quem
673 5075 1000 5142 Abaelardusallcrt,reperi·
1030 5073 1090 5112 -''
1101 5071 1156 5125 Tris
1168 5074 1240 5126 rerba
1251 5076 1295 5126 ista
1304 5076 1448 5128 ltmboesius
1465 5079 1550 5130 asserit
1569 5093 1617 5129 aon
1636 5077 1719 5130 baberi
1736 5081 1801 5146 apud

226 5167 292 5216 turin
301 5165 462 5232 responsione
470 5163 595 5215 llumberti
604 5164 634 5214 ad
644 5163 752 5214 libellum
764 5161 853 5212 Nicctaa
864 5158 999 5226 presbyteri
1031 5157 1126 5209 beatum
1143 5158 1334 5226 Hieronymum,
1348 5160 1392 5211 sad
1403 5177 1487 5213 eorum
1501 5163 1555 5213 loco
1567 5164 1702 5228 αὐτόχθων,
1718 5179 1801 5215 vocem

225 5262 248 5299 es
259 5249 371 5302 monachi
382 5248 497 5301 adversus
507 5248 604 5299 latinos
618 5247 708 5298 editum
717 5267 724 5308 ;
733 5261 806 5313 quam
815 5243 999 5309 responsionem
1030 5241 1139 5309 ejusdem
1147 5257 1246 5304 seusun
1258 5244 1371 5309 leguntur
1382 5253 1462 5297 umen
1473 5245 1617 5298 institisse
1628 5247 1744 5310 Parisios,
1752 5247 1768 5299 l.
1776 5263 1800 5299 c.

362 5375 371 5419 ι
1642 5357 1662 5420 5
