4486 6100
916 678 1129 760 canutus.
1164 763 1169 774 ,
1234 637 1237 644 ’

355 794 488 854 Summus
499 811 610 857 creator
622 807 764 878 omnium,

356 887 389 940 10
402 904 459 961 quo
475 906 585 946 summa
597 903 651 949 stat
663 912 796 970 operum;

322 971 356 1028 lu
368 975 422 1031 hoc
435 981 526 1034 omnis
545 982 672 1055 expletur
684 987 804 1045 termino

321 1063 438 1120 Consilii
450 1066 538 1124 divini
550 1073 633 1127 ratio.

351 1223 413 1279 Hoc
427 1243 516 1282 unum
529 1230 633 1303 plasma
649 1236 743 1292 nobile

351 1312 384 1366 10
397 1331 454 1388 quo
465 1318 638 1391 resplendes,
652 1324 781 1384 Domine.

316 1399 391 1456 Illud
405 1412 459 1459 tute
471 1405 556 1463 decus
569 1409 716 1486 imaginis,

316 1489 351 1547 Et
362 1492 449 1564 gloria
460 1496 661 1556 similitudinis.

345 1650 399 1706 Vir
413 1655 549 1726 primum,
567 1659 632 1717 inde
646 1663 762 1734 lemine,

346 1739 387 1796 De
400 1755 477 1799 costa
492 1747 544 1802 viri
565 1750 692 1821 condita,

309 1829 461 1906 Postquam
474 1835 534 1892 viro
546 1855 630 1912 sopor
643 1842 825 1916 immittitur,

305 1919 516 1980 Sacramentum
528 1945 586 2002 quo
600 1949 734 2006 magnum
749 1938 866 2009 geritur.

339 2083 451 2140 Dantur
462 2088 508 2144 his
521 2091 673 2149 animantia

341 2172 374 2226 10
387 2185 526 2247 potestate
537 2190 644 2237 caetera.

302 2261 456 2320 Potinntur
466 2285 519 2340 pro
533 2269 719 2328 tabernaculis

301 2343 426 2408 Paradisi
437 2361 581 2431 ternpore¹
596 2362 769 2436 gratissimis.

337 2499 380 2556 Sit
392 2520 497 2577 perpes
507 2506 567 2563 Deo
580 2508 683 2584 gloria,
697 2524 753 2570 etc.

565 2725 617 2782 IX.

329 2879 466 2938 Periectis
477 2884 553 2940 Deus
565 2889 697 2945 omnibns

328 2970 364 3025 Et
372 2973 504 3045 inspectis
516 2977 665 3051 operibus,

292 3056 407 3117 Summe
418 3061 509 3122 bonus
520 3077 694 3143 cunctaque
706 3071 811 3130 lecerat
874 3131 876 3134 .

291 3147 382 3206 Valde
395 3149 469 3208 bona
482 3153 560 3210 videt
572 3167 600 3212 et
612 3160 758 3233 approbat.

199 3319 204 3324 ·
325 3307 398 3365 Sunt
410 3312 532 3384 perlecta
544 3319 653 3374 senario

324 3398 434 3457 Cuncta
445 3402 556 3460 dierum
568 3424 702 3480 numero,
893 3417 928 3482 Κ

289 3485 330 3543 Ut
341 3488 465 3562 perfecto
477 3493 588 3550 dierum
600 3501 680 3571 operi

287 3579 445 3636 Attestetur
458 3590 487 3638 et
499 3584 589 3641 virtus
604 3591 725 3646 numeri.

318 3737 436 3810 Quievit
447 3739 493 3798 die
506 3745 626 3820 septimo

318 3826 384 3884 Non
394 3827 512 3889 lassatus
525 3835 554 3890 in
568 3835 662 3912 aliquo
675 3863 684 3908 3

281 3915 370 3988 Quies
381 3917 440 3992 ipsa
451 3921 527 3979 Deus
539 3938 684 4000 perpetua,
783 3929 785 3936 '

281 4005 316 4060 ln
327 4024 384 4082 quo
397 4023 497 4070 ennete
507 4016 610 4089 quietis
623 4018 733 4092 gaudia.

313 4151 396 4224 Diem
410 4170 478 4228 ergo
491 4157 659 4233 sanctificat,

311 4239 378 4312 Quo
391 4244 525 4301 oesmndo
537 4249 694 4322 quieverat,

278 4327 310 4384 10
322 4330 429 4388 sabbati
442 4335 500 4390 veri
513 4339 646 4410 mysterio

276 4417 426 4484 Benedicit
436 4422 493 4480 diei
505 4429 639 4500 septimo;

309 4565 390 4624 Illius
401 4569 517 4644 inquam
532 4571 653 4644 sabbati,

306 4656 393 4727 Quod
404 4669 448 4715 est
460 4660 593 4734 ignarum
606 4666 737 4738 termini,

268 4743 339 4816 Quo
350 4765 404 4820 pan
416 4766 494 4820 veta,
508 4767 618 4809 summa
630 4756 817 4832 tranquillitas

262 4834 285 4890 J
286 4851 355 4908 uges
370 4839 431 4911 agit
442 4840 578 4900 festorum
590 4845 683 4903 serias.

304 4983 347 5040 Sit
359 5005 460 5061 perpes
471 4990 532 5048 Deo
545 4993 649 5068 gloria,
662 5008 716 5055 etc.

187 5261 196 5288 ⁸
215 5259 311 5312 Forte
324 5257 372 5326 leg.
386 5262 482 5324 tempto.

1412 931 1449 986 X.

1045 1078 1167 1136 Advenit
1176 1085 1293 1154 veritas,
1308 1088 1407 1146 umbra
1422 1097 1567 1168 preteriit,

1044 1167 1111 1224 Post
1125 1183 1234 1228 noctem
1249 1173 1358 1234 claritas
1371 1178 1428 1236 diei
1440 1183 1541 1254 subiit,

1043 1257 1089 1314 Ad
1101 1270 1196 1316 ortum
1209 1262 1329 1323 rutilant
1341 1272 1455 1342 superni
1470 1272 1584 1331 luminis

1044 1347 1124 1422 Legis
1136 1354 1265 1422 mysteria
1278 1353 1358 1428 plena
1373 1357 1508 1435 caliginis.

1042 1508 1197 1566 Doctorum
1209 1515 1298 1589 Moysi
1313 1517 1394 1575 cedat
1405 1527 1588 1596 preconium,

1040 1596 1181 1656 Diurnum
1195 1607 1327 1679 congruit
1339 1607 1394 1666 diei
1407 1614 1556 1672 canticum.

1038 1686 1111 1743 Cum
1124 1689 1238 1748 Christo
1252 1695 1394 1767 prodeunt
1404 1713 1506 1758 cuncta
1518 1704 1553 1762 de
1564 1706 1692 1780 latebris,

1035 1776 1094 1834 Nec
1106 1778 1199 1837 locum
1211 1782 1316 1843 deserit
1328 1784 1376 1844 lux
1388 1801 1465 1847 tanta
1478 1795 1611 1855 tenebris.
1649 1813 1653 1822 ’

1034 1933 1171 1993 Velamen
1183 1953 1289 1998 eruunt
1301 1943 1396 2017 ligure
1410 1951 1539 2022 mystice.

1032 2022 1082 2080 Est
1091 2025 1121 2079 in
1135 2045 1165 2082 re
1178 2031 1293 2102 veritas,
1305 2034 1364 2104 jam
1376 2053 1435 2091 non
1446 2039 1475 2094 ln
1488 2041 1629 2100 schemate
1640 2069 1647 2113 ;

1030 2114 1171 2174 Promissa
1182 2119 1292 2194 liquido
1306 2126 1448 2200 complens
1461 2133 1625 2207 prophetica

1030 2203 1103 2260 Tota
1111 2206 1154 2262 vel
1167 2209 1274 2283 apicem
1290 2231 1347 2270 uon
1358 2216 1426 2273 sinit
1436 2218 1527 2276 irrita.

1029 2359 1184 2419 Transacto
1199 2364 1284 2422 llebili
1298 2366 1333 2423 de
1344 2381 1434 2428 morte
1444 2391 1570 2448 vespere,

1029 2449 1125 2520 Quum
1136 2452 1192 2508 rita
1204 2453 1334 2512 redditur
1345 2479 1428 2516 mane
1440 2460 1552 2532 letitie,

1025 2536 1162 2614 Resurgit
1173 2543 1326 2616 Dominus,
1341 2562 1476 2623 apparent
1486 2555 1595 2628 angeli,

1024 2627 1162 2687 Custodes
1173 2632 1289 2708 lugiunt
1299 2636 1448 2710 splendore
1461 2645 1565 2699 territi.

1022 2791 1189 2850 Sanctorum
1201 2796 1317 2871 plurimi
1328 2801 1378 2874 qui
1388 2801 1448 2872 jam
1460 2800 1647 2873 dormierant,

1022 2880 1169 2956 Surgentis
1182 2884 1299 2958 gloriam
1312 2890 1454 2964 surgendo
1466 2893 1627 2965 praedicant.

1021 2973 1055 3029 In
1065 2976 1257 3034 testimoninm
1269 2983 1409 3056 surgentis
1421 2984 1552 3054 Domini,

1019 3063 1219 3124 Conscenduut
1231 3071 1353 3141 mortni,
1367 3071 1541 3131 descendunt
1554 3078 1656 3152 angeli.

1017 3222 1138 3279 Perenni
1151 3225 1272 3284 Domino
1283 3249 1383 3306 perpes
1397 3233 1433 3290 sit
1447 3233 1554 3308 gloria,

1016 3312 1058 3367 Ex
1071 3331 1128 3388 quo
1142 3327 1223 3390 sunt,
1235 3337 1381 3396 perquem
1394 3335 1474 3394 suut,
1489 3327 1519 3382 in
1532 3345 1590 3402 quo
1600 3342 1668 3386 sunt
1678 3337 1787 3404 omnia,

1018 3401 1058 3457 Ex
1069 3419 1126 3478 quo
1139 3416 1205 3463 sunt
1216 3407 1300 3465 Pater
1309 3421 1371 3482 est,
1384 3432 1435 3486 per
1448 3433 1532 3491 quem
1546 3429 1612 3476 sunt
1625 3419 1727 3491 Filius,

1017 3488 1051 3546 10
1061 3511 1119 3567 quo
1130 3507 1196 3552 suut
1208 3497 1299 3556 Patris
1311 3511 1340 3558 et
1350 3502 1415 3558 Filii
1430 3504 1562 3578 Spiritus.

1626 3601 1714 3654 Arrun.

1366 3775 1420 3833 xi.
1451 3838 1457 3850 ,

922 3937 933 3960 ι
1009 3917 1149 3968 Auroram
1161 3914 1261 3972 luciler
1274 3921 1366 3992 praeit,
1382 3922 1423 3978 sol
1436 3929 1571 4002 sequitur.

897 4059 911 4082 ·
1009 4003 1117 4058 Aurora
1129 4002 1195 4059 fidei
1206 4004 1254 4061 lux
1267 4007 1449 4082 intelligitur,

1005 4091 1099 4162 Quam
1111 4110 1193 4149 verus
1205 4094 1305 4152 lucifer
1315 4101 1458 4174 surgendo
1470 4107 1605 4176 contulit,

1005 4180 1078 4236 Caro
1090 4179 1231 4240 dominica
1243 4204 1332 4260 quum
1343 4189 1513 4251 refloruerit.

1004 4327 1058 4383 Hic
1071 4327 1147 4384 idem
1161 4328 1262 4387 lvlbifer
1270 4375 1277 4402 ,
1290 4344 1324 4390 ut
1336 4335 1394 4404 sol,
1414 4338 1569 4408 refulserit,

1004 4417 1100 4488 Quum
1115 4418 1151 4474 ad
1159 4421 1301 4496 jpdicium
1313 4442 1462 4481 commuue
1473 4431 1595 4499 venerit,

1001 4505 1090 4579 Cujus
1102 4507 1149 4565 lux
1162 4509 1249 4567 luerit
1261 4522 1338 4569 tauta
1354 4517 1519 4587 presentie,

1002 4593 1043 4650 Ut
1054 4598 1229 4656 conscientie
1243 4599 1395 4678 loquantur
1407 4605 1531 4680 singulae.

999 4739 1085 4796 Hunc
1098 4743 1265 4800 invisibilem
1275 4765 1360 4822 (Ῑο000
1374 4748 1559 4827 intelligimus

998 4827 1090 4886 Solem
1102 4837 1251 4892 annuntiat
1263 4837 1315 4894 iste
1326 4857 1410 4914 quem
1424 4844 1584 4918 ceruimus,

997 4918 1034 4973 Et
1051 4921 1218 4980 invisibilem
1232 4937 1375 4984 auctorem
1388 4933 1517 4989 omnium

996 5008 1104 5066 laudm
1117 5013 1232 5070 visibilis
1245 5015 1357 5072 effectus
1370 5037 1496 5093 operum.
