<?xml version="1.0" encoding="UTF-8"?>
<!DOCTYPE html PUBLIC "-//W3C//DTD XHTML 1.0 Transitional//EN"
    "http://www.w3.org/TR/xhtml1/DTD/xhtml1-transitional.dtd">
<html xmlns="http://www.w3.org/1999/xhtml" xml:lang="en" lang="en">
 <head>
  <title>
</title>
<meta http-equiv="Content-Type" content="text/html;charset=utf-8" />
  <meta name='ocr-system' content='tesseract 3.04.00' />
  <meta name='ocr-capabilities' content='ocr_page ocr_carea ocr_par ocr_line ocrx_word'/>
</head>
<body>
  <div class='ocr_page' id='page_1' title='image "./petriablardiope01despgoog_0351.png"; bbox 0 0 4486 6100; ppageno 0'>
   <div class='ocr_carea' id='block_1_1' title="bbox 447 593 1434 669">
    <p class='ocr_par' dir='ltr' id='par_1_1' title="bbox 447 593 1434 669">
     <span class='ocr_line' id='line_1_1' title="bbox 447 593 1434 669; baseline 0.006 -7"><span class='ocrx_word' id='word_1_1' title='bbox 447 595 518 666; x_wconf 84' lang='lat'><strong>336</strong></span> <span class='ocrx_word' id='word_1_2' title='bbox 1046 593 1173 666; x_wconf 83' lang='lat' dir='ltr'><strong>PETRl</strong></span> <span class='ocrx_word' id='word_1_3' title='bbox 1199 594 1434 669; x_wconf 80' lang='lat' dir='ltr'><strong>ABAELARDI</strong></span> 
     </span>
    </p>
   </div>
   <div class='ocr_carea' id='block_1_2' title="bbox 1279 737 1782 996">
    <p class='ocr_par' dir='ltr' id='par_1_2' title="bbox 1279 737 1782 996">
     <span class='ocr_line' id='line_1_2' title="bbox 1367 737 1658 795; baseline 0.007 -2"><span class='ocrx_word' id='word_1_4' title='bbox 1367 738 1418 793; x_wconf 87' lang='lat' dir='ltr'><strong>liis</strong></span> <span class='ocrx_word' id='word_1_5' title='bbox 1431 737 1507 794; x_wconf 84' lang='lat' dir='ltr'><strong>illam</strong></span> <span class='ocrx_word' id='word_1_6' title='bbox 1521 738 1658 795; x_wconf 88' lang='lat' dir='ltr'><strong>condiunt</strong></span> 
     </span>
     <span class='ocr_line' id='line_1_3' title="bbox 1312 827 1715 905; baseline 0.007 -22"><span class='ocrx_word' id='word_1_7' title='bbox 1312 827 1399 898; x_wconf 77' lang='lat' dir='ltr'><strong>Alie,</strong></span> <span class='ocrx_word' id='word_1_8' title='bbox 1413 828 1528 902; x_wconf 78' lang='lat' dir='ltr'><strong>capillos</strong></span> <span class='ocrx_word' id='word_1_9' title='bbox 1540 841 1715 905; x_wconf 88' lang='lat' dir='ltr'><strong>componunt</strong></span> 
     </span>
     <span class='ocr_line' id='line_1_4' title="bbox 1279 917 1782 996; baseline 0.006 -23"><span class='ocrx_word' id='word_1_10' title='bbox 1279 917 1419 996; x_wconf 81' lang='lat' dir='ltr'><strong>Reliqua,</strong></span> <span class='ocrx_word' id='word_1_11' title='bbox 1434 929 1467 975; x_wconf 89' lang='lat' dir='ltr'><strong>ut</strong></span> <span class='ocrx_word' id='word_1_12' title='bbox 1480 931 1636 994; x_wconf 78' lang='lat' dir='ltr'><strong>preparent</strong></span> <span class='ocrx_word' id='word_1_13' title='bbox 1650 921 1782 978; x_wconf 86' lang='lat' dir='ltr'><strong>Domino.</strong></span> 
     </span>
    </p>
   </div>
   <div class='ocr_carea' id='block_1_3' title="bbox 535 736 897 899">
    <p class='ocr_par' dir='ltr' id='par_1_3' title="bbox 535 736 897 899">
     <span class='ocr_line' id='line_1_5' title="bbox 535 736 809 794; baseline 0.015 -3"><span class='ocrx_word' id='word_1_14' title='bbox 535 736 574 792; x_wconf 88' lang='lat' dir='ltr'><strong>Ut</strong></span> <span class='ocrx_word' id='word_1_15' title='bbox 587 755 653 794; x_wconf 81' lang='lat' dir='ltr'><strong>sexu</strong></span> <span class='ocrx_word' id='word_1_16' title='bbox 664 739 704 792; x_wconf 89' lang='lat' dir='ltr'><strong>sic</strong></span> <span class='ocrx_word' id='word_1_17' title='bbox 715 739 809 794; x_wconf 91' lang='lat' dir='ltr'><strong>auimo</strong></span> 
     </span>
     <span class='ocr_line' id='line_1_6' title="bbox 535 827 897 899; baseline 0.003 -17"><span class='ocrx_word' id='word_1_18' title='bbox 535 827 591 882; x_wconf 87' lang='lat' dir='ltr'><strong>Vir</strong></span> <span class='ocrx_word' id='word_1_19' title='bbox 603 837 673 899; x_wconf 84' lang='lat' dir='ltr'><strong>cato,</strong></span> <span class='ocrx_word' id='word_1_20' title='bbox 686 846 761 884; x_wconf 89' lang='lat' dir='ltr'><strong>nnnc</strong></span> <span class='ocrx_word' id='word_1_21' title='bbox 772 827 897 885; x_wconf 87' lang='lat' dir='ltr'><strong>obsecro.</strong></span> 
     </span>
    </p>
   </div>
   <div class='ocr_carea' id='block_1_4' title="bbox 461 993 999 1786">
    <p class='ocr_par' dir='ltr' id='par_1_4' title="bbox 461 993 999 1786">
     <span class='ocr_line' id='line_1_7' title="bbox 534 993 921 1067; baseline 0.008 -19"><span class='ocrx_word' id='word_1_22' title='bbox 534 993 592 1049; x_wconf 86' lang='lat' dir='ltr'><strong>Nec</strong></span> <span class='ocrx_word' id='word_1_23' title='bbox 605 1012 673 1049; x_wconf 80' lang='lat' dir='ltr'><strong>mee</strong></span> <span class='ocrx_word' id='word_1_24' title='bbox 686 1013 737 1050; x_wconf 88' lang='lat' dir='ltr'><strong>nec</strong></span> <span class='ocrx_word' id='word_1_25' title='bbox 748 995 841 1051; x_wconf 86' lang='lat' dir='ltr'><strong>obstes</strong></span> <span class='ocrx_word' id='word_1_26' title='bbox 856 1005 921 1067; x_wconf 81' lang='lat' dir='ltr'><strong>tue,</strong></span> 
     </span>
     <span class='ocr_line' id='line_1_8' title="bbox 462 1083 935 1157; baseline 0 -17"><span class='ocrx_word' id='word_1_27' title='bbox 462 1083 490 1140; x_wconf 93' lang='lat' dir='ltr'><strong>Si</strong></span> <span class='ocrx_word' id='word_1_28' title='bbox 506 1094 559 1138; x_wconf 84' lang='lat' dir='ltr'><strong>tuae</strong></span> <span class='ocrx_word' id='word_1_29' title='bbox 571 1084 700 1157; x_wconf 82' lang='lat' dir='ltr'><strong>praeferre</strong></span> <span class='ocrx_word' id='word_1_30' title='bbox 712 1103 756 1140; x_wconf 88' lang='lat' dir='ltr'><strong>me</strong></span> <span class='ocrx_word' id='word_1_31' title='bbox 768 1085 809 1140; x_wconf 82' lang='lat' dir='ltr'><strong>ris</strong></span> <span class='ocrx_word' id='word_1_32' title='bbox 821 1087 935 1152; x_wconf 80' lang='lat' dir='ltr'><strong>anime,</strong></span> 
     </span>
     <span class='ocr_line' id='line_1_9' title="bbox 461 1173 999 1249; baseline 0 -21"><span class='ocrx_word' id='word_1_33' title='bbox 461 1173 651 1249; x_wconf 82' lang='lat' dir='ltr'>Exemploque</span> <span class='ocrx_word' id='word_1_34' title='bbox 663 1192 747 1247; x_wconf 78' lang='lat' dir='ltr'><strong>prauo</strong></span> <span class='ocrx_word' id='word_1_35' title='bbox 760 1185 876 1231; x_wconf 89' lang='lat' dir='ltr'><strong>cunctos</strong></span> <span class='ocrx_word' id='word_1_36' title='bbox 888 1175 999 1231; x_wconf 78' lang='lat' dir='ltr'><strong>laedere.</strong></span> 
     </span>
     <span class='ocr_line' id='line_1_10' title="bbox 530 1263 801 1332; baseline 0 -13"><span class='ocrx_word' id='word_1_37' title='bbox 530 1263 610 1319; x_wconf 88' lang='lat' dir='ltr'><strong>Sinat</strong></span> <span class='ocrx_word' id='word_1_38' title='bbox 623 1274 651 1319; x_wconf 87' lang='lat' dir='ltr'><strong>te</strong></span> <span class='ocrx_word' id='word_1_39' title='bbox 664 1263 801 1332; x_wconf 88' lang='lat' dir='ltr'><strong>delectio,</strong></span> 
     </span>
     <span class='ocr_line' id='line_1_11' title="bbox 531 1353 892 1422; baseline 0.008 -14"><span class='ocrx_word' id='word_1_40' title='bbox 531 1353 659 1409; x_wconf 82' lang='lat' dir='ltr'><strong>Proserat</strong></span> <span class='ocrx_word' id='word_1_41' title='bbox 668 1353 742 1410; x_wconf 89' lang='lat' dir='ltr'><strong>banc</strong></span> <span class='ocrx_word' id='word_1_42' title='bbox 756 1355 892 1422; x_wconf 88' lang='lat' dir='ltr'><strong>Domino,</strong></span> 
     </span>
     <span class='ocr_line' id='line_1_12' title="bbox 531 1443 864 1518; baseline 0 -20"><span class='ocrx_word' id='word_1_43' title='bbox 531 1443 651 1518; x_wconf 88' lang='lat' dir='ltr'><strong>Unaque</strong></span> <span class='ocrx_word' id='word_1_44' title='bbox 666 1455 696 1498; x_wconf 88' lang='lat' dir='ltr'><strong>tu</strong></span> <span class='ocrx_word' id='word_1_45' title='bbox 710 1443 864 1499; x_wconf 89' lang='lat' dir='ltr'><strong>Dominum</strong></span> 
     </span>
     <span class='ocr_line' id='line_1_13' title="bbox 530 1532 876 1606; baseline 0.003 -18"><span class='ocrx_word' id='word_1_46' title='bbox 530 1532 665 1589; x_wconf 87' lang='lat' dir='ltr'><strong>Offendes</strong></span> <span class='ocrx_word' id='word_1_47' title='bbox 677 1552 742 1589; x_wconf 91' lang='lat' dir='ltr'><strong>cum</strong></span> <span class='ocrx_word' id='word_1_48' title='bbox 756 1535 876 1606; x_wconf 87' lang='lat' dir='ltr'><strong>populo,</strong></span> 
     </span>
     <span class='ocr_line' id='line_1_14' title="bbox 531 1625 883 1700; baseline -0.006 -21"><span class='ocrx_word' id='word_1_49' title='bbox 531 1625 683 1700; x_wconf 83' lang='lat' dir='ltr'><strong>Ammittas</strong></span> <span class='ocrx_word' id='word_1_50' title='bbox 694 1633 723 1680; x_wconf 87' lang='lat' dir='ltr'><strong>et</strong></span> <span class='ocrx_word' id='word_1_51' title='bbox 735 1635 883 1697; x_wconf 87' lang='lat' dir='ltr'><strong>propterea</strong></span> 
     </span>
     <span class='ocr_line' id='line_1_15' title="bbox 533 1711 860 1786; baseline 0.006 -19"><span class='ocrx_word' id='word_1_52' title='bbox 533 1711 713 1786; x_wconf 87' lang='lat' dir='ltr'><strong>Displicendo</strong></span> <span class='ocrx_word' id='word_1_53' title='bbox 727 1713 860 1770; x_wconf 89' lang='lat' dir='ltr'><strong>Domino.</strong></span> 
     </span>
    </p>
   </div>
   <div class='ocr_carea' id='block_1_5' title="bbox 457 1878 985 3391">
    <p class='ocr_par' dir='ltr' id='par_1_5' title="bbox 457 1878 985 3391">
     <span class='ocr_line' id='line_1_16' title="bbox 531 1878 878 1946; baseline -0.006 -9"><span class='ocrx_word' id='word_1_54' title='bbox 531 1883 593 1937; x_wconf 88' lang='lat' dir='ltr'><strong>Hoc</strong></span> <span class='ocrx_word' id='word_1_55' title='bbox 604 1891 647 1937; x_wconf 86' lang='lat' dir='ltr'><strong>eat</strong></span> <span class='ocrx_word' id='word_1_56' title='bbox 658 1881 706 1937; x_wconf 89' lang='lat' dir='ltr'><strong>bic</strong></span> <span class='ocrx_word' id='word_1_57' title='bbox 718 1878 878 1946; x_wconf 87' lang='lat' dir='ltr'><strong>crudelitas,</strong></span> 
     </span>
     <span class='ocr_line' id='line_1_17' title="bbox 530 1970 904 2046; baseline -0.008 -18"><span class='ocrx_word' id='word_1_58' title='bbox 530 1970 585 2028; x_wconf 90' lang='lat' dir='ltr'><strong>Sed</strong></span> <span class='ocrx_word' id='word_1_59' title='bbox 597 1989 650 2046; x_wconf 89' lang='lat' dir='ltr'><strong>pro</strong></span> <span class='ocrx_word' id='word_1_60' title='bbox 663 1972 784 2027; x_wconf 90' lang='lat' dir='ltr'><strong>Domino</strong></span> <span class='ocrx_word' id='word_1_61' title='bbox 799 1972 904 2045; x_wconf 88' lang='lat' dir='ltr'><strong>pietas,</strong></span> 
     </span>
     <span class='ocr_line' id='line_1_18' title="bbox 530 2059 894 2134; baseline -0.016 -15"><span class='ocrx_word' id='word_1_62' title='bbox 530 2063 603 2134; x_wconf 86' lang='lat' dir='ltr'><strong>Qui,</strong></span> <span class='ocrx_word' id='word_1_63' title='bbox 619 2062 648 2117; x_wconf 92' lang='lat' dir='ltr'><strong>ni</strong></span> <span class='ocrx_word' id='word_1_64' title='bbox 661 2061 743 2118; x_wconf 85' lang='lat' dir='ltr'><strong>vellet</strong></span> <span class='ocrx_word' id='word_1_65' title='bbox 756 2059 894 2127; x_wconf 87' lang='lat' dir='ltr'><strong>bostiam,</strong></span> 
     </span>
     <span class='ocr_line' id='line_1_19' title="bbox 530 2149 856 2207; baseline -0.012 -1"><span class='ocrx_word' id='word_1_66' title='bbox 530 2150 594 2206; x_wconf 85' lang='lat' dir='ltr'><strong>Non</strong></span> <span class='ocrx_word' id='word_1_67' title='bbox 610 2149 688 2206; x_wconf 86' lang='lat' dir='ltr'><strong>daret</strong></span> <span class='ocrx_word' id='word_1_68' title='bbox 701 2151 856 2207; x_wconf 83' lang='lat' dir='ltr'><strong>victoriam.</strong></span> 
     </span>
     <span class='ocr_line' id='line_1_20' title="bbox 529 2240 877 2315; baseline -0.009 -18"><span class='ocrx_word' id='word_1_69' title='bbox 529 2241 641 2297; x_wconf 80' lang='lat' dir='ltr'><strong>solvens</strong></span> <span class='ocrx_word' id='word_1_70' title='bbox 652 2259 720 2315; x_wconf 90' lang='lat' dir='ltr'><strong>ergo</strong></span> <span class='ocrx_word' id='word_1_71' title='bbox 733 2240 859 2296; x_wconf 90' lang='lat' dir='ltr'><strong>debitum</strong></span> <span class='ocrx_word' id='word_1_72' title='bbox 870 2281 877 2305; x_wconf 92' lang='lat'><strong>,</strong></span> 
     </span>
     <span class='ocr_line' id='line_1_21' title="bbox 529 2325 913 2406; baseline -0.008 -20"><span class='ocrx_word' id='word_1_73' title='bbox 529 2331 625 2400; x_wconf 86' lang='lat' dir='ltr'><strong>Placa,</strong></span> <span class='ocrx_word' id='word_1_74' title='bbox 639 2325 730 2406; x_wconf 76' lang='lat' dir='ltr'><strong>patei,</strong></span> <span class='ocrx_word' id='word_1_75' title='bbox 744 2331 913 2397; x_wconf 88' lang='lat' dir='ltr'><strong>Dominum,</strong></span> 
     </span>
     <span class='ocr_line' id='line_1_22' title="bbox 531 2419 906 2497; baseline -0.005 -22"><span class='ocrx_word' id='word_1_76' title='bbox 531 2421 573 2476; x_wconf 87' lang='lat' dir='ltr'><strong>Ne</strong></span> <span class='ocrx_word' id='word_1_77' title='bbox 586 2422 659 2478; x_wconf 85' lang='lat' dir='ltr'><strong>forte</strong></span> <span class='ocrx_word' id='word_1_78' title='bbox 673 2440 760 2497; x_wconf 86' lang='lat' dir='ltr'><strong>quum</strong></span> <span class='ocrx_word' id='word_1_79' title='bbox 773 2419 906 2493; x_wconf 90' lang='lat' dir='ltr'><strong>placitum</strong></span> 
     </span>
     <span class='ocr_line' id='line_1_23' title="bbox 529 2509 856 2580; baseline -0.015 -13"><span class='ocrx_word' id='word_1_80' title='bbox 529 2511 608 2580; x_wconf 85' lang='lat' dir='ltr'><strong>Erit,</strong></span> <span class='ocrx_word' id='word_1_81' title='bbox 621 2529 677 2566; x_wconf 92' lang='lat' dir='ltr'><strong>non</strong></span> <span class='ocrx_word' id='word_1_82' title='bbox 689 2511 725 2565; x_wconf 87' lang='lat' dir='ltr'><strong>sit</strong></span> <span class='ocrx_word' id='word_1_83' title='bbox 736 2509 856 2565; x_wconf 92' lang='lat' dir='ltr'><strong>licitum.</strong></span> 
     </span>
     <span class='ocr_line' id='line_1_24' title="bbox 531 2597 911 2672; baseline -0.018 -15"><span class='ocrx_word' id='word_1_84' title='bbox 531 2600 616 2672; x_wconf 84' lang='lat' dir='ltr'><strong>Quod</strong></span> <span class='ocrx_word' id='word_1_85' title='bbox 627 2601 702 2656; x_wconf 84' lang='lat' dir='ltr'><strong>serre</strong></span> <span class='ocrx_word' id='word_1_86' title='bbox 716 2618 773 2656; x_wconf 89' lang='lat' dir='ltr'><strong>non</strong></span> <span class='ocrx_word' id='word_1_87' title='bbox 786 2597 911 2672; x_wconf 78' lang='lat' dir='ltr'><strong>trepidat</strong></span> 
     </span>
     <span class='ocr_line' id='line_1_25' title="bbox 566 2691 785 2764; baseline -0.014 -17"><span class='ocrx_word' id='word_1_88' title='bbox 566 2691 658 2764; x_wconf 79' lang='lat' dir='ltr'><strong>Virgo</strong></span> <span class='ocrx_word' id='word_1_89' title='bbox 671 2700 785 2756; x_wconf 89' lang='lat' dir='ltr'><strong>tenera,</strong></span> 
     </span>
     <span class='ocr_line' id='line_1_26' title="bbox 531 2779 788 2835; baseline 0.004 -3"><span class='ocrx_word' id='word_1_90' title='bbox 531 2779 639 2835; x_wconf 85' lang='lat' dir='ltr'><strong>lnlerre</strong></span> <span class='ocrx_word' id='word_1_91' title='bbox 652 2779 788 2834; x_wconf 83' lang='lat' dir='ltr'><strong>saastineat</strong></span> 
     </span>
     <span class='ocr_line' id='line_1_27' title="bbox 564 2867 765 2924; baseline -0.015 0"><span class='ocrx_word' id='word_1_92' title='bbox 564 2867 628 2924; x_wconf 83' lang='lat' dir='ltr'><strong>Viri</strong></span> <span class='ocrx_word' id='word_1_93' title='bbox 642 2867 765 2924; x_wconf 82' lang='lat' dir='ltr'><strong>dextera.</strong></span> 
     </span>
     <span class='ocr_line' id='line_1_28' title="bbox 529 2956 842 3033; baseline -0.006 -19"><span class='ocrx_word' id='word_1_94' title='bbox 529 2958 648 3031; x_wconf 88' lang='lat' dir='ltr'><strong>Spouaio</strong></span> <span class='ocrx_word' id='word_1_95' title='bbox 661 2975 722 3033; x_wconf 76' lang='lat' dir='ltr'><strong>quae</strong></span> <span class='ocrx_word' id='word_1_96' title='bbox 732 2956 842 3031; x_wconf 89' lang='lat' dir='ltr'><strong>obligat</strong></span> 
     </span>
     <span class='ocr_line' id='line_1_29' title="bbox 564 3047 770 3122; baseline -0.024 -18"><span class='ocrx_word' id='word_1_97' title='bbox 564 3047 634 3104; x_wconf 77' lang='lat' dir='ltr'><strong>Voti</strong></span> <span class='ocrx_word' id='word_1_98' title='bbox 648 3047 770 3122; x_wconf 86' lang='lat' dir='ltr'><strong>propria.</strong></span> 
     </span>
     <span class='ocr_line' id='line_1_30' title="bbox 526 3137 870 3194; baseline -0.012 0"><span class='ocrx_word' id='word_1_99' title='bbox 526 3137 582 3194; x_wconf 83' lang='lat' dir='ltr'><strong>Sed</strong></span> <span class='ocrx_word' id='word_1_100' title='bbox 594 3138 715 3193; x_wconf 90' lang='lat' dir='ltr'><strong>duorum</strong></span> <span class='ocrx_word' id='word_1_101' title='bbox 730 3138 870 3192; x_wconf 90' lang='lat' dir='ltr'><strong>mensium</strong></span> 
     </span>
     <span class='ocr_line' id='line_1_31' title="bbox 528 3227 846 3302; baseline -0.009 -18"><span class='ocrx_word' id='word_1_102' title='bbox 528 3227 692 3302; x_wconf 81' lang='lat' dir='ltr'><strong>indulgebis</strong></span> <span class='ocrx_word' id='word_1_103' title='bbox 705 3229 824 3302; x_wconf 87' lang='lat' dir='ltr'><strong>spatium</strong></span> <span class='ocrx_word' id='word_1_104' title='bbox 837 3267 846 3294; x_wconf 90' lang='lat'><strong>,</strong></span> 
     </span>
     <span class='ocr_line' id='line_1_32' title="bbox 457 3314 985 3391; baseline -0.009 -17"><span class='ocrx_word' id='word_1_105' title='bbox 457 3321 521 3391; x_wconf 87' lang='lat' dir='ltr'><strong>Quo</strong></span> <span class='ocrx_word' id='word_1_106' title='bbox 533 3318 616 3374; x_wconf 85' lang='lat' dir='ltr'><strong>valles</strong></span> <span class='ocrx_word' id='word_1_107' title='bbox 628 3328 658 3374; x_wconf 89' lang='lat' dir='ltr'><strong>et</strong></span> <span class='ocrx_word' id='word_1_108' title='bbox 671 3316 754 3372; x_wconf 87' lang='lat' dir='ltr'><strong>colles</strong></span> <span class='ocrx_word' id='word_1_109' title='bbox 766 3335 831 3371; x_wconf 92' lang='lat' dir='ltr'><strong>cum</strong></span> <span class='ocrx_word' id='word_1_110' title='bbox 844 3314 985 3371; x_wconf 73' lang='lat' dir='ltr'>sodalibus</span> 
     </span>
    </p>
   </div>
   <div class='ocr_carea' id='block_1_6' title="bbox 400 3401 1070 3486">
    <p class='ocr_par' dir='ltr' id='par_1_6' title="bbox 400 3401 1070 3486">
     <span class='ocr_line' id='line_1_33' title="bbox 400 3401 1070 3486; baseline -0.015 -22"><span class='ocrx_word' id='word_1_111' title='bbox 400 3479 404 3486; x_wconf 24' lang='grc' dir='ltr'>ι</span> <span class='ocrx_word' id='word_1_112' title='bbox 419 3455 425 3466; x_wconf 92' lang='grc'><em>.</em></span> <span class='ocrx_word' id='word_1_113' title='bbox 456 3407 610 3482; x_wconf 86' lang='lat' dir='ltr'><strong>Peragrana</strong></span> <span class='ocrx_word' id='word_1_114' title='bbox 624 3417 652 3463; x_wconf 86' lang='lat' dir='ltr'><strong>et</strong></span> <span class='ocrx_word' id='word_1_115' title='bbox 663 3406 776 3481; x_wconf 85' lang='lat' dir='ltr'><strong>plorans</strong></span> <span class='ocrx_word' id='word_1_116' title='bbox 788 3422 882 3460; x_wconf 83' lang='lat' dir='ltr'><strong>rocem</strong></span> <span class='ocrx_word' id='word_1_117' title='bbox 895 3401 1070 3477; x_wconf 85' lang='lat' dir='ltr'><strong>planctibus,</strong></span> 
     </span>
    </p>
   </div>
   <div class='ocr_carea' id='block_1_7' title="bbox 437 3493 1032 4907">
    <p class='ocr_par' dir='ltr' id='par_1_7' title="bbox 437 3493 1032 4907">
     <span class='ocr_line' id='line_1_34' title="bbox 456 3493 1032 3570; baseline -0.007 -18"><span class='ocrx_word' id='word_1_118' title='bbox 456 3497 540 3569; x_wconf 88' lang='lat' dir='ltr'><strong>Quod</strong></span> <span class='ocrx_word' id='word_1_119' title='bbox 554 3499 593 3554; x_wconf 85' lang='lat' dir='ltr'><strong>sic</strong></span> <span class='ocrx_word' id='word_1_120' title='bbox 606 3516 651 3552; x_wconf 91' lang='lat' dir='ltr'><strong>me</strong></span> <span class='ocrx_word' id='word_1_121' title='bbox 665 3497 771 3552; x_wconf 88' lang='lat' dir='ltr'><strong>semine</strong></span> <span class='ocrx_word' id='word_1_122' title='bbox 783 3496 873 3570; x_wconf 87' lang='lat' dir='ltr'><strong>privet</strong></span> <span class='ocrx_word' id='word_1_123' title='bbox 884 3493 1032 3549; x_wconf 88' lang='lat' dir='ltr'><strong>Dominus.</strong></span> 
     </span>
     <span class='ocr_line' id='line_1_35' title="bbox 527 3586 832 3662; baseline -0.013 -18"><span class='ocrx_word' id='word_1_124' title='bbox 527 3588 626 3662; x_wconf 84' lang='lat' dir='ltr'><strong>Sitque</strong></span> <span class='ocrx_word' id='word_1_125' title='bbox 642 3588 710 3661; x_wconf 87' lang='lat' dir='ltr'><strong>legis</strong></span> <span class='ocrx_word' id='word_1_126' title='bbox 727 3586 832 3642; x_wconf 85' lang='lat' dir='ltr'><strong>sanctio</strong></span> 
     </span>
     <span class='ocr_line' id='line_1_36' title="bbox 527 3677 771 3735; baseline -0.02 0"><span class='ocrx_word' id='word_1_127' title='bbox 527 3679 585 3735; x_wconf 88' lang='lat' dir='ltr'><strong>llea</strong></span> <span class='ocrx_word' id='word_1_128' title='bbox 599 3677 771 3734; x_wconf 83' lang='lat' dir='ltr'><strong>maledictio!</strong></span> 
     </span>
     <span class='ocr_line' id='line_1_37' title="bbox 526 3767 779 3828; baseline -0.004 -5"><span class='ocrx_word' id='word_1_129' title='bbox 526 3768 590 3828; x_wconf 84' lang='lat' dir='ltr'><strong>Non</strong></span> <span class='ocrx_word' id='word_1_130' title='bbox 604 3770 640 3824; x_wconf 86' lang='lat' dir='ltr'><strong>sit</strong></span> <span class='ocrx_word' id='word_1_131' title='bbox 653 3767 779 3824; x_wconf 87' lang='lat' dir='ltr'><strong>remedio</strong></span> 
     </span>
     <span class='ocr_line' id='line_1_38' title="bbox 527 3858 863 3923; baseline -0.009 -9"><span class='ocrx_word' id='word_1_132' title='bbox 527 3859 639 3914; x_wconf 73' lang='lat' dir='ltr'><strong>Munda</strong></span> <span class='ocrx_word' id='word_1_133' title='bbox 651 3859 742 3915; x_wconf 86' lang='lat' dir='ltr'><strong>carnis</strong></span> <span class='ocrx_word' id='word_1_134' title='bbox 755 3858 863 3923; x_wconf 82' lang='lat' dir='ltr'><strong>boetia,</strong></span> 
     </span>
     <span class='ocr_line' id='line_1_39' title="bbox 528 3947 856 4023; baseline -0.012 -17"><span class='ocrx_word' id='word_1_135' title='bbox 528 3950 621 4021; x_wconf 87' lang='lat' dir='ltr'><strong>Quam</strong></span> <span class='ocrx_word' id='word_1_136' title='bbox 636 3949 712 4004; x_wconf 91' lang='lat' dir='ltr'><strong>nulla</strong></span> <span class='ocrx_word' id='word_1_137' title='bbox 725 3947 856 4023; x_wconf 89' lang='lat' dir='ltr'><strong>pollutio,</strong></span> 
     </span>
     <span class='ocr_line' id='line_1_40' title="bbox 522 4037 871 4095; baseline 0 -1"><span class='ocrx_word' id='word_1_138' title='bbox 522 4039 606 4095; x_wconf 89' lang='lat' dir='ltr'><strong>Nulla</strong></span> <span class='ocrx_word' id='word_1_139' title='bbox 618 4039 695 4095; x_wconf 89' lang='lat' dir='ltr'><strong>novit</strong></span> <span class='ocrx_word' id='word_1_140' title='bbox 707 4037 823 4094; x_wconf 86' lang='lat' dir='ltr'><strong>macula.</strong></span> <span class='ocrx_word' id='word_1_141' title='bbox 836 4059 849 4086; x_wconf 71' lang='lat' dir='ltr'><strong>a</strong></span> <span class='ocrx_word' id='word_1_142' title='bbox 867 4088 871 4094; x_wconf 87' lang='lat'><strong>.</strong></span> 
     </span>
     <span class='ocr_line' id='line_1_41' title="bbox 438 4129 968 4205; baseline -0.006 -19"><span class='ocrx_word' id='word_1_143' title='bbox 438 4133 489 4186; x_wconf 89' lang='lat' dir='ltr'><strong>llis</strong></span> <span class='ocrx_word' id='word_1_144' title='bbox 503 4132 586 4205; x_wconf 86' lang='lat' dir='ltr'><strong>gestis</strong></span> <span class='ocrx_word' id='word_1_145' title='bbox 600 4130 686 4186; x_wconf 89' lang='lat' dir='ltr'><strong>rediit</strong></span> <span class='ocrx_word' id='word_1_146' title='bbox 697 4129 733 4184; x_wconf 92' lang='lat' dir='ltr'><strong>ad</strong></span> <span class='ocrx_word' id='word_1_147' title='bbox 747 4139 855 4204; x_wconf 88' lang='lat' dir='ltr'><strong>patrem</strong></span> <span class='ocrx_word' id='word_1_148' title='bbox 868 4129 968 4194; x_wconf 87' lang='lat' dir='ltr'><strong>unica;</strong></span> 
     </span>
     <span class='ocr_line' id='line_1_42' title="bbox 437 4217 983 4292; baseline -0.005 -15"><span class='ocrx_word' id='word_1_149' title='bbox 437 4223 540 4278; x_wconf 91' lang='lat' dir='ltr'><strong>Secreti</strong></span> <span class='ocrx_word' id='word_1_150' title='bbox 555 4221 671 4277; x_wconf 79' lang='lat' dir='ltr'><strong>thalami</strong></span> <span class='ocrx_word' id='word_1_151' title='bbox 684 4219 844 4276; x_wconf 89' lang='lat' dir='ltr'><strong>subintrans</strong></span> <span class='ocrx_word' id='word_1_152' title='bbox 857 4217 983 4292; x_wconf 81' lang='lat' dir='ltr'><strong>abdita,¹</strong></span> 
     </span>
     <span class='ocr_line' id='line_1_43' title="bbox 438 4309 976 4385; baseline -0.004 -20"><span class='ocrx_word' id='word_1_153' title='bbox 438 4311 577 4385; x_wconf 83' lang='lat' dir='ltr'><strong>lugubris</strong></span> <span class='ocrx_word' id='word_1_154' title='bbox 592 4311 704 4368; x_wconf 88' lang='lat' dir='ltr'><strong>habitus</strong></span> <span class='ocrx_word' id='word_1_155' title='bbox 717 4309 834 4385; x_wconf 85' lang='lat' dir='ltr'><strong>deponit</strong></span> <span class='ocrx_word' id='word_1_156' title='bbox 844 4311 976 4385; x_wconf 89' lang='lat' dir='ltr'><strong>tegmina.</strong></span> 
     </span>
     <span class='ocr_line' id='line_1_44' title="bbox 490 4401 960 4477; baseline -0.004 -19"><span class='ocrx_word' id='word_1_157' title='bbox 490 4405 559 4474; x_wconf 78' lang='lat' dir='ltr'><strong>Qua</strong></span> <span class='ocrx_word' id='word_1_158' title='bbox 571 4403 663 4458; x_wconf 89' lang='lat' dir='ltr'><strong>statim</strong></span> <span class='ocrx_word' id='word_1_159' title='bbox 677 4403 800 4477; x_wconf 85' lang='lat' dir='ltr'><strong>ingressa</strong></span> <span class='ocrx_word' id='word_1_160' title='bbox 814 4401 960 4468; x_wconf 87' lang='lat' dir='ltr'><strong>balneum,</strong></span> 
     </span>
     <span class='ocr_line' id='line_1_45' title="bbox 488 4491 970 4565; baseline -0.01 -17"><span class='ocrx_word' id='word_1_161' title='bbox 488 4493 695 4549; x_wconf 74' lang='lat' dir='ltr'><strong>circumstante</strong></span> <span class='ocrx_word' id='word_1_162' title='bbox 709 4493 797 4547; x_wconf 88' lang='lat' dir='ltr'><strong>choro</strong></span> <span class='ocrx_word' id='word_1_163' title='bbox 811 4491 970 4565; x_wconf 87' lang='lat' dir='ltr'><strong>virginum,</strong></span> 
     </span>
     <span class='ocr_line' id='line_1_46' title="bbox 489 4580 913 4655; baseline -0.012 -16"><span class='ocrx_word' id='word_1_164' title='bbox 489 4583 598 4639; x_wconf 84' lang='lat' dir='ltr'><strong>Fessam</strong></span> <span class='ocrx_word' id='word_1_165' title='bbox 611 4599 640 4638; x_wconf 89' lang='lat' dir='ltr'><strong>se</strong></span> <span class='ocrx_word' id='word_1_166' title='bbox 651 4582 758 4638; x_wconf 78' lang='lat' dir='ltr'><strong>refovet</strong></span> <span class='ocrx_word' id='word_1_167' title='bbox 769 4580 913 4655; x_wconf 91' lang='lat' dir='ltr'><strong>paululum</strong></span> 
     </span>
     <span class='ocr_line' id='line_1_47' title="bbox 489 4669 935 4746; baseline -0.007 -19"><span class='ocrx_word' id='word_1_168' title='bbox 489 4673 523 4727; x_wconf 86' lang='lat' dir='ltr'><strong>Et</strong></span> <span class='ocrx_word' id='word_1_169' title='bbox 538 4689 638 4746; x_wconf 90' lang='lat' dir='ltr'><strong>corpus</strong></span> <span class='ocrx_word' id='word_1_170' title='bbox 651 4671 764 4745; x_wconf 82' lang='lat' dir='ltr'><strong>pulvere</strong></span> <span class='ocrx_word' id='word_1_171' title='bbox 778 4669 935 4746; x_wconf 82' lang='lat' dir='ltr'><strong>squalidum</strong></span> 
     </span>
     <span class='ocr_line' id='line_1_48' title="bbox 489 4761 917 4836; baseline -0.009 -19"><span class='ocrx_word' id='word_1_172' title='bbox 489 4761 680 4836; x_wconf 86' lang='lat' dir='ltr'><strong>Laboremque</strong></span> <span class='ocrx_word' id='word_1_173' title='bbox 690 4763 739 4816; x_wconf 85' lang='lat' dir='ltr'><strong>viae</strong></span> <span class='ocrx_word' id='word_1_174' title='bbox 751 4761 917 4835; x_wconf 87' lang='lat' dir='ltr'><strong>languidum</strong></span> 
     </span>
     <span class='ocr_line' id='line_1_49' title="bbox 489 4848 935 4907; baseline -0.009 -1"><span class='ocrx_word' id='word_1_175' title='bbox 489 4850 608 4906; x_wconf 84' lang='lat' dir='ltr'><strong>Mundat</strong></span> <span class='ocrx_word' id='word_1_176' title='bbox 621 4868 654 4905; x_wconf 90' lang='lat' dir='ltr'><strong>ac</strong></span> <span class='ocrx_word' id='word_1_177' title='bbox 667 4860 774 4907; x_wconf 90' lang='lat' dir='ltr'><strong>recreat</strong></span> <span class='ocrx_word' id='word_1_178' title='bbox 786 4848 935 4905; x_wconf 79' lang='lat' dir='ltr'><strong>lavacrum.</strong></span> 
     </span>
    </p>
   </div>
   <div class='ocr_carea' id='block_1_8' title="bbox 488 5025 951 5284">
    <p class='ocr_par' dir='ltr' id='par_1_8' title="bbox 488 5025 951 5284">
     <span class='ocr_line' id='line_1_50' title="bbox 491 5025 856 5101; baseline 0.003 -19"><span class='ocrx_word' id='word_1_179' title='bbox 491 5025 590 5082; x_wconf 86' lang='lat' dir='ltr'><strong>Varias</strong></span> <span class='ocrx_word' id='word_1_180' title='bbox 603 5027 738 5100; x_wconf 85' lang='lat' dir='ltr'><strong>unguenti</strong></span> <span class='ocrx_word' id='word_1_181' title='bbox 752 5027 856 5101; x_wconf 83' lang='lat' dir='ltr'><strong>species</strong></span> 
     </span>
     <span class='ocr_line' id='line_1_51' title="bbox 488 5116 890 5190; baseline 0 -18"><span class='ocrx_word' id='word_1_182' title='bbox 488 5117 592 5172; x_wconf 77' lang='lat' dir='ltr'><strong>rimata</strong></span> <span class='ocrx_word' id='word_1_183' title='bbox 604 5117 749 5172; x_wconf 85' lang='lat' dir='ltr'><strong>continent</strong></span> <span class='ocrx_word' id='word_1_184' title='bbox 761 5116 869 5190; x_wconf 80' lang='lat' dir='ltr'><strong>pixides</strong></span> <span class='ocrx_word' id='word_1_185' title='bbox 882 5158 890 5185; x_wconf 90' lang='lat'><strong>,</strong></span> 
     </span>
     <span class='ocr_line' id='line_1_52' title="bbox 488 5205 951 5284; baseline 0 -22"><span class='ocrx_word' id='word_1_186' title='bbox 488 5207 565 5278; x_wconf 84' lang='lat' dir='ltr'><strong>Quas</strong></span> <span class='ocrx_word' id='word_1_187' title='bbox 578 5205 677 5264; x_wconf 88' lang='lat' dir='ltr'><strong>lleutes</strong></span> <span class='ocrx_word' id='word_1_188' title='bbox 689 5206 808 5264; x_wconf 82' lang='lat' dir='ltr'><strong>afferunt</strong></span> <span class='ocrx_word' id='word_1_189' title='bbox 820 5208 951 5284; x_wconf 83' lang='lat' dir='ltr'><strong>virgines.</strong></span> 
     </span>
    </p>
   </div>
   <div class='ocr_carea' id='block_1_9' title="bbox 1348 1047 1710 1481">
    <p class='ocr_par' dir='ltr' id='par_1_9' title="bbox 1348 1047 1710 1481">
     <span class='ocr_line' id='line_1_53' title="bbox 1350 1047 1710 1123; baseline 0.008 -21"><span class='ocrx_word' id='word_1_190' title='bbox 1350 1047 1465 1121; x_wconf 86' lang='lat' dir='ltr'><strong>Egressa</strong></span> <span class='ocrx_word' id='word_1_191' title='bbox 1477 1059 1539 1123; x_wconf 86' lang='lat' dir='ltr'><strong>post</strong></span> <span class='ocrx_word' id='word_1_192' title='bbox 1551 1047 1710 1122; x_wconf 90' lang='lat' dir='ltr'><strong>paululum,</strong></span> 
     </span>
     <span class='ocr_line' id='line_1_54' title="bbox 1348 1138 1664 1213; baseline 0.003 -20"><span class='ocrx_word' id='word_1_193' title='bbox 1348 1139 1440 1213; x_wconf 84' lang='lat' dir='ltr'><strong>Virgo</strong></span> <span class='ocrx_word' id='word_1_194' title='bbox 1453 1139 1510 1194; x_wconf 90' lang='lat' dir='ltr'><strong>lota</strong></span> <span class='ocrx_word' id='word_1_195' title='bbox 1521 1138 1664 1206; x_wconf 90' lang='lat' dir='ltr'><strong>balneum,</strong></span> 
     </span>
     <span class='ocr_line' id='line_1_55' title="bbox 1349 1228 1678 1302; baseline 0.006 -19"><span class='ocrx_word' id='word_1_196' title='bbox 1349 1228 1438 1286; x_wconf 83' lang='lat' dir='ltr'><strong>Mittit</strong></span> <span class='ocrx_word' id='word_1_197' title='bbox 1450 1230 1523 1302; x_wconf 87' lang='lat' dir='ltr'><strong>patri</strong></span> <span class='ocrx_word' id='word_1_198' title='bbox 1537 1231 1678 1286; x_wconf 87' lang='lat' dir='ltr'><strong>nuntium.</strong></span> 
     </span>
     <span class='ocr_line' id='line_1_56' title="bbox 1364 1318 1629 1388; baseline 0.004 -14"><span class='ocrx_word' id='word_1_199' title='bbox 1364 1318 1405 1374; x_wconf 87' lang='lat' dir='ltr'><strong>Ut</strong></span> <span class='ocrx_word' id='word_1_200' title='bbox 1416 1337 1492 1374; x_wconf 89' lang='lat' dir='ltr'><strong>aram</strong></span> <span class='ocrx_word' id='word_1_201' title='bbox 1506 1329 1629 1388; x_wconf 84' lang='lat' dir='ltr'><strong>extnrat,</strong></span> 
     </span>
     <span class='ocr_line' id='line_1_57' title="bbox 1364 1407 1626 1481; baseline 0.015 -19"><span class='ocrx_word' id='word_1_202' title='bbox 1364 1407 1462 1481; x_wconf 88' lang='lat' dir='ltr'><strong>Ignem</strong></span> <span class='ocrx_word' id='word_1_203' title='bbox 1474 1409 1626 1479; x_wconf 78' lang='lat' dir='ltr'><strong>acceleret,</strong></span> 
     </span>
    </p>
   </div>
   <div class='ocr_carea' id='block_1_10' title="bbox 1256 1498 1848 1576">
    <p class='ocr_par' dir='ltr' id='par_1_10' title="bbox 1256 1498 1848 1576">
     <span class='ocr_line' id='line_1_58' title="bbox 1256 1498 1848 1576; baseline 0.007 -22"><span class='ocrx_word' id='word_1_204' title='bbox 1256 1498 1330 1554; x_wconf 89' lang='lat' dir='ltr'><strong>Dum</strong></span> <span class='ocrx_word' id='word_1_205' title='bbox 1343 1501 1401 1574; x_wconf 85' lang='lat' dir='ltr'><strong>ipsa</strong></span> <span class='ocrx_word' id='word_1_206' title='bbox 1415 1502 1554 1557; x_wconf 87' lang='lat' dir='ltr'><strong>victimam</strong></span> <span class='ocrx_word' id='word_1_207' title='bbox 1567 1501 1681 1558; x_wconf 89' lang='lat' dir='ltr'><strong>interim</strong></span> <span class='ocrx_word' id='word_1_208' title='bbox 1694 1513 1828 1576; x_wconf 82' lang='lat' dir='ltr'><strong>preparet</strong></span> <span class='ocrx_word' id='word_1_209' title='bbox 1841 1526 1848 1569; x_wconf 89' lang='lat'><strong>;</strong></span> 
     </span>
    </p>
   </div>
   <div class='ocr_carea' id='block_1_11' title="bbox 1363 1590 1708 1755">
    <p class='ocr_par' dir='ltr' id='par_1_11' title="bbox 1363 1590 1708 1755">
     <span class='ocr_line' id='line_1_59' title="bbox 1363 1590 1661 1662; baseline 0 -16"><span class='ocrx_word' id='word_1_210' title='bbox 1363 1591 1432 1662; x_wconf 77' lang='lat' dir='ltr'><strong>Qua</strong></span> <span class='ocrx_word' id='word_1_211' title='bbox 1443 1590 1503 1646; x_wconf 88' lang='lat' dir='ltr'><strong>Deo</strong></span> <span class='ocrx_word' id='word_1_212' title='bbox 1515 1591 1661 1658; x_wconf 85' lang='lat' dir='ltr'><strong>convenit,</strong></span> 
     </span>
     <span class='ocr_line' id='line_1_60' title="bbox 1363 1679 1708 1755; baseline 0.009 -21"><span class='ocrx_word' id='word_1_213' title='bbox 1363 1679 1522 1755; x_wconf 86' lang='lat' dir='ltr'><strong>Principem</strong></span> <span class='ocrx_word' id='word_1_214' title='bbox 1536 1680 1679 1737; x_wconf 89' lang='lat' dir='ltr'><strong>condecet.</strong></span> <span class='ocrx_word' id='word_1_215' title='bbox 1702 1733 1708 1744; x_wconf 86' lang='grc'><strong>,</strong></span> 
     </span>
    </p>
   </div>
   <div class='ocr_carea' id='block_1_12' title="bbox 1345 1812 1715 2971">
    <p class='ocr_par' dir='ltr' id='par_1_12' title="bbox 1346 1812 1693 2340">
     <span class='ocr_line' id='line_1_61' title="bbox 1346 1812 1693 1888; baseline 0 -19"><span class='ocrx_word' id='word_1_216' title='bbox 1346 1812 1373 1869; x_wconf 94' lang='grc'>0</span> <span class='ocrx_word' id='word_1_217' title='bbox 1387 1814 1499 1888; x_wconf 84' lang='lat' dir='ltr'><strong>quantis</strong></span> <span class='ocrx_word' id='word_1_218' title='bbox 1510 1813 1546 1868; x_wconf 86' lang='lat' dir='ltr'><strong>ab</strong></span> <span class='ocrx_word' id='word_1_219' title='bbox 1562 1813 1693 1870; x_wconf 86' lang='lat' dir='ltr'><strong>omnibus</strong></span> 
     </span>
     <span class='ocr_line' id='line_1_62' title="bbox 1346 1902 1607 1977; baseline 0.008 -19"><span class='ocrx_word' id='word_1_220' title='bbox 1346 1902 1426 1959; x_wconf 88' lang='lat' dir='ltr'><strong>Istud</strong></span> <span class='ocrx_word' id='word_1_221' title='bbox 1437 1905 1607 1977; x_wconf 84' lang='lat' dir='ltr'><strong>ejulantibus</strong></span> 
     </span>
     <span class='ocr_line' id='line_1_63' title="bbox 1362 1994 1638 2071; baseline 0.004 -21"><span class='ocrx_word' id='word_1_222' title='bbox 1362 1994 1502 2050; x_wconf 85' lang='lat' dir='ltr'><strong>Nuntium</strong></span> <span class='ocrx_word' id='word_1_223' title='bbox 1513 1996 1638 2071; x_wconf 84' lang='lat' dir='ltr'><strong>excipit!</strong></span> 
     </span>
     <span class='ocr_line' id='line_1_64' title="bbox 1366 2084 1690 2160; baseline 0.009 -22"><span class='ocrx_word' id='word_1_224' title='bbox 1366 2084 1456 2159; x_wconf 86' lang='lat' dir='ltr'><strong>Urget</strong></span> <span class='ocrx_word' id='word_1_225' title='bbox 1467 2085 1524 2141; x_wconf 87' lang='lat' dir='ltr'><strong>dux</strong></span> <span class='ocrx_word' id='word_1_226' title='bbox 1537 2085 1690 2160; x_wconf 87' lang='lat' dir='ltr'><strong>populum,</strong></span> 
     </span>
     <span class='ocr_line' id='line_1_65' title="bbox 1365 2172 1656 2245; baseline 0.017 -18"><span class='ocrx_word' id='word_1_227' title='bbox 1365 2172 1405 2228; x_wconf 91' lang='lat' dir='ltr'><strong>Ut</strong></span> <span class='ocrx_word' id='word_1_228' title='bbox 1417 2173 1475 2230; x_wconf 78' lang='lat' dir='ltr'><strong>hac</strong></span> <span class='ocrx_word' id='word_1_229' title='bbox 1487 2174 1656 2245; x_wconf 85' lang='lat' dir='ltr'><strong>accelerent,</strong></span> 
     </span>
     <span class='ocr_line' id='line_1_66' title="bbox 1366 2263 1599 2340; baseline 0.004 -20"><span class='ocrx_word' id='word_1_230' title='bbox 1366 2263 1402 2320; x_wconf 87' lang='lat' dir='ltr'><strong>Et</strong></span> <span class='ocrx_word' id='word_1_231' title='bbox 1415 2263 1463 2320; x_wconf 88' lang='lat' dir='ltr'><strong>illa</strong></span> <span class='ocrx_word' id='word_1_232' title='bbox 1475 2266 1599 2340; x_wconf 80' lang='lat' dir='ltr'><strong>virginee</strong></span> 
     </span>
    </p>

    <p class='ocr_par' dir='ltr' id='par_1_13' title="bbox 1345 2353 1715 2971">
     <span class='ocr_line' id='line_1_67' title="bbox 1365 2353 1703 2432; baseline 0.018 -25"><span class='ocrx_word' id='word_1_233' title='bbox 1365 2353 1405 2408; x_wconf 87' lang='lat' dir='ltr'><strong>Ut</strong></span> <span class='ocrx_word' id='word_1_234' title='bbox 1416 2353 1523 2410; x_wconf 88' lang='lat' dir='ltr'><strong>cultum</strong></span> <span class='ocrx_word' id='word_1_235' title='bbox 1535 2368 1703 2432; x_wconf 78' lang='lat' dir='ltr'><strong>preparent,</strong></span> 
     </span>
     <span class='ocr_line' id='line_1_68' title="bbox 1364 2443 1664 2521; baseline 0.017 -23"><span class='ocrx_word' id='word_1_236' title='bbox 1364 2443 1400 2499; x_wconf 87' lang='lat' dir='ltr'><strong>Et</strong></span> <span class='ocrx_word' id='word_1_237' title='bbox 1412 2455 1544 2521; x_wconf 88' lang='lat' dir='ltr'><strong>tauquam</strong></span> <span class='ocrx_word' id='word_1_238' title='bbox 1557 2447 1664 2520; x_wconf 87' lang='lat' dir='ltr'><strong>nuptiis</strong></span> 
     </span>
     <span class='ocr_line' id='line_1_69' title="bbox 1365 2535 1668 2611; baseline 0.007 -21"><span class='ocrx_word' id='word_1_239' title='bbox 1365 2535 1449 2591; x_wconf 86' lang='lat' dir='ltr'><strong>Morti</strong></span> <span class='ocrx_word' id='word_1_240' title='bbox 1464 2552 1493 2590; x_wconf 90' lang='lat' dir='ltr'><strong>se</strong></span> <span class='ocrx_word' id='word_1_241' title='bbox 1503 2549 1668 2611; x_wconf 75' lang='lat' dir='ltr'><strong>preparent.</strong></span> 
     </span>
     <span class='ocr_line' id='line_1_70' title="bbox 1345 2622 1673 2700; baseline 0.015 -22"><span class='ocrx_word' id='word_1_242' title='bbox 1345 2622 1397 2678; x_wconf 89' lang='lat' dir='ltr'><strong>Illa</strong></span> <span class='ocrx_word' id='word_1_243' title='bbox 1411 2624 1522 2698; x_wconf 80' lang='lat' dir='ltr'><strong>byssum</strong></span> <span class='ocrx_word' id='word_1_244' title='bbox 1535 2627 1673 2700; x_wconf 84' lang='lat' dir='ltr'><strong>propriis,</strong></span> 
     </span>
     <span class='ocr_line' id='line_1_71' title="bbox 1346 2711 1676 2792; baseline 0.009 -24"><span class='ocrx_word' id='word_1_245' title='bbox 1346 2711 1533 2770; x_wconf 83' lang='lat' dir='ltr'><strong>Madefactum</strong></span> <span class='ocrx_word' id='word_1_246' title='bbox 1547 2715 1676 2792; x_wconf 80' lang='lat' dir='ltr'><strong>lacrymis</strong></span> 
     </span>
     <span class='ocr_line' id='line_1_72' title="bbox 1346 2804 1715 2878; baseline 0.014 -20"><span class='ocrx_word' id='word_1_247' title='bbox 1346 2804 1485 2878; x_wconf 87' lang='lat' dir='ltr'><strong>Porrigit‚</strong></span> <span class='ocrx_word' id='word_1_248' title='bbox 1498 2807 1556 2862; x_wconf 77' lang='lat' dir='ltr'><strong>hec</strong></span> <span class='ocrx_word' id='word_1_249' title='bbox 1570 2806 1715 2863; x_wconf 88' lang='lat' dir='ltr'><strong>humidam</strong></span> 
     </span>
     <span class='ocr_line' id='line_1_73' title="bbox 1345 2894 1665 2971; baseline 0.009 -21"><span class='ocrx_word' id='word_1_250' title='bbox 1345 2894 1426 2951; x_wconf 85' lang='lat' dir='ltr'><strong>Flctu</strong></span> <span class='ocrx_word' id='word_1_251' title='bbox 1439 2914 1489 2952; x_wconf 90' lang='lat' dir='ltr'><strong>suo</strong></span> <span class='ocrx_word' id='word_1_252' title='bbox 1500 2915 1665 2971; x_wconf 88' lang='lat' dir='ltr'><strong>purpuram.</strong></span> 
     </span>
    </p>
   </div>
   <div class='ocr_carea' id='block_1_13' title="bbox 1326 3023 1740 3636">
    <p class='ocr_par' dir='ltr' id='par_1_14' title="bbox 1328 3023 1740 3278">
     <span class='ocr_line' id='line_1_74' title="bbox 1328 3023 1740 3100; baseline 0.017 -24"><span class='ocrx_word' id='word_1_253' title='bbox 1328 3023 1421 3095; x_wconf 79' lang='lat' dir='ltr'><strong>Auro,</strong></span> <span class='ocrx_word' id='word_1_254' title='bbox 1436 3025 1567 3098; x_wconf 87' lang='lat' dir='ltr'><strong>gemmis,</strong></span> <span class='ocrx_word' id='word_1_255' title='bbox 1583 3027 1740 3100; x_wconf 84' lang='lat' dir='ltr'><strong>margaritis</strong></span> 
     </span>
     <span class='ocr_line' id='line_1_75' title="bbox 1329 3112 1667 3182; baseline 0.012 -14"><span class='ocrx_word' id='word_1_256' title='bbox 1329 3112 1478 3169; x_wconf 83' lang='lat' dir='ltr'><strong>Variatum</strong></span> <span class='ocrx_word' id='word_1_257' title='bbox 1491 3127 1533 3171; x_wconf 86' lang='lat' dir='ltr'><strong>est</strong></span> <span class='ocrx_word' id='word_1_258' title='bbox 1545 3115 1667 3182; x_wconf 90' lang='lat' dir='ltr'><strong>mouile,</strong></span> 
     </span>
     <span class='ocr_line' id='line_1_76' title="bbox 1328 3203 1685 3278; baseline 0.014 -21"><span class='ocrx_word' id='word_1_259' title='bbox 1328 3203 1412 3272; x_wconf 88' lang='lat' dir='ltr'><strong>Quod</strong></span> <span class='ocrx_word' id='word_1_260' title='bbox 1426 3205 1466 3261; x_wconf 87' lang='lat' dir='ltr'><strong>sic</strong></span> <span class='ocrx_word' id='word_1_261' title='bbox 1479 3215 1576 3278; x_wconf 86' lang='lat' dir='ltr'><strong>pectus</strong></span> <span class='ocrx_word' id='word_1_262' title='bbox 1587 3207 1685 3276; x_wconf 81' lang='lat' dir='ltr'><strong>ornat,</strong></span> 
     </span>
    </p>

    <p class='ocr_par' dir='ltr' id='par_1_15' title="bbox 1326 3291 1692 3368">
     <span class='ocr_line' id='line_1_77' title="bbox 1326 3291 1692 3368; baseline 0.016 -23"><span class='ocrx_word' id='word_1_263' title='bbox 1326 3291 1362 3346; x_wconf 88' lang='lat' dir='ltr'><strong>Et</strong></span> <span class='ocrx_word' id='word_1_264' title='bbox 1373 3304 1407 3348; x_wconf 88' lang='lat' dir='ltr'><strong>nt</strong></span> <span class='ocrx_word' id='word_1_265' title='bbox 1418 3305 1500 3349; x_wconf 89' lang='lat' dir='ltr'><strong>ornet</strong></span> <span class='ocrx_word' id='word_1_266' title='bbox 1510 3295 1599 3368; x_wconf 84' lang='lat' dir='ltr'><strong>magis</strong></span> <span class='ocrx_word' id='word_1_267' title='bbox 1608 3295 1692 3362; x_wconf 91' lang='lat' dir='ltr'><strong>inde;</strong></span> 
     </span>
    </p>

    <p class='ocr_par' dir='ltr' id='par_1_16' title="bbox 1327 3379 1622 3453">
     <span class='ocr_line' id='line_1_78' title="bbox 1327 3379 1622 3453; baseline 0.02 -19"><span class='ocrx_word' id='word_1_268' title='bbox 1327 3379 1362 3435; x_wconf 94' lang='lat' dir='ltr'><strong>In</strong></span> <span class='ocrx_word' id='word_1_269' title='bbox 1374 3400 1456 3438; x_wconf 86' lang='lat' dir='ltr'><strong>aures</strong></span> <span class='ocrx_word' id='word_1_270' title='bbox 1469 3385 1622 3453; x_wconf 71' lang='lat' dir='ltr'><strong>mannuli,</strong></span> 
     </span>
    </p>

    <p class='ocr_par' dir='ltr' id='par_1_17' title="bbox 1326 3470 1653 3636">
     <span class='ocr_line' id='line_1_79' title="bbox 1326 3470 1620 3535; baseline 0.017 -9"><span class='ocrx_word' id='word_1_271' title='bbox 1326 3470 1399 3527; x_wconf 89' lang='lat' dir='ltr'><strong>Cum</strong></span> <span class='ocrx_word' id='word_1_272' title='bbox 1414 3473 1530 3535; x_wconf 78' lang='lat' dir='ltr'><strong>armillis</strong></span> <span class='ocrx_word' id='word_1_273' title='bbox 1542 3476 1620 3531; x_wconf 87' lang='lat' dir='ltr'><strong>aurei</strong></span> 
     </span>
     <span class='ocr_line' id='line_1_80' title="bbox 1327 3561 1653 3636; baseline 0.009 -18"><span class='ocrx_word' id='word_1_274' title='bbox 1327 3561 1457 3636; x_wconf 81' lang='lat' dir='ltr'><strong>Virginis</strong></span> <span class='ocrx_word' id='word_1_275' title='bbox 1468 3566 1653 3620; x_wconf 89' lang='lat' dir='ltr'><strong>tenerrimum</strong></span> 
     </span>
    </p>
   </div>
   <div class='ocr_carea' id='block_1_14' title="bbox 1264 3650 1674 3728">
    <p class='ocr_par' dir='ltr' id='par_1_18' title="bbox 1264 3650 1674 3728">
     <span class='ocr_line' id='line_1_81' title="bbox 1264 3650 1674 3728; baseline 0.002 -20"><span class='ocrx_word' id='word_1_276' title='bbox 1264 3689 1274 3708; x_wconf 90' lang='lat'><strong>.</strong></span> <span class='ocrx_word' id='word_1_277' title='bbox 1327 3650 1674 3728; x_wconf 87' lang='lat' dir='ltr'><strong>Onerantcorpusculnm.</strong></span> 
     </span>
    </p>
   </div>
   <div class='ocr_carea' id='block_1_15' title="bbox 1324 3773 1778 4211">
    <p class='ocr_par' dir='ltr' id='par_1_19' title="bbox 1324 3773 1778 4117">
     <span class='ocr_line' id='line_1_82' title="bbox 1325 3773 1725 3849; baseline 0.015 -21"><span class='ocrx_word' id='word_1_278' title='bbox 1325 3773 1431 3829; x_wconf 85' lang='lat' dir='ltr'><strong>Rerum</strong></span> <span class='ocrx_word' id='word_1_279' title='bbox 1446 3776 1556 3849; x_wconf 83' lang='lat' dir='ltr'><strong>pondua</strong></span> <span class='ocrx_word' id='word_1_280' title='bbox 1569 3787 1598 3833; x_wconf 88' lang='lat' dir='ltr'><strong>et</strong></span> <span class='ocrx_word' id='word_1_281' title='bbox 1609 3788 1725 3834; x_wconf 87' lang='lat' dir='ltr'><strong>ornatus</strong></span> 
     </span>
     <span class='ocr_line' id='line_1_83' title="bbox 1324 3863 1778 3939; baseline 0.018 -22"><span class='ocrx_word' id='word_1_282' title='bbox 1324 3863 1434 3920; x_wconf 85' lang='lat' dir='ltr'><strong>Moram</strong></span> <span class='ocrx_word' id='word_1_283' title='bbox 1446 3865 1525 3939; x_wconf 87' lang='lat' dir='ltr'><strong>virgo</strong></span> <span class='ocrx_word' id='word_1_284' title='bbox 1532 3866 1590 3938; x_wconf 89' lang='lat' dir='ltr'><strong>jam</strong></span> <span class='ocrx_word' id='word_1_285' title='bbox 1605 3886 1662 3923; x_wconf 92' lang='lat' dir='ltr'><strong>non</strong></span> <span class='ocrx_word' id='word_1_286' title='bbox 1674 3867 1778 3938; x_wconf 78' lang='lat' dir='ltr'><strong>serens,</strong></span> 
     </span>
     <span class='ocr_line' id='line_1_84' title="bbox 1326 3955 1693 4031; baseline 0.016 -23"><span class='ocrx_word' id='word_1_287' title='bbox 1326 3955 1410 4010; x_wconf 90' lang='lat' dir='ltr'><strong>Lecto</strong></span> <span class='ocrx_word' id='word_1_288' title='bbox 1424 3957 1515 4030; x_wconf 86' lang='lat' dir='ltr'><strong>surgit</strong></span> <span class='ocrx_word' id='word_1_289' title='bbox 1527 3967 1557 4012; x_wconf 89' lang='lat' dir='ltr'><strong>et</strong></span> <span class='ocrx_word' id='word_1_290' title='bbox 1568 3957 1693 4031; x_wconf 85' lang='lat' dir='ltr'><strong>repellit,</strong></span> 
     </span>
     <span class='ocr_line' id='line_1_85' title="bbox 1325 4047 1724 4117; baseline 0.005 -16"><span class='ocrx_word' id='word_1_291' title='bbox 1325 4047 1395 4117; x_wconf 71' lang='lat' dir='ltr'><strong>Qun</strong></span> <span class='ocrx_word' id='word_1_292' title='bbox 1409 4047 1551 4103; x_wconf 76' lang='lat' dir='ltr'><strong>restabant</strong></span> <span class='ocrx_word' id='word_1_293' title='bbox 1562 4047 1600 4102; x_wconf 86' lang='lat' dir='ltr'><strong>ita</strong></span> <span class='ocrx_word' id='word_1_294' title='bbox 1611 4049 1707 4105; x_wconf 89' lang='lat' dir='ltr'><strong>dicens</strong></span> <span class='ocrx_word' id='word_1_295' title='bbox 1719 4075 1724 4103; x_wconf 95' lang='lat'><strong>:</strong></span> 
     </span>
    </p>

    <p class='ocr_par' dir='ltr' id='par_1_20' title="bbox 1344 4137 1711 4211">
     <span class='ocr_line' id='line_1_86' title="bbox 1344 4137 1711 4211; baseline 0.022 -25"><span class='ocrx_word' id='word_1_296' title='bbox 1344 4159 1357 4186; x_wconf 83' lang='grc'>«</span> <span class='ocrx_word' id='word_1_297' title='bbox 1369 4137 1437 4208; x_wconf 77' lang='lat' dir='ltr'><strong>Quae</strong></span> <span class='ocrx_word' id='word_1_298' title='bbox 1450 4147 1543 4211; x_wconf 79' lang='lat' dir='ltr'><strong>nuptae</strong></span> <span class='ocrx_word' id='word_1_299' title='bbox 1554 4139 1620 4196; x_wconf 83' lang='lat' dir='ltr'><strong>satis</strong></span> <span class='ocrx_word' id='word_1_300' title='bbox 1631 4149 1711 4209; x_wconf 87' lang='lat' dir='ltr'><strong>sunt,</strong></span> 
     </span>
    </p>
   </div>
   <div class='ocr_carea' id='block_1_16' title="bbox 1228 4228 1687 4286">
    <p class='ocr_par' dir='ltr' id='par_1_21' title="bbox 1228 4228 1687 4286">
     <span class='ocr_line' id='line_1_87' title="bbox 1228 4228 1687 4286; baseline -0.002 -5"><span class='ocrx_word' id='word_1_301' title='bbox 1228 4270 1234 4280; x_wconf 94' lang='lat'><strong>.</strong></span> <span class='ocrx_word' id='word_1_302' title='bbox 1340 4228 1476 4283; x_wconf 81' lang='lat' dir='ltr'><strong>Periture</strong></span> <span class='ocrx_word' id='word_1_303' title='bbox 1488 4229 1573 4283; x_wconf 86' lang='lat' dir='ltr'><strong>nimis</strong></span> <span class='ocrx_word' id='word_1_304' title='bbox 1585 4239 1661 4286; x_wconf 88' lang='lat' dir='ltr'><strong>sunt.</strong></span> <span class='ocrx_word' id='word_1_305' title='bbox 1673 4253 1687 4280; x_wconf 73' lang='lat' dir='ltr'><strong>a</strong></span> 
     </span>
    </p>
   </div>
   <div class='ocr_carea' id='block_1_17' title="bbox 1323 4359 1735 4523">
    <p class='ocr_par' dir='ltr' id='par_1_22' title="bbox 1323 4359 1735 4523">
     <span class='ocr_line' id='line_1_88' title="bbox 1323 4359 1735 4444; baseline 0.002 -30"><span class='ocrx_word' id='word_1_306' title='bbox 1323 4359 1387 4414; x_wconf 86' lang='lat' dir='ltr'><strong>llox</strong></span> <span class='ocrx_word' id='word_1_307' title='bbox 1400 4375 1485 4434; x_wconf 89' lang='lat' dir='ltr'><strong>quem</strong></span> <span class='ocrx_word' id='word_1_308' title='bbox 1500 4359 1573 4432; x_wconf 87' lang='lat' dir='ltr'><strong>patri</strong></span> <span class='ocrx_word' id='word_1_309' title='bbox 1586 4359 1702 4427; x_wconf 87' lang='lat' dir='ltr'><strong>detulit,</strong></span> <span class='ocrx_word' id='word_1_310' title='bbox 1734 4441 1735 4444; x_wconf 7' lang='grc' dir='ltr'><strong>Ἴ</strong></span> 
     </span>
     <span class='ocr_line' id='line_1_89' title="bbox 1323 4448 1693 4523; baseline 0.003 -19"><span class='ocrx_word' id='word_1_311' title='bbox 1323 4448 1425 4506; x_wconf 85' lang='lat' dir='ltr'><strong>Enscm</strong></span> <span class='ocrx_word' id='word_1_312' title='bbox 1437 4448 1547 4504; x_wconf 91' lang='lat' dir='ltr'><strong>nudum</strong></span> <span class='ocrx_word' id='word_1_313' title='bbox 1560 4450 1693 4523; x_wconf 88' lang='lat' dir='ltr'><strong>arripuit,</strong></span> 
     </span>
    </p>
   </div>
   <div class='ocr_carea' id='block_1_18' title="bbox 1253 4537 1816 4706">
    <p class='ocr_par' dir='ltr' id='par_1_23' title="bbox 1253 4537 1816 4706">
     <span class='ocr_line' id='line_1_90' title="bbox 1253 4537 1743 4625; baseline 0.008 -33"><span class='ocrx_word' id='word_1_314' title='bbox 1253 4538 1331 4608; x_wconf 85' lang='lat' dir='ltr'><strong>Quid</strong></span> <span class='ocrx_word' id='word_1_315' title='bbox 1343 4537 1437 4613; x_wconf 91' lang='lat' dir='ltr'><strong>plura,</strong></span> <span class='ocrx_word' id='word_1_316' title='bbox 1454 4538 1524 4614; x_wconf 90' lang='lat' dir='ltr'><strong>quid</strong></span> <span class='ocrx_word' id='word_1_317' title='bbox 1537 4537 1610 4595; x_wconf 89' lang='lat' dir='ltr'><strong>ultra</strong></span> <span class='ocrx_word' id='word_1_318' title='bbox 1623 4538 1743 4625; x_wconf 50' lang='lat' dir='ltr'><strong>‘litim’</strong></span> 
     </span>
     <span class='ocr_line' id='line_1_91' title="bbox 1254 4630 1816 4706; baseline -0.002 -21"><span class='ocrx_word' id='word_1_319' title='bbox 1254 4631 1331 4701; x_wconf 90' lang='lat' dir='ltr'><strong>Quid</strong></span> <span class='ocrx_word' id='word_1_320' title='bbox 1342 4630 1438 4700; x_wconf 84' lang='lat' dir='ltr'><strong>fletus,</strong></span> <span class='ocrx_word' id='word_1_321' title='bbox 1450 4630 1520 4706; x_wconf 91' lang='lat' dir='ltr'><strong>quid</strong></span> <span class='ocrx_word' id='word_1_322' title='bbox 1533 4630 1661 4706; x_wconf 86' lang='lat' dir='ltr'><strong>planctus</strong></span> <span class='ocrx_word' id='word_1_323' title='bbox 1673 4633 1816 4706; x_wconf 83' lang='lat' dir='ltr'><strong>gerimus?</strong></span> 
     </span>
    </p>
   </div>
   <div class='ocr_carea' id='block_1_19' title="bbox 1301 4759 1784 5284">
    <p class='ocr_par' dir='ltr' id='par_1_24' title="bbox 1301 4759 1784 4997">
     <span class='ocr_line' id='line_1_92' title="bbox 1303 4759 1784 4835; baseline -0.004 -19"><span class='ocrx_word' id='word_1_324' title='bbox 1303 4761 1348 4816; x_wconf 84' lang='lat' dir='ltr'><strong>Ad</strong></span> <span class='ocrx_word' id='word_1_325' title='bbox 1364 4761 1446 4816; x_wconf 87' lang='lat' dir='ltr'><strong>finem</strong></span> <span class='ocrx_word' id='word_1_326' title='bbox 1462 4759 1539 4835; x_wconf 86' lang='lat' dir='ltr'><strong>quod</strong></span> <span class='ocrx_word' id='word_1_327' title='bbox 1552 4770 1646 4816; x_wconf 71' lang='lat' dir='ltr'><strong>umen</strong></span> <span class='ocrx_word' id='word_1_328' title='bbox 1658 4761 1784 4834; x_wconf 77' lang='lat' dir='ltr'><strong>cepimus</strong></span> 
     </span>
     <span class='ocr_line' id='line_1_93' title="bbox 1301 4849 1771 4924; baseline 0 -19"><span class='ocrx_word' id='word_1_329' title='bbox 1301 4851 1469 4924; x_wconf 86' lang='lat' dir='ltr'><strong>Plangentes</strong></span> <span class='ocrx_word' id='word_1_330' title='bbox 1481 4860 1510 4906; x_wconf 92' lang='lat' dir='ltr'><strong>et</strong></span> <span class='ocrx_word' id='word_1_331' title='bbox 1523 4850 1622 4906; x_wconf 88' lang='lat' dir='ltr'><strong>flentes</strong></span> <span class='ocrx_word' id='word_1_332' title='bbox 1634 4849 1771 4906; x_wconf 88' lang='lat' dir='ltr'><strong>ducimus.</strong></span> 
     </span>
     <span class='ocr_line' id='line_1_94' title="bbox 1301 4939 1677 4997; baseline -0.008 -1"><span class='ocrx_word' id='word_1_333' title='bbox 1301 4941 1415 4997; x_wconf 79' lang='lat' dir='ltr'><strong>Collatia</strong></span> <span class='ocrx_word' id='word_1_334' title='bbox 1427 4941 1500 4996; x_wconf 88' lang='lat' dir='ltr'><strong>circa</strong></span> <span class='ocrx_word' id='word_1_335' title='bbox 1513 4939 1677 4996; x_wconf 81' lang='lat' dir='ltr'><strong>screatibus</strong></span> 
     </span>
    </p>

    <p class='ocr_par' dir='ltr' id='par_1_25' title="bbox 1301 5027 1741 5284">
     <span class='ocr_line' id='line_1_95' title="bbox 1301 5027 1710 5103; baseline -0.005 -18"><span class='ocrx_word' id='word_1_336' title='bbox 1301 5030 1336 5085; x_wconf 92' lang='lat' dir='ltr'><strong>In</strong></span> <span class='ocrx_word' id='word_1_337' title='bbox 1348 5047 1400 5086; x_wconf 83' lang='lat' dir='ltr'><strong>arae</strong></span> <span class='ocrx_word' id='word_1_338' title='bbox 1413 5047 1549 5086; x_wconf 79' lang='lat' dir='ltr'><strong>succense</strong></span> <span class='ocrx_word' id='word_1_339' title='bbox 1561 5027 1710 5103; x_wconf 86' lang='lat' dir='ltr'><strong>gradibus,</strong></span> 
     </span>
     <span class='ocr_line' id='line_1_96' title="bbox 1302 5117 1691 5193; baseline 0 -19"><span class='ocrx_word' id='word_1_340' title='bbox 1302 5117 1438 5174; x_wconf 83' lang='lat' dir='ltr'><strong>Traditur</strong></span> <span class='ocrx_word' id='word_1_341' title='bbox 1450 5118 1485 5174; x_wconf 91' lang='lat' dir='ltr'><strong>ab</strong></span> <span class='ocrx_word' id='word_1_342' title='bbox 1497 5119 1556 5193; x_wconf 90' lang='lat' dir='ltr'><strong>ipsa</strong></span> <span class='ocrx_word' id='word_1_343' title='bbox 1570 5117 1691 5193; x_wconf 68' lang='lat' dir='ltr'><strong>gladium</strong></span> 
     </span>
     <span class='ocr_line' id='line_1_97' title="bbox 1302 5207 1741 5284; baseline -0.005 -20"><span class='ocrx_word' id='word_1_344' title='bbox 1302 5209 1424 5266; x_wconf 88' lang='lat' dir='ltr'><strong>Peremit</strong></span> <span class='ocrx_word' id='word_1_345' title='bbox 1437 5207 1510 5264; x_wconf 89' lang='lat' dir='ltr'><strong>hauc</strong></span> <span class='ocrx_word' id='word_1_346' title='bbox 1524 5207 1601 5265; x_wconf 84' lang='lat' dir='ltr'><strong>flexis</strong></span> <span class='ocrx_word' id='word_1_347' title='bbox 1615 5207 1741 5284; x_wconf 85' lang='lat' dir='ltr'><strong>genibus.</strong></span> 
     </span>
    </p>
   </div>
   <div class='ocr_carea' id='block_1_20' title="bbox 0 0 2248 6100">
    <p class='ocr_par' dir='ltr' id='par_1_26' title="bbox 0 0 2248 6100">
     <span class='ocr_line' id='line_1_98' title="bbox 0 0 2248 6100; baseline 0 2"><span class='ocrx_word' id='word_1_348' title='bbox 0 0 2248 6100; x_wconf 95' lang='lat' dir='ltr'><strong> </strong></span> 
     </span>
    </p>
   </div>
  </div>
 </body>
</html>
