4590 6106
884 639 1120 712 EPISTOLAE.
1753 650 1799 722 45

212 781 410 856 honestatis
441 777 725 878 impudentiam¹
754 791 937 874 temperet.
969 781 1148 852 Memento
1175 780 1356 854 Socratem
1389 798 1579 856 uxoratum
1606 785 1731 876 fuisse,
1766 803 1801 859 et

216 925 327 1001 quam
348 899 444 972 foedo
465 921 550 970 casu
567 896 662 968 lianc
683 894 916 994 philosophiae
940 895 1058 968 labem
1071 898 1146 995 ipsc
1158 898 1276 994 primo
1297 898 1422 990 luerit,
1443 917 1483 973 ut
1500 901 1669 1002 deinceps
1686 909 1800 977 caeteri

216 1019 381 1118 exemplo
400 1017 476 1114 ejus
493 1017 675 1088 cautiores·
687 1013 924 1088 efficerentur.
945 1015 1053 1103 Quod
1076 1039 1144 1087 nec
1167 1016 1244 1114 ipse
1265 1020 1418 1116 praeterit
1439 1021 1677 1118 Hieronymus
1694 1024 1743 1095 ita
1762 1025 1799 1096 in

217 1142 334 1238 primo
355 1141 488 1208 Contra
505 1139 731 1209 Jovrntanrun
749 1135 795 1206 de
819 1136 897 1233 ipso
917 1134 1075 1207 scribens
1088 1137 1232 1208 Socrate
1250 1163 1259 1208 ι
1283 1165 1301 1206 u
1318 1139 1485 1224 Quodam
1504 1157 1624 1214 antem
1638 1157 1800 1242 tempore

215 1282 329 1354 quum
348 1255 487 1328 infinita
507 1255 668 1326 convicia
686 1279 730 1326 ex
752 1255 937 1352 superiore
954 1253 1035 1326 loco
1056 1255 1231 1352 ingerenti
1255 1256 1466 1356 Xanthippae
1481 1262 1679 1359 restitisset,
1707 1287 1801 1360 aqua

217 1376 384 1474 protinus
407 1373 611 1464 immunda,
636 1369 726 1444 unit
743 1372 928 1470 respondit
946 1373 1118 1471 amplius,
1143 1397 1252 1470 quam
1273 1377 1390 1474 capite
1414 1376 1591 1450 deterso¹:
1616 1380 1798 1470 sacham,

219 1495 351 1592 inquit,
377 1493 536 1564 futurum
558 1507 599 1564 nt
619 1492 685 1564 ista
709 1492 866 1564 tonitrua
891 1491 1006 1564 imber
1031 1508 1250 1590 sequeretur.
1273 1521 1293 1562 n
1314 1494 1476 1568 Addebat
1497 1495 1651 1594 denique
1669 1499 1745 1597 ipsa
1767 1515 1802 1572 et

218 1639 325 1712 quam
353 1612 595 1714 periculosum
629 1611 716 1684 mihi
750 1626 841 1684 esset
866 1635 946 1682 eam
973 1611 1161 1703 reducere,
1190 1629 1226 1686 et
1249 1637 1359 1710 qnam
1382 1615 1449 1688 sibi
1476 1617 1592 1688 carius
1616 1619 1798 1706 existeret,

220 1736 378 1832 mihique
395 1733 580 1806 honestius
596 1732 749 1804 anticam
763 1731 834 1804 dici
846 1754 956 1829 qnam
969 1757 1137 1823 uxorem,
1161 1749 1199 1806 ut
1216 1758 1275 1806 me
1290 1735 1327 1824 ,ei
1344 1734 1419 1809 sola
1431 1736 1543 1831 potia
1561 1753 1799 1826 conservaret,

220 1879 293 1926 non
318 1856 372 1924 vis
396 1851 515 1952 aliqua
539 1851 671 1924 vinculi
694 1849 861 1949 nuptialis
884 1853 1159 1948 ronsningeret3
1190 1866 1363 1950 tantoque
1387 1853 1568 1951 nosipsos
1589 1853 1637 1926 ad
1662 1869 1802 1953 tempus

219 1989 398 2074 separatos
418 1972 569 2068 gratiora
595 1971 640 2042 de
666 1984 847 2042 conventu
867 1984 990 2042 nostro
1013 1971 1196 2069 percipere
1219 1971 1368 2070 gaudia,
1389 1988 1524 2069 quanto
1547 1975 1695 2045 rariora.
1722 1979 1804 2047 Hoc
1842 1981 1846 1986 '

219 2109 257 2166 et
274 2093 398 2164 similia
414 2091 632 2192 persuadens
651 2115 713 2162 seu
731 2089 962 2180 dissuadens,
984 2115 1097 2188 quum
1115 2115 1233 2164 meam
1250 2091 1439 2164 deflectere
1460 2117 1536 2164 non
1556 2109 1677 2190 posset
1693 2094 1804 2166 stulti-

220 2213 327 2301 tiam,
356 2235 421 2282 nec
453 2235 512 2282 me
544 2210 732 2282 sustineret
758 2207 961 2299 offendere;
986 2210 1168 2308 suspirans
1193 2209 1423 2283 vehementer
1443 2225 1479 2284 et
1503 2209 1703 2308 lacrymans
1724 2237 1804 2311 per·

219 2333 419 2404 orationem
432 2355 534 2402 suam
554 2329 614 2400 tali
631 2328 704 2402 fine
718 2329 941 2400 terminavit:
965 2359 983 2397 n
1001 2335 1140 2420 Unum,
1158 2358 1176 2398 u
1193 2331 1329 2428 inquit,
1349 2359 1366 2400 <r
1382 2331 1428 2402 ad
1448 2331 1612 2402 ultimum
1624 2348 1748 2418 restat,
1764 2350 1805 2405 ut
1830 2351 1958 2426 Propasta
1973 2351 2021 2400 ne-

220 2453 256 2522 in
281 2451 507 2550 perditione⁸
530 2449 705 2536 duorum,
733 2450 853 2522 minor
879 2473 954 2520 non
974 2449 1140 2523 succedat
1160 2449 1267 2523 dolor
1289 2475 1398 2550 quarn
1423 2453 1597 2551 praecessit
1621 2477 1723 2526 amor
1736 2458 1759 2524 ⁴.
1784 2485 1802 2520 »
1882 2417 1969 2466 '⁰¹⁸⁸ae'

220 2573 290 2643 Nec
308 2572 345 2642 in
367 2569 438 2643 hoc
464 2570 518 2658 ei,
535 2571 624 2640 sicut
646 2569 831 2640 universus
851 2570 996 2664 agnovit
1010 2569 1185 2660 mundus,
1202 2569 1398 2668 prophetiae
1413 2571 1523 2644 definit
1536 2573 1691 2671 spiritus.
1714 2575 1803 2646 Nato

219 2691 337 2786 itaque
357 2689 507 2787 parvulo
532 2703 655 2760 nostro
679 2687 796 2758 sorori
820 2711 908 2758 mea
930 2689 1205 2780 commendato,
1232 2690 1384 2762 Par-isius
1408 2691 1546 2762 ocurlte
1570 2693 1800 2783 revertimur,

219 2825 354 2908 etpost
377 2833 512 2908 paucos
531 2807 621 2898 dies,
649 2822 755 2880 noete
775 2807 918 2878 secretis
944 2809 1148 2880 orationum
1166 2809 1290 2906 vigiliis
1310 2810 1348 2880 in
1370 2809 1527 2906 quadam
1551 2810 1698 2882 ccclesia
1715 2811 1804 2883 cele-
1857 2829 1997 2904 alstanus
2055 2833 2058 2846 ·

217 2927 349 3018 bratis,
369 2927 503 3000 ibidem
523 2951 663 2998 summo
681 2950 807 3016 mane,
828 2924 1005 2998 avunculo
1025 2927 1100 3022 ejus
1119 2941 1225 3023 atque
1243 2927 1458 3022 quibusdam
1473 2929 1603 2999 nostris
1620 2930 1677 3001 vel
1696 2931 1805 3026 ipsius
1829 2895 2022 3009 *lilil'lille‘lnus

217 3050 345 3120 amicis
364 3047 623 3135 assistentibus,
644 3046 793 3145 nuptiali
810 3046 1060 3118 benedictione
1072 3048 1370 3118 consmderrmur.
1392 3052 1545 3144 Moxque
1563 3048 1702 3120 occtrlte
1715 3049 1804 3120 divi·

216 3169 285 3240 sim
303 3167 554 3257 abscessimus,
575 3189 641 3238 nec
659 3189 726 3238 nos
750 3165 896 3237 ulterius
921 3165 989 3236 nisi
1006 3188 1089 3237 raro
1106 3165 1325 3263 latenterque
1347 3165 1521 3257 vidimus,
1542 3166 1803 3241 dissimulantes

217 3287 416 3386 plurimum
444 3285 545 3384 quod
573 3309 769 3382 egeramus.
802 3283 1008 3356 Avunculus
1040 3299 1160 3358 autem
1189 3287 1318 3383 ipsius,
1352 3301 1459 3384 atque
1491 3286 1677 3359 domestici
1708 3290 1800 3384 ejus,

217 3409 422 3505 ignominiae
442 3431 515 3479 suae
542 3405 707 3478 solatium
725 3417 939 3501 quaerentes,
967 3405 1094 3476 initum
1113 3407 1383 3478 matrimonium
1408 3405 1606 3502 divulgare,
1633 3421 1668 3479 et
1695 3407 1803 3480 fldem

220 3527 310 3599 mihi
324 3552 431 3625 super
453 3525 524 3597 hoc
541 3525 662 3596 datam
681 3524 814 3596 violare
832 3521 1038 3621 coepentmi
1059 3523 1119 3596 illa
1136 3539 1256 3598 autem
1276 3541 1437 3596 econtra
1455 3525 1751 3598 anathematizare
1771 3543 1806 3598 et

214 3648 356 3743 jurare,
381 3647 466 3744 quia
487 3645 712 3717 falsissimum
732 3647 847 3716 asser.
876 3642 983 3714 Unde
1005 3643 1235 3717 vehementer
1252 3645 1310 3716 ille
1328 3660 1552 3735 commotus,
1576 3645 1708 3717 crebris
1725 3669 1803 3717 eam

216 3766 444 3839 contmneliis
460 3765 647 3838 afficiebat.
679 3763 788 3851 Quod
813 3787 927 3860 quum
950 3787 1018 3860 ego
1040 3766 1308 3861 cognovissem,
1335 3766 1512 3836 transmisi
1530 3789 1610 3838 eam
1628 3764 1674 3836 ad
1697 3763 1804 3838 abba·

216 3889 307 3958 tiam
329 3885 523 3983 quamdam
541 3883 863 3959 sanctimonialium
877 3907 990 3982 prope
1004 3884 1177 3973 Parisius,
1198 3885 1277 3982 duee
1297 3883 1547 3981 argenteolum
1564 3881 1800 3982 appellatnr⁶:

216 4007 384 4105 sibiipsa
409 4006 496 4078 olim
518 4005 676 4104 puellula
702 4004 852 4078 educata
883 4003 1015 4094 fuerat,
1045 4019 1152 4102 atque
1171 4004 1323 4076 erudita.
1349 4009 1471 4078 Vestes
1497 4029 1642 4102 quoque
1666 4005 1699 4076 ei
1724 4005 1804 4075 reli·

216 4129 360 4225 gioniS,
385 4151 464 4224 quae
486 4126 733 4198 conversioni⁷
763 4124 967 4198 monasticar
993 4125 1247 4215 convenirent,
1273 4139 1424 4223 excepto
1445 4125 1547 4214 velo,
1574 4125 1686 4222 aptari
1714 4124 1801 4211 feci,

215 4262 257 4319 et
276 4246 332 4317 his
346 4271 427 4318 eam
445 4245 559 4318 indui.
576 4249 659 4333 Quo
677 4243 820 4334 audito,
836 4242 1082 4316 avunculuset
1094 4245 1348 4341 consanguinei
1366 4267 1430 4316 seu
1446 4243 1572 4316 affines
1582 4243 1658 4338 ejus
1671 4245 1805 4340 opinati

250 4455 260 4482 ¹
276 4455 383 4517 [mpetu
402 4467 456 4505 ruas
475 4457 590 4504 violentos
609 4464 632 4503 et
651 4465 731 4516 nipe
744 4449 814 4502 lttts.
826 4473 859 4488 -
871 4449 881 4476 ¹
893 4451 999 4499 nmero
1204 4451 1254 4491 sin·
1264 4450 1277 4489 n
1288 4449 1357 4489 nean
1366 4449 1385 4488 ι.
1397 4449 1530 4500 ,eentum

209 4541 266 4592 HS.
284 4537 358 4590 Amb.
375 4566 400 4575 -
415 4538 426 4566 ⁸
439 4539 524 4588 Exlflo
535 4540 639 4602 infando
649 4535 722 4588 RES.
732 4563 760 4573 -
772 4533 783 4562 ⁴
797 4533 924 4601 Egregia„
937 4533 1000 4584 hanc
1202 4517 1372 4604 Dianeutendnt
1381 4527 1401 4559 et
1410 4519 1457 4602 bien
1466 4520 1546 4602 lettres.

210 4625 339 4678 flelolssae
350 4623 382 4674 de
394 4621 550 4674 matrimonio
563 4621 699 4674 (mmm
710 4629 807 4686 'pm
824 4627 909 4669 mm.
921 4617 1000 4670 ΗΜ
1295 4606 1305 4632 ι
1340 4605 1353 4632 n
1386 4599 1405 4631 et
1430 4605 1462 4631 ten
1472 4603 1539 4636 amec,

210 4709 244 4762 de
259 4708 354 4773 licung
367 4708 393 4756 in
409 4705 568 4758 celeberrimo
584 4715 699 4770 poemate
719 4705 812 4754 noman
830 4706 860 4753 de
879 4706 904 4752 ta
923 4703 999 4760 nore,

209 4791 353 4844 norissima
372 4789 471 4842 'editor
491 4788 581 4850 Mean,
603 4787 713 4846 Parisiis,
732 4789 811 4848 rste,
828 4787 905 4848 ἱππ-80,
926 4795 942 4836 t.
959 4785 1000 4842 11,
1455 4837 1457 4842 .

208 4895 235 4946 p,
252 4878 332 4928 m,
1032 4844 1194 4912 omittoque
1216 4853 1359 4910 sequuntur.
1382 4841 1420 4892 ct.
1441 4841 1587 4892 rmueen
1598 4843 1710 4904 franceis
1731 4845 1761 4890 ae
1780 4846 1804 4890 ta

396 4973 407 4998 .
417 4959 496 5000 pm
504 4957 598 4998 m„
605 4955 719 4996 mutan
1033 4929 1197 4990 Bibliothecae
1206 4931 1238 4978 du
1248 4929 1302 4987 aot,
1310 4935 1370 4991 ete,
1382 4935 1446 4976 auct.
1456 4925 1539 4976 Prulin
1551 4923 1628 4989 Paris,
1636 4923 1686 4986 til,
1694 4929 1723 4974 n⁰
1731 4927 1805 4984 7071,

397 5033 441 5080 ραι
450 5043 497 5072 ωσι
507 5030 587 5076 nebit,
596 5028 693 5070 tabesne
1033 5033 1060 5088 p.
1072 5016 1104 5064 39
1111 5033 1118 5076 3
1129 5015 1250 5072 Abdard,
1261 5021 1326 5062 auct.
1340 5007 1467 5072 nemun,
1478 5019 1495 5061 t.
1509 5009 1535 5074 l,
1546 5026 1573 5078 p.
1582 5011 1623 5060 60.
1632 5032 1664 5048 ·-
1674 5007 1684 5034 ⁸
1696 5011 1747 5059 Hoc
1757 5024 1806 5058 etse

397 5101 586 5155 Dnl'arrrlet,qui
599 5099 714 5146 lnt'nmie.
1033 5103 1186 5162 [ablativum
1208 5095 1278 5148 ΗΠΒ.
1295 5122 1327 5132 -
1344 5093 1354 5122 ⁸
1372 5092 1433 5145 Vide
1453 5103 1504 5146 not.
1527 5109 1587 5146 nti.
1605 5119 1636 5131 -
1654 5091 1662 5118 ²
1677 5091 1808 5142 Conversa*

397 5173 500 5216 secordes·
509 5187 534 5214 ne
544 5185 566 5213 se
576 5173 639 5213 vololt
648 5174 701 5218 mle.
1036 5189 1095 5236 ,gom-
1113 5179 1174 5236 ABG
1191 5191 1217 5232 eg
1229 5177 1277 5230 ns·
1293 5178 1367 5230 mh,

398 5247 437 5285 ὴν
447 5246 500 5285 rima
510 5245 562 5298 qu'il
571 5245 590 5285 la
600 5244 747 5298 protestans
759 5260 764 5282 ι
