<?xml version="1.0" encoding="UTF-8"?>
<!DOCTYPE html PUBLIC "-//W3C//DTD XHTML 1.0 Transitional//EN"
    "http://www.w3.org/TR/xhtml1/DTD/xhtml1-transitional.dtd">
<html xmlns="http://www.w3.org/1999/xhtml" xml:lang="en" lang="en">
 <head>
  <title>
</title>
<meta http-equiv="Content-Type" content="text/html;charset=utf-8" />
  <meta name='ocr-system' content='tesseract 3.04.00' />
  <meta name='ocr-capabilities' content='ocr_page ocr_carea ocr_par ocr_line ocrx_word'/>
</head>
<body>
  <div class='ocr_page' id='page_1' title='image "./petriablardiope01despgoog_0236.png"; bbox 0 0 4606 6106; ppageno 0'>
   <div class='ocr_carea' id='block_1_1' title="bbox 920 643 1828 732">
    <p class='ocr_par' dir='ltr' id='par_1_1' title="bbox 920 643 1828 732">
     <span class='ocr_line' id='line_1_1' title="bbox 920 643 1828 732; baseline -0.003 -1"><span class='ocrx_word' id='word_1_1' title='bbox 920 655 1155 732; x_wconf 79' lang='lat' dir='ltr'>arrsToLAE.</span> <span class='ocrx_word' id='word_1_2' title='bbox 1375 643 1378 650; x_wconf 45' lang='lat'><strong>⁴</strong></span> <span class='ocrx_word' id='word_1_3' title='bbox 1758 648 1828 728; x_wconf 77' lang='lat' dir='ltr'>22l¹</span> 
     </span>
    </p>
   </div>
   <div class='ocr_carea' id='block_1_2' title="bbox 249 793 1869 5111">
    <p class='ocr_par' dir='ltr' id='par_1_2' title="bbox 249 793 1834 1253">
     <span class='ocr_line' id='line_1_2' title="bbox 298 793 1830 898; baseline -0.001 -32"><span class='ocrx_word' id='word_1_4' title='bbox 298 797 357 866; x_wconf 75' lang='lat' dir='ltr'>Ea</span> <span class='ocrx_word' id='word_1_5' title='bbox 377 795 522 866; x_wconf 85' lang='lat' dir='ltr'>concilio</span> <span class='ocrx_word' id='word_1_6' title='bbox 540 802 764 894; x_wconf 73' lang='lat' dir='ltr'><em>maguntine,</em></span> <span class='ocrx_word' id='word_1_7' title='bbox 789 827 867 898; x_wconf 87' lang='lat' dir='ltr'>cup.</span> <span class='ocrx_word' id='word_1_8' title='bbox 892 825 988 872; x_wconf 80' lang='lat' dir='ltr'>xxvi.</span> <span class='ocrx_word' id='word_1_9' title='bbox 1009 841 1057 856; x_wconf 83' lang='lat'>-</span> <span class='ocrx_word' id='word_1_10' title='bbox 1076 798 1257 871; x_wconf 76' lang='lat' dir='ltr'>Abbatissa</span> <span class='ocrx_word' id='word_1_11' title='bbox 1284 819 1509 892; x_wconf 81' lang='lat' dir='ltr'><strong>nequaquam</strong></span> <span class='ocrx_word' id='word_1_12' title='bbox 1537 793 1582 866; x_wconf 92' lang='lat' dir='ltr'>de</span> <span class='ocrx_word' id='word_1_13' title='bbox 1615 797 1830 866; x_wconf 90' lang='lat' dir='ltr'>monasterio</span> 
     </span>
     <span class='ocr_line' id='line_1_3' title="bbox 249 914 1832 1019; baseline -0.001 -33"><span class='ocrx_word' id='word_1_14' title='bbox 249 914 473 1011; x_wconf 76' lang='lat' dir='ltr'>egrediatur,</span> <span class='ocrx_word' id='word_1_15' title='bbox 498 917 566 987; x_wconf 79' lang='lat' dir='ltr'>nisi</span> <span class='ocrx_word' id='word_1_16' title='bbox 585 917 650 1016; x_wconf 89' lang='lat' dir='ltr'>per</span> <span class='ocrx_word' id='word_1_17' title='bbox 671 916 849 992; x_wconf 90' lang='lat' dir='ltr'>licentiam</span> <span class='ocrx_word' id='word_1_18' title='bbox 871 923 925 992; x_wconf 88' lang='lat' dir='ltr'>sui</span> <span class='ocrx_word' id='word_1_19' title='bbox 943 921 1114 1019; x_wconf 79' lang='lat' dir='ltr'>episcopi.</span> <span class='ocrx_word' id='word_1_20' title='bbox 1137 922 1179 988; x_wconf 88' lang='lat' dir='ltr'>Et</span> <span class='ocrx_word' id='word_1_21' title='bbox 1201 918 1228 988; x_wconf 90' lang='lat' dir='ltr'>si</span> <span class='ocrx_word' id='word_1_22' title='bbox 1255 915 1401 1014; x_wconf 92' lang='lat' dir='ltr'>quando</span> <span class='ocrx_word' id='word_1_23' title='bbox 1426 915 1518 986; x_wconf 81' lang='lat' dir='ltr'>foras</span> <span class='ocrx_word' id='word_1_24' title='bbox 1542 915 1673 1012; x_wconf 90' lang='lat' dir='ltr'>pergit,</span> <span class='ocrx_word' id='word_1_25' title='bbox 1695 914 1740 986; x_wconf 91' lang='lat' dir='ltr'>de</span> <span class='ocrx_word' id='word_1_26' title='bbox 1755 939 1832 986; x_wconf 90' lang='lat' dir='ltr'>san-</span> 
     </span>
     <span class='ocr_line' id='line_1_4' title="bbox 249 1034 1834 1133; baseline 0.001 -29"><span class='ocrx_word' id='word_1_27' title='bbox 249 1034 509 1117; x_wconf 86' lang='lat' dir='ltr'>ctimonialibus</span> <span class='ocrx_word' id='word_1_28' title='bbox 525 1061 614 1133; x_wconf 85' lang='lat' dir='ltr'>quas</span> <span class='ocrx_word' id='word_1_29' title='bbox 636 1063 758 1110; x_wconf 89' lang='lat' dir='ltr'>secum</span> <span class='ocrx_word' id='word_1_30' title='bbox 787 1040 906 1130; x_wconf 92' lang='lat' dir='ltr'>ducit,</span> <span class='ocrx_word' id='word_1_31' title='bbox 934 1065 1057 1113; x_wconf 90' lang='lat' dir='ltr'>curam</span> <span class='ocrx_word' id='word_1_32' title='bbox 1083 1038 1212 1110; x_wconf 90' lang='lat' dir='ltr'>habeat</span> <span class='ocrx_word' id='word_1_33' title='bbox 1232 1038 1441 1125; x_wconf 82' lang='lat' dir='ltr'>maximam,</span> <span class='ocrx_word' id='word_1_34' title='bbox 1469 1035 1628 1107; x_wconf 89' lang='lat' dir='ltr'>utnulla</span> <span class='ocrx_word' id='word_1_35' title='bbox 1656 1036 1705 1106; x_wconf 91' lang='lat' dir='ltr'>eis</span> <span class='ocrx_word' id='word_1_36' title='bbox 1729 1035 1834 1107; x_wconf 89' lang='lat' dir='ltr'>detur</span> 
     </span>
     <span class='ocr_line' id='line_1_5' title="bbox 249 1151 1240 1253; baseline 0.002 -27"><span class='ocrx_word' id='word_1_37' title='bbox 249 1156 389 1227; x_wconf 86' lang='lat' dir='ltr'>occasio</span> <span class='ocrx_word' id='word_1_38' title='bbox 405 1157 589 1253; x_wconf 86' lang='lat' dir='ltr'>peccandi.</span> <span class='ocrx_word' id='word_1_39' title='bbox 1236 1151 1240 1158; x_wconf 72' lang='grc'><strong>’</strong></span> 
     </span>
    </p>

    <p class='ocr_par' dir='ltr' id='par_1_3' title="bbox 251 1275 1837 1979">
     <span class='ocr_line' id='line_1_6' title="bbox 300 1275 1836 1378; baseline 0.003 -32"><span class='ocrx_word' id='word_1_40' title='bbox 300 1280 357 1346; x_wconf 82' lang='lat' dir='ltr'>En·</span> <span class='ocrx_word' id='word_1_41' title='bbox 374 1277 521 1346; x_wconf 79' lang='lat' dir='ltr'>concilio</span> <span class='ocrx_word' id='word_1_42' title='bbox 537 1282 737 1375; x_wconf 75' lang='lat' dir='ltr'><em>grantiensi</em></span> <span class='ocrx_word' id='word_1_43' title='bbox 755 1284 782 1368; x_wconf 90' lang='lat'>¹,</span> <span class='ocrx_word' id='word_1_44' title='bbox 807 1307 885 1378; x_wconf 62' lang='lat' dir='ltr'>carp.</span> <span class='ocrx_word' id='word_1_45' title='bbox 919 1307 966 1352; x_wconf 84' lang='lat' dir='ltr'>rx.</span> <span class='ocrx_word' id='word_1_46' title='bbox 983 1323 1031 1334; x_wconf 91' lang='lat'><em>-</em></span> <span class='ocrx_word' id='word_1_47' title='bbox 1057 1279 1236 1351; x_wconf 68' lang='lat' dir='ltr'>abbatissa</span> <span class='ocrx_word' id='word_1_48' title='bbox 1257 1275 1462 1372; x_wconf 81' lang='lat' dir='ltr'>diligentem</span> <span class='ocrx_word' id='word_1_49' title='bbox 1491 1277 1619 1348; x_wconf 91' lang='lat' dir='ltr'>habeat</span> <span class='ocrx_word' id='word_1_50' title='bbox 1646 1301 1768 1348; x_wconf 92' lang='lat' dir='ltr'>curam</span> <span class='ocrx_word' id='word_1_51' title='bbox 1791 1279 1836 1352; x_wconf 92' lang='lat' dir='ltr'>de</span> 
     </span>
     <span class='ocr_line' id='line_1_7' title="bbox 251 1395 1833 1499; baseline 0.003 -34"><span class='ocrx_word' id='word_1_52' title='bbox 251 1396 526 1491; x_wconf 76' lang='lat' dir='ltr'>congregatione</span> <span class='ocrx_word' id='word_1_53' title='bbox 544 1396 610 1468; x_wconf 91' lang='lat' dir='ltr'>sihi</span> <span class='ocrx_word' id='word_1_54' title='bbox 626 1401 838 1491; x_wconf 87' lang='lat' dir='ltr'>commissa,</span> <span class='ocrx_word' id='word_1_55' title='bbox 863 1415 897 1472; x_wconf 90' lang='lat' dir='ltr'>et</span> <span class='ocrx_word' id='word_1_56' title='bbox 918 1399 1105 1499; x_wconf 90' lang='lat' dir='ltr'>provideat</span> <span class='ocrx_word' id='word_1_57' title='bbox 1124 1413 1163 1470; x_wconf 93' lang='grc'>111</span> <span class='ocrx_word' id='word_1_58' title='bbox 1182 1400 1218 1469; x_wconf 92' lang='lat' dir='ltr'>in</span> <span class='ocrx_word' id='word_1_59' title='bbox 1239 1395 1391 1469; x_wconf 91' lang='lat' dir='ltr'>lectione</span> <span class='ocrx_word' id='word_1_60' title='bbox 1410 1410 1445 1468; x_wconf 90' lang='lat' dir='ltr'>et</span> <span class='ocrx_word' id='word_1_61' title='bbox 1464 1395 1600 1484; x_wconf 85' lang='lat' dir='ltr'>officio,</span> <span class='ocrx_word' id='word_1_62' title='bbox 1621 1397 1657 1466; x_wconf 90' lang='lat' dir='ltr'>in</span> <span class='ocrx_word' id='word_1_63' title='bbox 1672 1397 1833 1469; x_wconf 90' lang='lat' dir='ltr'>modula·</span> 
     </span>
     <span class='ocr_line' id='line_1_8' title="bbox 254 1515 1834 1617; baseline 0.001 -31"><span class='ocrx_word' id='word_1_64' title='bbox 254 1518 349 1587; x_wconf 91' lang='lat' dir='ltr'>tione</span> <span class='ocrx_word' id='word_1_65' title='bbox 366 1517 583 1614; x_wconf 86' lang='lat' dir='ltr'>psalmorum</span> <span class='ocrx_word' id='word_1_66' title='bbox 602 1519 685 1617; x_wconf 78' lang='lat' dir='ltr'>ipsa</span> <span class='ocrx_word' id='word_1_67' title='bbox 705 1521 990 1594; x_wconf 77' lang='lat' dir='ltr'>sanctimoniales</span> <span class='ocrx_word' id='word_1_68' title='bbox 1007 1536 1159 1593; x_wconf 85' lang='lat' dir='ltr'>strenuae</span> <span class='ocrx_word' id='word_1_69' title='bbox 1180 1520 1269 1598; x_wconf 84' lang='lat' dir='ltr'>sint,</span> <span class='ocrx_word' id='word_1_70' title='bbox 1295 1531 1329 1588; x_wconf 89' lang='lat' dir='ltr'>et</span> <span class='ocrx_word' id='word_1_71' title='bbox 1347 1518 1384 1588; x_wconf 91' lang='lat' dir='ltr'>in</span> <span class='ocrx_word' id='word_1_72' title='bbox 1396 1515 1563 1587; x_wconf 90' lang='lat' dir='ltr'>omnibus</span> <span class='ocrx_word' id='word_1_73' title='bbox 1586 1515 1754 1615; x_wconf 82' lang='lat' dir='ltr'>operibus</span> <span class='ocrx_word' id='word_1_74' title='bbox 1768 1517 1834 1587; x_wconf 92' lang='lat' dir='ltr'>bo-</span> 
     </span>
     <span class='ocr_line' id='line_1_9' title="bbox 255 1633 1835 1741; baseline 0.003 -37"><span class='ocrx_word' id='word_1_75' title='bbox 255 1636 319 1705; x_wconf 91' lang='lat' dir='ltr'>nis.</span> <span class='ocrx_word' id='word_1_76' title='bbox 340 1633 402 1707; x_wconf 90' lang='lat' dir='ltr'>llla</span> <span class='ocrx_word' id='word_1_77' title='bbox 420 1637 469 1707; x_wconf 89' lang='lat' dir='ltr'>eis</span> <span class='ocrx_word' id='word_1_78' title='bbox 487 1636 657 1708; x_wconf 90' lang='lat' dir='ltr'>ducatum</span> <span class='ocrx_word' id='word_1_79' title='bbox 674 1640 846 1737; x_wconf 77' lang='lat' dir='ltr'>praebeat,</span> <span class='ocrx_word' id='word_1_80' title='bbox 874 1657 997 1741; x_wconf 79' lang='lat' dir='ltr'>utpote</span> <span class='ocrx_word' id='word_1_81' title='bbox 1016 1665 1083 1740; x_wconf 85' lang='lat' dir='ltr'>pro</span> <span class='ocrx_word' id='word_1_82' title='bbox 1102 1638 1290 1711; x_wconf 87' lang='lat' dir='ltr'>animabus</span> <span class='ocrx_word' id='word_1_83' title='bbox 1314 1661 1436 1708; x_wconf 89' lang='lat' dir='ltr'>earum</span> <span class='ocrx_word' id='word_1_84' title='bbox 1456 1636 1630 1707; x_wconf 90' lang='lat' dir='ltr'>rationem</span> <span class='ocrx_word' id='word_1_85' title='bbox 1653 1637 1835 1708; x_wconf 88' lang='lat' dir='ltr'>redditura</span> 
     </span>
     <span class='ocr_line' id='line_1_10' title="bbox 254 1755 1837 1858; baseline 0.001 -34"><span class='ocrx_word' id='word_1_86' title='bbox 254 1755 289 1824; x_wconf 93' lang='lat' dir='ltr'>in</span> <span class='ocrx_word' id='word_1_87' title='bbox 312 1771 505 1854; x_wconf 90' lang='lat' dir='ltr'>conspectu</span> <span class='ocrx_word' id='word_1_88' title='bbox 524 1759 691 1848; x_wconf 88' lang='lat' dir='ltr'>Domini,</span> <span class='ocrx_word' id='word_1_89' title='bbox 713 1775 748 1832; x_wconf 90' lang='lat' dir='ltr'>et</span> <span class='ocrx_word' id='word_1_90' title='bbox 761 1761 936 1858; x_wconf 86' lang='lat' dir='ltr'>stipendia</span> <span class='ocrx_word' id='word_1_91' title='bbox 950 1758 1278 1832; x_wconf 89' lang='lat' dir='ltr'>sanctimonialibus</span> <span class='ocrx_word' id='word_1_92' title='bbox 1291 1755 1445 1855; x_wconf 85' lang='lat' dir='ltr'>praebeat</span> <span class='ocrx_word' id='word_1_93' title='bbox 1458 1755 1666 1844; x_wconf 87' lang='lat' dir='ltr'>necessaria,</span> <span class='ocrx_word' id='word_1_94' title='bbox 1688 1779 1733 1826; x_wconf 91' lang='lat' dir='ltr'>ne</span> <span class='ocrx_word' id='word_1_95' title='bbox 1747 1755 1837 1826; x_wconf 79' lang='lat' dir='ltr'>tone</span> 
     </span>
     <span class='ocr_line' id='line_1_11' title="bbox 254 1875 1307 1979; baseline 0.002 -35"><span class='ocrx_word' id='word_1_96' title='bbox 254 1899 317 1973; x_wconf 88' lang='lat' dir='ltr'>per</span> <span class='ocrx_word' id='word_1_97' title='bbox 331 1875 563 1971; x_wconf 87' lang='lat' dir='ltr'>indigentiam</span> <span class='ocrx_word' id='word_1_98' title='bbox 580 1878 650 1948; x_wconf 89' lang='lat' dir='ltr'>cibi</span> <span class='ocrx_word' id='word_1_99' title='bbox 667 1895 728 1950; x_wconf 91' lang='grc'><strong>1111</strong></span> <span class='ocrx_word' id='word_1_100' title='bbox 748 1896 854 1978; x_wconf 91' lang='lat' dir='ltr'>potus</span> <span class='ocrx_word' id='word_1_101' title='bbox 872 1905 1020 1979; x_wconf 79' lang='lat' dir='ltr'>peccme</span> <span class='ocrx_word' id='word_1_102' title='bbox 1036 1878 1307 1977; x_wconf 85' lang='lat' dir='ltr'>compellantur.</span> 
     </span>
    </p>

    <p class='ocr_par' dir='ltr' id='par_1_4' title="bbox 256 1981 1838 2217">
     <span class='ocr_line' id='line_1_12' title="bbox 303 1981 1838 2096; baseline 0.003 -30"><span class='ocrx_word' id='word_1_103' title='bbox 303 2001 361 2066; x_wconf 79' lang='lat' dir='ltr'>Ea·</span> <span class='ocrx_word' id='word_1_104' title='bbox 377 1996 524 2066; x_wconf 81' lang='lat' dir='ltr'>concilio</span> <span class='ocrx_word' id='word_1_105' title='bbox 539 2001 815 2094; x_wconf 83' lang='lat' dir='ltr'>maguntinensi,</span> <span class='ocrx_word' id='word_1_106' title='bbox 831 1981 999 2096; x_wconf 46' lang='lat' dir='ltr'>cup&#39;xrv.</span> <span class='ocrx_word' id='word_1_107' title='bbox 1011 1995 1378 2085; x_wconf 49' lang='lat' dir='ltr'>*sanctimonialem</span> <span class='ocrx_word' id='word_1_108' title='bbox 1393 1997 1461 2066; x_wconf 89' lang='lat' dir='ltr'>nisi</span> <span class='ocrx_word' id='word_1_109' title='bbox 1479 1996 1569 2067; x_wconf 85' lang='lat' dir='ltr'>sorte</span> <span class='ocrx_word' id='word_1_110' title='bbox 1588 1995 1761 2068; x_wconf 87' lang='lat' dir='ltr'>abbatissa</span> <span class='ocrx_word' id='word_1_111' title='bbox 1778 2023 1838 2070; x_wconf 89' lang='lat' dir='ltr'>sua</span> 
     </span>
     <span class='ocr_line' id='line_1_13' title="bbox 256 2116 1761 2217; baseline 0.001 -30"><span class='ocrx_word' id='word_1_112' title='bbox 256 2140 322 2213; x_wconf 94' lang='lat' dir='ltr'>pro</span> <span class='ocrx_word' id='word_1_113' title='bbox 338 2116 455 2213; x_wconf 86' lang='lat' dir='ltr'>aliqua</span> <span class='ocrx_word' id='word_1_114' title='bbox 474 2119 682 2190; x_wconf 89' lang='lat' dir='ltr'>necessitate</span> <span class='ocrx_word' id='word_1_115' title='bbox 700 2119 949 2210; x_wconf 87' lang='lat' dir='ltr'>incumbente,</span> <span class='ocrx_word' id='word_1_116' title='bbox 977 2141 1203 2217; x_wconf 89' lang='lat' dir='ltr'>nequaquam</span> <span class='ocrx_word' id='word_1_117' title='bbox 1223 2118 1270 2188; x_wconf 92' lang='lat' dir='ltr'>de</span> <span class='ocrx_word' id='word_1_118' title='bbox 1289 2119 1505 2187; x_wconf 87' lang='lat' dir='ltr'>monasterio</span> <span class='ocrx_word' id='word_1_119' title='bbox 1524 2117 1761 2213; x_wconf 77' lang='lat' dir='ltr'>egrediantur.</span> 
     </span>
    </p>

    <p class='ocr_par' dir='ltr' id='par_1_5' title="bbox 256 2237 1840 2578">
     <span class='ocr_line' id='line_1_14' title="bbox 304 2237 1840 2337; baseline 0.004 -31"><span class='ocrx_word' id='word_1_120' title='bbox 304 2240 363 2306; x_wconf 76' lang='lat' dir='ltr'>Ea</span> <span class='ocrx_word' id='word_1_121' title='bbox 385 2237 532 2307; x_wconf 82' lang='lat' dir='ltr'>concilio</span> <span class='ocrx_word' id='word_1_122' title='bbox 549 2245 784 2335; x_wconf 81' lang='lat' dir='ltr'>granecensi’,</span> <span class='ocrx_word' id='word_1_123' title='bbox 805 2265 884 2337; x_wconf 85' lang='lat' dir='ltr'>cup.</span> <span class='ocrx_word' id='word_1_124' title='bbox 906 2241 1169 2336; x_wconf 56' lang='grc'><strong>111-1111111</strong></span> <span class='ocrx_word' id='word_1_125' title='bbox 1190 2237 1316 2307; x_wconf 90' lang='lat' dir='ltr'>mulier</span> <span class='ocrx_word' id='word_1_126' title='bbox 1330 2251 1477 2334; x_wconf 91' lang='lat' dir='ltr'>propter</span> <span class='ocrx_word' id='word_1_127' title='bbox 1490 2238 1745 2308; x_wconf 87' lang='lat' dir='ltr'>continentiam</span> <span class='ocrx_word' id='word_1_128' title='bbox 1763 2265 1840 2336; x_wconf 87' lang='lat' dir='ltr'>quae</span> 
     </span>
     <span class='ocr_line' id='line_1_15' title="bbox 257 2356 1836 2458; baseline 0.003 -30"><span class='ocrx_word' id='word_1_129' title='bbox 257 2356 465 2451; x_wconf 88' lang='lat' dir='ltr'>putabatur,</span> <span class='ocrx_word' id='word_1_130' title='bbox 484 2357 645 2430; x_wconf 84' lang='lat' dir='ltr'>habitum</span> <span class='ocrx_word' id='word_1_131' title='bbox 666 2360 884 2451; x_wconf 90' lang='lat' dir='ltr'>immutavit,</span> <span class='ocrx_word' id='word_1_132' title='bbox 910 2376 944 2432; x_wconf 93' lang='lat' dir='ltr'>et</span> <span class='ocrx_word' id='word_1_133' title='bbox 965 2385 1031 2458; x_wconf 91' lang='lat' dir='ltr'>pro</span> <span class='ocrx_word' id='word_1_134' title='bbox 1051 2358 1156 2430; x_wconf 89' lang='lat' dir='ltr'>solito</span> <span class='ocrx_word' id='word_1_135' title='bbox 1178 2357 1340 2429; x_wconf 89' lang='lat' dir='ltr'>muliebri</span> <span class='ocrx_word' id='word_1_136' title='bbox 1361 2358 1529 2428; x_wconf 90' lang='lat' dir='ltr'>amictum</span> <span class='ocrx_word' id='word_1_137' title='bbox 1545 2359 1680 2430; x_wconf 91' lang='lat' dir='ltr'>virilem</span> <span class='ocrx_word' id='word_1_138' title='bbox 1698 2378 1836 2453; x_wconf 88' lang='lat' dir='ltr'>sumat,</span> 
     </span>
     <span class='ocr_line' id='line_1_16' title="bbox 256 2477 1808 2578; baseline 0.003 -30"><span class='ocrx_word' id='word_1_139' title='bbox 256 2477 445 2548; x_wconf 86' lang='lat' dir='ltr'>anathema</span> <span class='ocrx_word' id='word_1_140' title='bbox 462 2479 517 2550; x_wconf 89' lang='lat' dir='ltr'>sit.</span> <span class='ocrx_word' id='word_1_141' title='bbox 1805 2568 1808 2578; x_wconf 28' lang='grc' dir='ltr'>Ι</span> 
     </span>
    </p>

    <p class='ocr_par' dir='ltr' id='par_1_6' title="bbox 259 2599 1844 2940">
     <span class='ocr_line' id='line_1_17' title="bbox 306 2599 1844 2700; baseline 0.006 -32"><span class='ocrx_word' id='word_1_142' title='bbox 306 2603 366 2668; x_wconf 74' lang='lat' dir='ltr'>En</span> <span class='ocrx_word' id='word_1_143' title='bbox 389 2599 507 2670; x_wconf 78' lang='grc'><strong>1111111</strong></span> <span class='ocrx_word' id='word_1_144' title='bbox 533 2603 700 2694; x_wconf 74' lang='lat' dir='ltr'>concilii,</span> <span class='ocrx_word' id='word_1_145' title='bbox 728 2629 805 2700; x_wconf 80' lang='lat' dir='ltr'>cap.</span> <span class='ocrx_word' id='word_1_146' title='bbox 831 2603 1011 2674; x_wconf 66' lang='lat' dir='ltr'>xiv-Si</span> <span class='ocrx_word' id='word_1_147' title='bbox 1029 2626 1103 2700; x_wconf 88' lang='lat' dir='ltr'>qua</span> <span class='ocrx_word' id='word_1_148' title='bbox 1125 2600 1252 2671; x_wconf 86' lang='lat' dir='ltr'>mulier</span> <span class='ocrx_word' id='word_1_149' title='bbox 1272 2615 1419 2699; x_wconf 91' lang='lat' dir='ltr'>propter</span> <span class='ocrx_word' id='word_1_150' title='bbox 1437 2600 1598 2671; x_wconf 91' lang='lat' dir='ltr'>divinum</span> <span class='ocrx_word' id='word_1_151' title='bbox 1617 2603 1777 2694; x_wconf 91' lang='lat' dir='ltr'>cultum,</span> <span class='ocrx_word' id='word_1_152' title='bbox 1805 2623 1844 2678; x_wconf 89' lang='lat' dir='ltr'>ut</span> 
     </span>
     <span class='ocr_line' id='line_1_18' title="bbox 259 2720 1843 2820; baseline 0.004 -30"><span class='ocrx_word' id='word_1_153' title='bbox 259 2721 425 2808; x_wconf 84' lang='lat' dir='ltr'>aestimat,</span> <span class='ocrx_word' id='word_1_154' title='bbox 443 2722 559 2792; x_wconf 91' lang='lat' dir='ltr'>crines</span> <span class='ocrx_word' id='word_1_155' title='bbox 578 2722 761 2811; x_wconf 89' lang='lat' dir='ltr'>attondet,</span> <span class='ocrx_word' id='word_1_156' title='bbox 788 2747 880 2820; x_wconf 81' lang='lat' dir='ltr'>qrros</span> <span class='ocrx_word' id='word_1_157' title='bbox 899 2725 930 2794; x_wconf 92' lang='lat' dir='ltr'>ei</span> <span class='ocrx_word' id='word_1_158' title='bbox 949 2727 1045 2794; x_wconf 87' lang='lat' dir='ltr'>Deus</span> <span class='ocrx_word' id='word_1_159' title='bbox 1063 2721 1109 2793; x_wconf 90' lang='lat' dir='ltr'>ad</span> <span class='ocrx_word' id='word_1_160' title='bbox 1130 2720 1359 2815; x_wconf 88' lang='lat' dir='ltr'>subjectionis</span> <span class='ocrx_word' id='word_1_161' title='bbox 1378 2721 1588 2792; x_wconf 85' lang='lat' dir='ltr'>memoriam</span> <span class='ocrx_word' id='word_1_162' title='bbox 1611 2723 1749 2814; x_wconf 90' lang='lat' dir='ltr'>tribuit,</span> <span class='ocrx_word' id='word_1_163' title='bbox 1767 2741 1843 2797; x_wconf 90' lang='lat' dir='ltr'>tan·</span> 
     </span>
     <span class='ocr_line' id='line_1_19' title="bbox 261 2841 1348 2940; baseline -0.003 -29"><span class='ocrx_word' id='word_1_164' title='bbox 261 2865 367 2936; x_wconf 91' lang='lat' dir='ltr'>quam</span> <span class='ocrx_word' id='word_1_165' title='bbox 387 2857 603 2940; x_wconf 67' lang='lat' dir='ltr'>preceptum</span> <span class='ocrx_word' id='word_1_166' title='bbox 622 2842 819 2914; x_wconf 91' lang='lat' dir='ltr'>dissolvens</span> <span class='ocrx_word' id='word_1_167' title='bbox 836 2841 1066 2932; x_wconf 77' lang='lat' dir='ltr'>obedientiae,</span> <span class='ocrx_word' id='word_1_168' title='bbox 1087 2841 1275 2914; x_wconf 89' lang='lat' dir='ltr'>anathema</span> <span class='ocrx_word' id='word_1_169' title='bbox 1293 2841 1348 2911; x_wconf 90' lang='lat' dir='ltr'>sit.</span> 
     </span>
    </p>

    <p class='ocr_par' dir='ltr' id='par_1_7' title="bbox 263 2962 1869 4628">
     <span class='ocr_line' id='line_1_20' title="bbox 315 2962 1844 3061; baseline 0.005 -30"><span class='ocrx_word' id='word_1_170' title='bbox 315 2967 370 3031; x_wconf 81' lang='lat' dir='ltr'>Ea·</span> <span class='ocrx_word' id='word_1_171' title='bbox 388 2963 536 3032; x_wconf 79' lang='lat' dir='ltr'>concilio</span> <span class='ocrx_word' id='word_1_172' title='bbox 555 2963 828 3061; x_wconf 81' lang='lat' dir='ltr'>rothomagensi,</span> <span class='ocrx_word' id='word_1_173' title='bbox 849 2989 927 3060; x_wconf 86' lang='lat' dir='ltr'>cup.</span> <span class='ocrx_word' id='word_1_174' title='bbox 948 2987 1001 3037; x_wconf 87' lang='lat' dir='ltr'>m.</span> <span class='ocrx_word' id='word_1_175' title='bbox 1015 3003 1066 3020; x_wconf 90' lang='lat'>-·</span> <span class='ocrx_word' id='word_1_176' title='bbox 1077 2967 1123 3034; x_wconf 88' lang='lat' dir='ltr'>Ut</span> <span class='ocrx_word' id='word_1_177' title='bbox 1141 2962 1329 3060; x_wconf 92' lang='lat' dir='ltr'>episcopus</span> <span class='ocrx_word' id='word_1_178' title='bbox 1347 2963 1560 3032; x_wconf 90' lang='lat' dir='ltr'>monasteria</span> <span class='ocrx_word' id='word_1_179' title='bbox 1585 2964 1844 3038; x_wconf 86' lang='lat' dir='ltr'>monachorum</span> 
     </span>
     <span class='ocr_line' id='line_1_21' title="bbox 263 3081 1844 3183; baseline 0.003 -29"><span class='ocrx_word' id='word_1_180' title='bbox 263 3098 297 3155; x_wconf 90' lang='grc'>11</span> <span class='ocrx_word' id='word_1_181' title='bbox 315 3083 636 3156; x_wconf 86' lang='lat' dir='ltr'>sanctimonialium</span> <span class='ocrx_word' id='word_1_182' title='bbox 655 3083 857 3181; x_wconf 80' lang='lat' dir='ltr'>frequenter</span> <span class='ocrx_word' id='word_1_183' title='bbox 872 3085 1044 3175; x_wconf 88' lang='lat' dir='ltr'>introcat,</span> <span class='ocrx_word' id='word_1_184' title='bbox 1067 3097 1103 3156; x_wconf 88' lang='lat' dir='ltr'>et</span> <span class='ocrx_word' id='word_1_185' title='bbox 1123 3103 1205 3154; x_wconf 88' lang='lat' dir='ltr'>curn</span> <span class='ocrx_word' id='word_1_186' title='bbox 1225 3081 1389 3178; x_wconf 85' lang='lat' dir='ltr'>gravibus</span> <span class='ocrx_word' id='word_1_187' title='bbox 1403 3098 1437 3154; x_wconf 89' lang='lat' dir='ltr'>et</span> <span class='ocrx_word' id='word_1_188' title='bbox 1451 3081 1621 3180; x_wconf 89' lang='lat' dir='ltr'>religiosis</span> <span class='ocrx_word' id='word_1_189' title='bbox 1633 3089 1794 3183; x_wconf 90' lang='lat' dir='ltr'>personis</span> <span class='ocrx_word' id='word_1_190' title='bbox 1808 3091 1844 3160; x_wconf 92' lang='grc'>111</span> 
     </span>
     <span class='ocr_line' id='line_1_22' title="bbox 264 3203 1869 3303; baseline 0.002 -28"><span class='ocrx_word' id='word_1_191' title='bbox 264 3229 386 3275; x_wconf 90' lang='lat' dir='ltr'>earum</span> <span class='ocrx_word' id='word_1_192' title='bbox 404 3220 582 3276; x_wconf 89' lang='lat' dir='ltr'>conventu</span> <span class='ocrx_word' id='word_1_193' title='bbox 601 3204 778 3296; x_wconf 88' lang='lat' dir='ltr'>residens,</span> <span class='ocrx_word' id='word_1_194' title='bbox 801 3229 926 3276; x_wconf 91' lang='lat' dir='ltr'>eorum</span> <span class='ocrx_word' id='word_1_195' title='bbox 946 3205 1001 3277; x_wconf 93' lang='lat' dir='ltr'>vel</span> <span class='ocrx_word' id='word_1_196' title='bbox 1018 3229 1139 3277; x_wconf 89' lang='lat' dir='ltr'>earum</span> <span class='ocrx_word' id='word_1_197' title='bbox 1160 3203 1319 3274; x_wconf 88' lang='lat' dir='ltr'>vitamet</span> <span class='ocrx_word' id='word_1_198' title='bbox 1336 3203 1642 3275; x_wconf 87' lang='lat' dir='ltr'>conversationem</span> <span class='ocrx_word' id='word_1_199' title='bbox 1662 3205 1869 3303; x_wconf 90' lang='lat' dir='ltr'>diligenter·</span> 
     </span>
     <span class='ocr_line' id='line_1_23' title="bbox 265 3325 1845 3424; baseline 0.004 -30"><span class='ocrx_word' id='word_1_200' title='bbox 265 3325 427 3396; x_wconf 77' lang='lat' dir='ltr'>excutiat.</span> <span class='ocrx_word' id='word_1_201' title='bbox 457 3327 493 3396; x_wconf 92' lang='lat' dir='ltr'>Si</span> <span class='ocrx_word' id='word_1_202' title='bbox 517 3326 603 3424; x_wconf 88' lang='lat' dir='ltr'>quid</span> <span class='ocrx_word' id='word_1_203' title='bbox 624 3325 901 3424; x_wconf 88' lang='lat' dir='ltr'>reprehensibile</span> <span class='ocrx_word' id='word_1_204' title='bbox 929 3327 1124 3415; x_wconf 89' lang='lat' dir='ltr'>invenerit,</span> <span class='ocrx_word' id='word_1_205' title='bbox 1151 3325 1328 3421; x_wconf 90' lang='lat' dir='ltr'>corrigere</span> <span class='ocrx_word' id='word_1_206' title='bbox 1350 3339 1494 3420; x_wconf 89' lang='lat' dir='ltr'>satagat.</span> <span class='ocrx_word' id='word_1_207' title='bbox 1517 3327 1845 3402; x_wconf 75' lang='lat' dir='ltr'>sanctimonialium</span> 
     </span>
     <span class='ocr_line' id='line_1_24' title="bbox 265 3443 1846 3544; baseline 0.004 -30"><span class='ocrx_word' id='word_1_208' title='bbox 265 3445 370 3516; x_wconf 89' lang='lat' dir='ltr'>etiam</span> <span class='ocrx_word' id='word_1_209' title='bbox 395 3443 603 3543; x_wconf 88' lang='lat' dir='ltr'>pudicitiam</span> <span class='ocrx_word' id='word_1_210' title='bbox 631 3443 829 3517; x_wconf 87' lang='lat' dir='ltr'>sublimiter</span> <span class='ocrx_word' id='word_1_211' title='bbox 854 3447 1062 3544; x_wconf 85' lang='lat' dir='ltr'>investiget,</span> <span class='ocrx_word' id='word_1_212' title='bbox 1092 3460 1127 3516; x_wconf 91' lang='lat' dir='ltr'>et</span> <span class='ocrx_word' id='word_1_213' title='bbox 1152 3445 1180 3514; x_wconf 92' lang='lat' dir='ltr'>si</span> <span class='ocrx_word' id='word_1_214' title='bbox 1207 3443 1324 3540; x_wconf 90' lang='lat' dir='ltr'>aliqua</span> <span class='ocrx_word' id='word_1_215' title='bbox 1347 3444 1549 3530; x_wconf 89' lang='lat' dir='ltr'>invenitur,</span> <span class='ocrx_word' id='word_1_216' title='bbox 1581 3471 1660 3542; x_wconf 85' lang='lat' dir='ltr'>quae</span> <span class='ocrx_word' id='word_1_217' title='bbox 1686 3449 1846 3544; x_wconf 82' lang='lat' dir='ltr'>neglecto</span> 
     </span>
     <span class='ocr_line' id='line_1_25' title="bbox 267 3561 1850 3663; baseline 0.003 -25"><span class='ocrx_word' id='word_1_218' title='bbox 267 3566 451 3663; x_wconf 85' lang='lat' dir='ltr'>proposito</span> <span class='ocrx_word' id='word_1_219' title='bbox 469 3567 656 3656; x_wconf 87' lang='lat' dir='ltr'>castitatis,</span> <span class='ocrx_word' id='word_1_220' title='bbox 677 3561 809 3638; x_wconf 85' lang='lat' dir='ltr'>clerico</span> <span class='ocrx_word' id='word_1_221' title='bbox 824 3582 884 3637; x_wconf 88' lang='lat' dir='ltr'>aut</span> <span class='ocrx_word' id='word_1_222' title='bbox 905 3566 998 3637; x_wconf 90' lang='lat' dir='ltr'>laico</span> <span class='ocrx_word' id='word_1_223' title='bbox 1015 3565 1243 3663; x_wconf 83' lang='lat' dir='ltr'>impudenter</span> <span class='ocrx_word' id='word_1_224' title='bbox 1268 3564 1475 3650; x_wconf 89' lang='lat' dir='ltr'>misceatur,</span> <span class='ocrx_word' id='word_1_225' title='bbox 1498 3567 1626 3636; x_wconf 86' lang='lat' dir='ltr'>acriter</span> <span class='ocrx_word' id='word_1_226' title='bbox 1644 3566 1850 3642; x_wconf 86' lang='lat' dir='ltr'>verberibus</span> 
     </span>
     <span class='ocr_line' id='line_1_26' title="bbox 267 3671 1850 3790; baseline 0.006 -34"><span class='ocrx_word' id='word_1_227' title='bbox 267 3701 501 3776; x_wconf 80' lang='lat' dir='ltr'>coerceatur,</span> <span class='ocrx_word' id='word_1_228' title='bbox 518 3702 553 3759; x_wconf 88' lang='lat' dir='ltr'>et</span> <span class='ocrx_word' id='word_1_229' title='bbox 573 3687 610 3757; x_wconf 92' lang='lat' dir='ltr'>in</span> <span class='ocrx_word' id='word_1_230' title='bbox 636 3689 772 3784; x_wconf 85' lang='lat' dir='ltr'>privata</span> <span class='ocrx_word' id='word_1_231' title='bbox 797 3677 961 3759; x_wconf 88' lang='lat' dir='ltr'>custodia</span> <span class='ocrx_word' id='word_1_232' title='bbox 983 3671 1203 3774; x_wconf 88' lang='lat' dir='ltr'>retrudatur,</span> <span class='ocrx_word' id='word_1_233' title='bbox 1230 3685 1298 3756; x_wconf 90' lang='lat' dir='ltr'>nisi</span> <span class='ocrx_word' id='word_1_234' title='bbox 1321 3683 1419 3782; x_wconf 90' lang='lat' dir='ltr'>quod</span> <span class='ocrx_word' id='word_1_235' title='bbox 1438 3685 1531 3756; x_wconf 91' lang='lat' dir='ltr'>male</span> <span class='ocrx_word' id='word_1_236' title='bbox 1549 3689 1725 3760; x_wconf 90' lang='lat' dir='ltr'>commisit</span> <span class='ocrx_word' id='word_1_237' title='bbox 1744 3689 1850 3790; x_wconf 85' lang='lat' dir='ltr'>digne</span> 
     </span>
     <span class='ocr_line' id='line_1_27' title="bbox 268 3807 1850 3906; baseline 0.004 -27"><span class='ocrx_word' id='word_1_238' title='bbox 268 3809 448 3906; x_wconf 65' lang='lat' dir='ltr'>paeniteat.</span> <span class='ocrx_word' id='word_1_239' title='bbox 467 3807 704 3880; x_wconf 85' lang='lat' dir='ltr'>interdicatur</span> <span class='ocrx_word' id='word_1_240' title='bbox 721 3811 828 3880; x_wconf 88' lang='lat' dir='ltr'>etiam</span> <span class='ocrx_word' id='word_1_241' title='bbox 847 3832 888 3880; x_wconf 79' lang='lat' dir='ltr'>ex</span> <span class='ocrx_word' id='word_1_242' title='bbox 910 3808 1117 3880; x_wconf 89' lang='lat' dir='ltr'>anctoritate</span> <span class='ocrx_word' id='word_1_243' title='bbox 1133 3828 1317 3877; x_wconf 89' lang='lat' dir='ltr'>sacrorum</span> <span class='ocrx_word' id='word_1_244' title='bbox 1333 3831 1535 3896; x_wconf 88' lang='lat' dir='ltr'>canonum,</span> <span class='ocrx_word' id='word_1_245' title='bbox 1554 3823 1592 3879; x_wconf 90' lang='grc'>111</span> <span class='ocrx_word' id='word_1_246' title='bbox 1603 3808 1721 3880; x_wconf 89' lang='lat' dir='ltr'>nullus</span> <span class='ocrx_word' id='word_1_247' title='bbox 1739 3810 1850 3886; x_wconf 88' lang='lat' dir='ltr'>laicus</span> 
     </span>
     <span class='ocr_line' id='line_1_28' title="bbox 269 3925 1850 4030; baseline 0.004 -30"><span class='ocrx_word' id='word_1_248' title='bbox 269 3943 330 4000; x_wconf 91' lang='lat' dir='ltr'>aut</span> <span class='ocrx_word' id='word_1_249' title='bbox 346 3929 494 4000; x_wconf 87' lang='lat' dir='ltr'>clericus</span> <span class='ocrx_word' id='word_1_250' title='bbox 513 3929 554 4000; x_wconf 91' lang='lat' dir='ltr'>in</span> <span class='ocrx_word' id='word_1_251' title='bbox 567 3929 866 4000; x_wconf 77' lang='lat' dir='ltr'>earumclaust&#39;ris</span> <span class='ocrx_word' id='word_1_252' title='bbox 879 3941 913 4000; x_wconf 86' lang='lat' dir='ltr'>et</span> <span class='ocrx_word' id='word_1_253' title='bbox 923 3929 1068 4000; x_wconf 86' lang='lat' dir='ltr'>secretis</span> <span class='ocrx_word' id='word_1_254' title='bbox 1086 3925 1364 3997; x_wconf 89' lang='lat' dir='ltr'>habitationibus</span> <span class='ocrx_word' id='word_1_255' title='bbox 1379 3949 1558 3998; x_wconf 89' lang='lat' dir='ltr'>accessum</span> <span class='ocrx_word' id='word_1_256' title='bbox 1569 3927 1715 4020; x_wconf 89' lang='lat' dir='ltr'>habeat,</span> <span class='ocrx_word' id='word_1_257' title='bbox 1732 3957 1850 4030; x_wconf 89' lang='lat' dir='ltr'>neque</span> 
     </span>
     <span class='ocr_line' id='line_1_29' title="bbox 268 4035 1846 4152; baseline 0.004 -32"><span class='ocrx_word' id='word_1_258' title='bbox 268 4050 481 4147; x_wconf 85' lang='lat' dir='ltr'>presbyteri,</span> <span class='ocrx_word' id='word_1_259' title='bbox 505 4051 804 4122; x_wconf 78' lang='grc'><strong>11111111111111</strong></span> <span class='ocrx_word' id='word_1_260' title='bbox 829 4035 985 4124; x_wconf 80' lang='lat' dir='ltr'>arissam.</span> <span class='ocrx_word' id='word_1_261' title='bbox 1009 4048 1154 4148; x_wconf 85' lang='lat' dir='ltr'>Expleta</span> <span class='ocrx_word' id='word_1_262' title='bbox 1175 4049 1298 4138; x_wconf 87' lang='lat' dir='ltr'>missa,</span> <span class='ocrx_word' id='word_1_263' title='bbox 1325 4047 1370 4118; x_wconf 91' lang='lat' dir='ltr'>ad</span> <span class='ocrx_word' id='word_1_264' title='bbox 1393 4047 1557 4120; x_wconf 89' lang='lat' dir='ltr'>ecclesias</span> <span class='ocrx_word' id='word_1_265' title='bbox 1582 4075 1663 4152; x_wconf 87' lang='lat' dir='ltr'>suas</span> <span class='ocrx_word' id='word_1_266' title='bbox 1688 4052 1846 4127; x_wconf 90' lang='lat' dir='ltr'>redeant.</span> 
     </span>
     <span class='ocr_line' id='line_1_30' title="bbox 269 4149 1850 4270; baseline 0.004 -31"><span class='ocrx_word' id='word_1_267' title='bbox 269 4169 447 4240; x_wconf 90' lang='lat' dir='ltr'>Omnibus</span> <span class='ocrx_word' id='word_1_268' title='bbox 469 4185 637 4269; x_wconf 83' lang='lat' dir='ltr'>praeterea</span> <span class='ocrx_word' id='word_1_269' title='bbox 664 4169 806 4268; x_wconf 90' lang='lat' dir='ltr'>publice</span> <span class='ocrx_word' id='word_1_270' title='bbox 830 4185 865 4242; x_wconf 91' lang='lat' dir='ltr'>et</span> <span class='ocrx_word' id='word_1_271' title='bbox 889 4169 1055 4268; x_wconf 86' lang='lat' dir='ltr'>privatim</span> <span class='ocrx_word' id='word_1_272' title='bbox 1076 4149 1283 4257; x_wconf 82' lang='lat' dir='ltr'>denuntiet,</span> <span class='ocrx_word' id='word_1_273' title='bbox 1314 4180 1488 4265; x_wconf 90' lang='lat' dir='ltr'>quantum</span> <span class='ocrx_word' id='word_1_274' title='bbox 1516 4169 1560 4239; x_wconf 91' lang='lat' dir='ltr'>sit</span> <span class='ocrx_word' id='word_1_275' title='bbox 1582 4169 1760 4267; x_wconf 90' lang='lat' dir='ltr'>piaculum</span> <span class='ocrx_word' id='word_1_276' title='bbox 1789 4178 1850 4270; x_wconf 92' lang='lat' dir='ltr'>qui</span> 
     </span>
     <span class='ocr_line' id='line_1_31' title="bbox 273 4269 1852 4390; baseline 0.004 -32"><span class='ocrx_word' id='word_1_277' title='bbox 273 4313 442 4390; x_wconf 80' lang='lat' dir='ltr'>sponsam</span> <span class='ocrx_word' id='word_1_278' title='bbox 458 4291 586 4362; x_wconf 85' lang='lat' dir='ltr'>Christi</span> <span class='ocrx_word' id='word_1_279' title='bbox 604 4278 932 4390; x_wconf 60' lang='lat' dir='ltr'>vitiare&#39;prassumit.</span> <span class='ocrx_word' id='word_1_280' title='bbox 946 4291 984 4360; x_wconf 84' lang='lat' dir='ltr'>Si</span> <span class='ocrx_word' id='word_1_281' title='bbox 998 4269 1094 4361; x_wconf 89' lang='lat' dir='ltr'>eniin</span> <span class='ocrx_word' id='word_1_282' title='bbox 1107 4289 1166 4360; x_wconf 90' lang='lat' dir='ltr'>ille</span> <span class='ocrx_word' id='word_1_283' title='bbox 1184 4313 1264 4360; x_wconf 92' lang='lat' dir='ltr'>reus</span> <span class='ocrx_word' id='word_1_284' title='bbox 1282 4302 1422 4359; x_wconf 90' lang='lat' dir='ltr'>tenetur</span> <span class='ocrx_word' id='word_1_285' title='bbox 1434 4289 1496 4384; x_wconf 90' lang='lat' dir='ltr'>qui</span> <span class='ocrx_word' id='word_1_286' title='bbox 1509 4313 1679 4386; x_wconf 90' lang='lat' dir='ltr'>sponsam</span> <span class='ocrx_word' id='word_1_287' title='bbox 1696 4289 1852 4365; x_wconf 90' lang='lat' dir='ltr'>hominis</span> 
     </span>
     <span class='ocr_line' id='line_1_32' title="bbox 272 4395 1864 4507; baseline 0.003 -27"><span class='ocrx_word' id='word_1_288' title='bbox 272 4411 399 4498; x_wconf 88' lang='lat' dir='ltr'>violat,</span> <span class='ocrx_word' id='word_1_289' title='bbox 430 4425 570 4507; x_wconf 89' lang='lat' dir='ltr'>quanto</span> <span class='ocrx_word' id='word_1_290' title='bbox 594 4413 708 4506; x_wconf 80' lang='lat' dir='ltr'>magis</span> <span class='ocrx_word' id='word_1_291' title='bbox 724 4427 806 4482; x_wconf 84' lang='lat' dir='ltr'>reus</span> <span class='ocrx_word' id='word_1_292' title='bbox 829 4395 1021 4507; x_wconf 74' lang='lat' dir='ltr'>majestatis</span> <span class='ocrx_word' id='word_1_293' title='bbox 1046 4407 1216 4498; x_wconf 80' lang='lat' dir='ltr'>allicitur,</span> <span class='ocrx_word' id='word_1_294' title='bbox 1241 4409 1304 4505; x_wconf 91' lang='lat' dir='ltr'>qui</span> <span class='ocrx_word' id='word_1_295' title='bbox 1320 4431 1489 4506; x_wconf 87' lang='lat' dir='ltr'>sponsam</span> <span class='ocrx_word' id='word_1_296' title='bbox 1509 4409 1764 4507; x_wconf 90' lang='lat' dir='ltr'>omnipotentis</span> <span class='ocrx_word' id='word_1_297' title='bbox 1786 4405 1864 4485; x_wconf 81' lang='lat' dir='ltr'>nei&#39;</span> 
     </span>
     <span class='ocr_line' id='line_1_33' title="bbox 270 4531 490 4628; baseline 0 -29"><span class='ocrx_word' id='word_1_298' title='bbox 270 4531 490 4628; x_wconf 84' lang='lat' dir='ltr'>corrumpit?</span> 
     </span>
    </p>

    <p class='ocr_par' dir='ltr' id='par_1_8' title="bbox 273 4650 1854 4870">
     <span class='ocr_line' id='line_1_34' title="bbox 320 4650 1854 4750; baseline 0.003 -29"><span class='ocrx_word' id='word_1_299' title='bbox 320 4657 374 4721; x_wconf 83' lang='lat' dir='ltr'>De</span> <span class='ocrx_word' id='word_1_300' title='bbox 391 4651 613 4722; x_wconf 74' lang='lat' dir='ltr'>nwutulibur.</span> <span class='ocrx_word' id='word_1_301' title='bbox 626 4651 851 4750; x_wconf 53' lang='lat' dir='ltr'>*Episcopi</span> <span class='ocrx_word' id='word_1_302' title='bbox 875 4667 913 4722; x_wconf 87' lang='lat' dir='ltr'>ut</span> <span class='ocrx_word' id='word_1_303' title='bbox 933 4650 1105 4722; x_wconf 85' lang='lat' dir='ltr'>moniales</span> <span class='ocrx_word' id='word_1_304' title='bbox 1124 4652 1246 4722; x_wconf 82' lang='lat' dir='ltr'>vivam</span> <span class='ocrx_word' id='word_1_305' title='bbox 1261 4651 1338 4723; x_wconf 89' lang='lat' dir='ltr'>sine</span> <span class='ocrx_word' id='word_1_306' title='bbox 1356 4651 1504 4750; x_wconf 86' lang='lat' dir='ltr'>proprio</span> <span class='ocrx_word' id='word_1_307' title='bbox 1521 4671 1642 4723; x_wconf 80' lang='lat' dir='ltr'>cinam</span> <span class='ocrx_word' id='word_1_308' title='bbox 1662 4651 1854 4727; x_wconf 89' lang='lat' dir='ltr'>adhibeant</span> 
     </span>
     <span class='ocr_line' id='line_1_35' title="bbox 273 4765 1558 4870; baseline 0.002 -30"><span class='ocrx_word' id='word_1_309' title='bbox 273 4770 497 4869; x_wconf 84' lang='lat' dir='ltr'>diligentem,</span> <span class='ocrx_word' id='word_1_310' title='bbox 521 4795 568 4847; x_wconf 89' lang='grc'>111</span> <span class='ocrx_word' id='word_1_311' title='bbox 585 4793 624 4844; x_wconf 82' lang='lat' dir='ltr'>se</span> <span class='ocrx_word' id='word_1_312' title='bbox 637 4773 775 4870; x_wconf 85' lang='lat' dir='ltr'>possint</span> <span class='ocrx_word' id='word_1_313' title='bbox 794 4793 960 4846; x_wconf 76' lang='lat' dir='ltr'>excusare</span> <span class='ocrx_word' id='word_1_314' title='bbox 977 4785 1146 4870; x_wconf 80' lang='lat' dir='ltr'>praetextu</span> <span class='ocrx_word' id='word_1_315' title='bbox 1165 4765 1312 4867; x_wconf 90' lang='lat' dir='ltr'>alicujus</span> <span class='ocrx_word' id='word_1_316' title='bbox 1330 4773 1558 4870; x_wconf 88' lang='lat' dir='ltr'>paupertatis.</span> 
     </span>
    </p>

    <p class='ocr_par' dir='ltr' id='par_1_9' title="bbox 274 4889 1861 5111">
     <span class='ocr_line' id='line_1_36' title="bbox 321 4889 1854 4990; baseline 0.003 -28"><span class='ocrx_word' id='word_1_317' title='bbox 321 4897 376 4962; x_wconf 89' lang='lat' dir='ltr'>De</span> <span class='ocrx_word' id='word_1_318' title='bbox 393 4891 730 4964; x_wconf 84' lang='lat' dir='ltr'>sanctimonialibus.</span> <span class='ocrx_word' id='word_1_319' title='bbox 742 4929 792 4948; x_wconf 76' lang='lat'><em>-</em></span> <span class='ocrx_word' id='word_1_320' title='bbox 804 4892 998 4962; x_wconf 74' lang='lat' dir='ltr'>statuimus</span> <span class='ocrx_word' id='word_1_321' title='bbox 1014 4907 1054 4962; x_wconf 89' lang='lat' dir='ltr'>ut</span> <span class='ocrx_word' id='word_1_322' title='bbox 1072 4889 1255 4963; x_wconf 81' lang='lat' dir='ltr'>abbatissae</span> <span class='ocrx_word' id='word_1_323' title='bbox 1276 4905 1310 4963; x_wconf 89' lang='lat' dir='ltr'>et</span> <span class='ocrx_word' id='word_1_324' title='bbox 1328 4892 1519 4990; x_wconf 81' lang='lat' dir='ltr'>priorissae,</span> <span class='ocrx_word' id='word_1_325' title='bbox 1540 4905 1576 4962; x_wconf 87' lang='grc'>11</span> <span class='ocrx_word' id='word_1_326' title='bbox 1593 4890 1667 4964; x_wconf 88' lang='lat' dir='ltr'>aliae</span> <span class='ocrx_word' id='word_1_327' title='bbox 1686 4891 1854 4966; x_wconf 88' lang='lat' dir='ltr'>obedien-</span> 
     </span>
     <span class='ocr_line' id='line_1_37' title="bbox 274 5009 1861 5111; baseline 0.003 -31"><span class='ocrx_word' id='word_1_328' title='bbox 274 5013 403 5102; x_wconf 82' lang='lat' dir='ltr'>tiariae,</span> <span class='ocrx_word' id='word_1_329' title='bbox 418 5010 464 5102; x_wconf 79' lang='lat' dir='ltr'>de</span> <span class='ocrx_word' id='word_1_330' title='bbox 477 5012 622 5110; x_wconf 86' lang='lat' dir='ltr'>singulis</span> <span class='ocrx_word' id='word_1_331' title='bbox 637 5011 889 5111; x_wconf 84' lang='lat' dir='ltr'>proventibus,</span> <span class='ocrx_word' id='word_1_332' title='bbox 911 5009 1130 5102; x_wconf 88' lang='lat' dir='ltr'>redditibus,</span> <span class='ocrx_word' id='word_1_333' title='bbox 1145 5025 1183 5082; x_wconf 87' lang='lat' dir='ltr'>et</span> <span class='ocrx_word' id='word_1_334' title='bbox 1200 5011 1362 5109; x_wconf 85' lang='lat' dir='ltr'>expensis</span> <span class='ocrx_word' id='word_1_335' title='bbox 1376 5009 1637 5108; x_wconf 84' lang='lat' dir='ltr'>singulisannis</span> <span class='ocrx_word' id='word_1_336' title='bbox 1648 5027 1861 5111; x_wconf 91' lang='lat' dir='ltr'>computent-</span> 
     </span>
    </p>
   </div>
   <div class='ocr_carea' id='block_1_3' title="bbox 311 5285 835 5354">
    <p class='ocr_par' dir='ltr' id='par_1_10' title="bbox 311 5285 835 5354">
     <span class='ocr_line' id='line_1_38' title="bbox 311 5285 835 5354; baseline -0.004 -16"><span class='ocrx_word' id='word_1_337' title='bbox 311 5289 318 5314; x_wconf 82' lang='grc'><em>·</em></span> <span class='ocrx_word' id='word_1_338' title='bbox 337 5289 395 5354; x_wconf 74' lang='lat' dir='ltr'>leg.</span> <span class='ocrx_word' id='word_1_339' title='bbox 409 5293 545 5354; x_wconf 67' lang='grc'><strong>9111911111.</strong></span> <span class='ocrx_word' id='word_1_340' title='bbox 557 5285 608 5326; x_wconf 82' lang='lat'>-&#39;</span> <span class='ocrx_word' id='word_1_341' title='bbox 626 5287 835 5353; x_wconf 55' lang='grc'><strong>[1191191111.</strong></span> 
     </span>
    </p>
   </div>
   <div class='ocr_carea' id='block_1_4' title="bbox 0 0 2334 6100">
    <p class='ocr_par' dir='ltr' id='par_1_11' title="bbox 0 0 2334 6100">
     <span class='ocr_line' id='line_1_39' title="bbox 0 0 2334 6100; baseline 0 0"><span class='ocrx_word' id='word_1_342' title='bbox 0 0 2334 6100; x_wconf 95' lang='lat' dir='ltr'> </span> 
     </span>
    </p>
   </div>
  </div>
 </body>
</html>
