4606 6106
916 620 1150 694 EPlS‘l’OLAE.
1760 621 1831 693 219

298 759 357 828 Ex
370 757 517 830 concilio
531 758 696 846 toletano,
713 784 793 857 cop.
810 765 1043 837 v.-·Omnes
1058 762 1197 834 teminae
1208 762 1390 834 venientes
1405 759 1451 832 ad
1468 783 1604 834 sacram
1625 759 1830 858 religionem

250 891 285 948 et
307 876 415 976 pallio
433 879 549 978 capita
566 887 774 976 contegant,
791 894 830 952 et
849 882 1087 980 conscriptam
1105 881 1381 978 roboratamque
1399 879 1657 978 professionem
1680 879 1829 968 faciunt,

250 1011 440 1094 postquam
469 998 615 1072 ulterius
637 1023 712 1071 non
736 1000 898 1072 sinantur
914 999 1024 1072 relabi
1039 999 1086 1072 ad
1104 1000 1401 1098 praevaricationis
1418 998 1616 1072 audaciam.
1638 1002 1726 1086 Quae
1747 1022 1834 1070 vero

252 1141 293 1188 ex
310 1117 354 1190 iis
370 1118 539 1192 omnibus
556 1119 686 1194 fuerint
703 1135 850 1218 reperte
867 1121 1029 1192 animum
1046 1136 1107 1193 aut
1123 1135 1257 1192 vestem
1277 1121 1314 1192 in
1335 1121 1652 1216 transgressionem
1671 1117 1832 1206 dedisse,

253 1241 631 1313 excommunicationis
647 1243 858 1317 seutentiam
878 1241 1011 1333 ferant,
1032 1257 1068 1314 et
1085 1267 1205 1314 rursus
1225 1255 1361 1314 mutato
1379 1239 1521 1332 habitu,
1541 1242 1578 1314 in
1597 1241 1832 1332 monasteriis,

252 1358 369 1431 donec
398 1360 495 1432 diem
529 1361 694 1434 mutuum
720 1363 907 1454 claudunt,
935 1362 1003 1436 sub
1026 1364 1192 1438 aerumnis
1217 1360 1336 1434 arduae
1360 1360 1575 1462 poenitentiae
1604 1375 1835 1462 permaneant

252 1477 414 1578 religatae.

298 1604 358 1672 Ex
372 1604 531 1674 Decretis
550 1602 685 1676 Gelani
697 1627 809 1700 papoe
832 1601 883 1674 ad
902 1604 1094 1676 sicilienses
1114 1606 1295 1702 episcopos
1317 1604 1449 1691 missis,
1477 1627 1557 1701 cap.
1585 1628 1633 1674 nr.
1650 1641 1702 1660 -·
1712 1605 1836 1699 Neque

251 1720 375 1794 viduas
395 1721 441 1794 ad
453 1723 597 1821 nuptias
616 1724 766 1798 transire
785 1724 962 1822 patimur,
983 1750 1062 1822 quse
1080 1726 1118 1798 in
1139 1723 1304 1822 religioso
1322 1723 1508 1824 proposito
1526 1721 1695 1795 diuturna
1712 1722 1836 1794 obser-

251 1843 393 1914 vatione
410 1858 695 1940 permanserunt.
721 1843 889 1918 Similiter
912 1845 1065 1944 virgines
1087 1844 1224 1918 nubere
1241 1843 1496 1944 probibemus,
1525 1867 1614 1941 quas
1631 1841 1734 1915 annis
1756 1842 1837 1941 plu·

252 1963 348 2034 rimis
367 1963 404 2034 iu
425 1965 647 2056 monasteriis
661 1978 803 2036 aetatem
820 1965 931 2062 egisse
949 1967 1147 2062 eontigerit

181 2111 195 2132 .
298 2086 357 2154 Ex
369 2083 519 2181 epistola
537 2087 701 2184 Gregorii
709 2110 821 2183 popa
838 2088 948 2158 missa
964 2084 1015 2158 ad
1031 2085 1268 2175 Doriscum.
1280 2125 1330 2142 -
1343 2084 1475 2158 Viduas
1493 2109 1514 2157 a
1528 2085 1713 2184 proposito
1727 2084 1839 2157 disce·

251 2202 376 2276 dentes
394 2203 597 2296 viduitatis,
624 2230 732 2305 super
749 2204 879 2303 quibus
898 2230 964 2278 uos
982 2205 1171 2278 consulere
1188 2205 1302 2278 voluit
1319 2204 1462 2278 dilectio
1483 2219 1564 2296 tua,
1587 2205 1693 2276 frater
1709 2203 1842 2276 charis

253 2323 362 2414 sime,
383 2323 493 2396 credo
515 2339 551 2398 te
570 2348 678 2398 nosse
702 2351 723 2398 a
745 2340 870 2398 sancto
896 2325 1006 2398 Paulo
1025 2340 1061 2398 et
1084 2325 1203 2398 multis
1231 2323 1361 2398 sanctis
1392 2323 1571 2424 patribus,
1596 2325 1663 2396 nisi
1692 2349 1840 2429 conver-

254 2458 389 2535 tantur,
408 2443 495 2516 olim
514 2469 591 2518 esse
607 2444 807 2520 damnatas.
824 2449 920 2534 Quas
940 2460 976 2518 et
993 2470 1061 2518 nos
1078 2445 1271 2544 apostolica
1287 2446 1496 2518 auctoritate
1508 2467 1585 2518 esse
1598 2444 1836 2536 damnandas,

252 2577 287 2634 et
303 2587 324 2634 a
342 2565 600 2638 oommuuioue
619 2563 800 2656 fidelium,
821 2579 928 2662 atque
943 2589 968 2638 a
983 2563 1164 2638 liminibus
1183 2565 1344 2638 Ecclesiae
1361 2563 1534 2638 arcendas
1552 2565 1628 2637 fore
1639 2589 1837 2655 censemus,

254 2707 439 2782 usquequo
457 2683 629 2758 obediant
645 2685 718 2758 suis
735 2685 930 2786 episcopis,
950 2683 1047 2758 etad
1064 2684 1202 2758 bonum
1221 2685 1321 2784 quod
1338 2699 1540 2786 coeperunt,
1561 2685 1678 2757 invitae
1696 2701 1757 2758 aut
1779 2709 1841 2755 vo·

242 2781 412 2877 luntariae
430 2818 663 2876 revertantur.
688 2808 743 2877 De
760 2802 955 2902 virg'nibus
976 2819 1096 2876 autem
1114 2829 1189 2876 uon
1210 2805 1352 2898 velatis,
1376 2805 1405 2876 si
1423 2803 1666 2895 deviaverint,
1682 2820 1843 2876 asanctae

253 2924 434 2998 memoriae
460 2925 721 3024 predecessore
749 2939 873 2998 nostro
892 2947 985 3024 papa
1002 2923 1118 2998 taliter
1143 2922 1327 2998 decretum
1351 2923 1539 2998 babemus.
1570 2928 1631 2996 Hae
1658 2949 1744 2997 vero
1764 2949 1843 3022 quae

255 3045 410 3118 necdum
423 3069 524 3118 sacro
541 3045 717 3118 velamine
729 3060 850 3136 tecte,
868 3060 987 3118 tamen
1006 3045 1043 3118 in
1059 3045 1246 3144 proposito
1259 3044 1421 3142 virginali
1433 3069 1576 3142 semper
1589 3043 1847 3116 simulaverunt

255 3191 293 3238 se
306 3189 539 3265 permanere,
570 3166 653 3240 licet
681 3165 803 3238 veiatae
823 3189 899 3238 non
929 3165 1078 3254 fuerint,
1107 3166 1137 3236 si
1158 3165 1363 3266 nupserint,
1391 3164 1575 3264 aliquanto
1603 3179 1765 3263 tempore
1791 3162 1847 3235 his

254 3287 391 3385 agenda
410 3289 618 3387 poenitentia
634 3303 707 3378 est,
729 3289 814 3386 quia
829 3289 975 3386 sponsio
993 3311 1118 3360 aarum
1136 3311 1157 3360 a
1177 3289 1335 3360 Domino
1358 3287 1556 3360 tenebatur.
1582 3289 1618 3358 Si
1636 3289 1733 3360 enim
1755 3291 1847 3362 iuter

255 3408 420 3482 homines
437 3409 529 3482 solet
546 3409 651 3482 bonae
667 3408 752 3482 frdei
769 3423 974 3482 contractus
1001 3407 1098 3480 nulla
1126 3410 1264 3480 ratione
1290 3408 1454 3500 dissolvi,
1484 3423 1620 3508 quanto
1648 3410 1758 3506 magis
1783 3411 1848 3481 ista

255 3528 485 3628 pollicitatio,
514 3553 626 3629 quam
642 3554 727 3602 curn
754 3533 831 3603 Deo
858 3529 1013 3629 pepigit,
1037 3529 1126 3602 solvi
1157 3530 1234 3602 sine
1253 3529 1410 3602 vindicta
1427 3555 1502 3602 non
1522 3531 1679 3630 poterit?
1705 3535 1794 3602 Nam
1818 3533 1847 3603 si
1964 3575 1967 3582 =

256 3651 408 3748 virgines
422 3649 585 3726 noudum
599 3649 722 3723 velatae
734 3649 850 3722 taliter
861 3650 1069 3747 poenitentia
1082 3648 1225 3748 publica
1241 3651 1458 3748 puniuntur,
1477 3666 1514 3724 et
1526 3675 1549 3722 a
1559 3666 1653 3722 ooetu
1669 3649 1843 3742 fidelium,

258 3794 443 3868 usquequo
458 3768 508 3842 ad
526 3769 799 3844 satisfactionem
816 3769 979 3859 veniant,
1007 3767 1265 3859 excluduntur3
1292 3783 1432 3866 quanto
1450 3770 1573 3868 potius
1601 3769 1737 3858 viduae,
1769 3796 1846 3869 qua

257 3890 476 3989 perfectioris
493 3892 625 3982 aetatis,
656 3907 689 3964 et
707 3891 912 3964 maturioris
931 3891 1112 3989 sapientise
1130 3905 1237 3988 atque
1255 3890 1393 3964 consilii
1411 3892 1586 3982 existunt,
1615 3893 1846 3992 virorumque

257 4013 439 4084 consortio
457 4011 664 4084 multotiens
680 4036 750 4086 usae
766 4025 871 4100 suut,
896 4026 931 4083 et
948 4008 1110 4082 habitum
1132 4009 1313 4108 religionis
1330 4025 1620 4110 assannpserunt,
1646 4027 1682 4084 et
1699 4012 1845 4088 demum

258 4146 567 4230 apostataverunt,
584 4145 690 4230 atque
703 4129 750 4203 ad
768 4131 925 4230 priorem
944 4131 1120 4202 vomitum
1138 4143 1223 4202 aunt
1235 4153 1403 4220 reversae,
1418 4155 1441 4201 a
1453 4129 1558 4202 nobis
1571 4145 1607 4202 et
1620 4131 1666 4204 ab
1678 4131 1845 4206 omnibus
1900 4219 1905 4232 ἱ

259 4247 424 4324 fidelibus
441 4251 659 4327 alirniuibus
676 4249 860 4340 Ecclesiae,
882 4264 917 4322 et
936 4272 957 4321 a
976 4262 1070 4322 ooetu
1088 4246 1249 4321 fidelium
1271 4271 1382 4348 sisque
1401 4248 1449 4320 ad
1469 4249 1742 4322 satisfactionem
1763 4267 1846 4324 sunt

259 4369 483 4444 eliminandae
495 4386 531 4446 et
543 4369 745 4444 carceribus
759 4367 962 4442 tradeudaei
977 4367 1137 4457 Qualiter
1146 4368 1245 4465 juxta
1256 4367 1402 4442 beatum
1419 4369 1581 4460 Paulum,
1596 4399 1615 4438 o
1629 4369 1767 4442 tradere
1780 4369 1846 4444 hu·

255 4492 415 4587 jusmodi
432 4491 617 4568 bominem
637 4494 790 4580 Satanae,
812 4505 852 4562 ut
869 4491 1012 4589 spiritus
1029 4488 1146 4562 salvus
1164 4490 1210 4560 sit
1235 4489 1272 4560 in
1294 4489 1352 4561 dic
1373 4490 1532 4562 Domini.
1546 4517 1564 4557 s
1588 4495 1640 4564 De
1663 4489 1792 4566 talibus
1812 4507 1846 4563 et

259 4613 435 4686 Dominus
452 4637 519 4711 per
534 4615 693 4708 Moysem
708 4609 889 4709 loquitur:
914 4639 932 4680 κ
948 4610 1088 4684 Auferte
1107 4609 1241 4682 malum
1260 4608 1446 4685 demedio
1467 4611 1584 4682 vestri.
1603 4638 1621 4678 »
1641 4615 1694 4684 De
1715 4611 1845 4709 quibus

261 4727 295 4806 et
310 4759 376 4833 per
395 4733 610 4833 prophetam
627 4732 697 4804 ait:
722 4761 739 4800 u
755 4729 942 4804 Laetabitur
958 4730 1075 4826 justus
1095 4755 1208 4828 quum
1231 4728 1422 4802 vindictam
1444 4729 1592 4821 viderit,
1614 4757 1742 4806 munus
1763 4757 1846 4804 suas

260 4851 390 4926 lavabit
405 4853 443 4925 in
461 4853 632 4950 sanguine
651 4850 858 4950 peccatoris.
881 4877 898 4917 s
916 4854 972 4922 De
989 4849 1116 4922 talibus
1133 4873 1309 4948 namque,
1330 4865 1509 4922 eteorum
1527 4850 1720 4946 similibus,
1739 4867 1846 4952 utque

260 4971 393 5045 eisdem
412 4969 717 5044 consentientibus
733 4969 884 5060 dicitur,
906 4969 990 5068 quia
1013 4997 1032 5038 u
1048 4993 1123 5041 non
1145 4968 1263 5045 solum
1281 4971 1343 5067 qui
1362 4969 1515 5061 faciunt,
1537 4968 1601 5042 sed
1624 4985 1659 5048 et
1679 4971 1744 5069 qui
1760 4995 1847 5043 con·
1963 5066 1967 5075 Ι

261 5093 418 5166 sentiunt
438 5091 646 5164 facientibus
666 5091 716 5163 rei
733 5105 828 5162 suut.
847 5117 866 5158 s
1539 5099 1542 5108 ·

312 5215 369 5283 Ec
381 5211 531 5310 epistola
549 5209 693 5284 Nicolai
706 5235 834 5308 papa,
857 5236 935 5306 cap.
958 5235 992 5279 v.
1005 5207 1232 5292 -Nicolaus
1250 5233 1373 5286 servus
1393 5233 1579 5292 servorum
1597 5210 1664 5284 Dei
1683 5234 1845 5288 reveren·
