4510 6108
464 558 536 630 472
1062 551 1190 622 rarat
1216 551 1451 625 assumunt

464 696 558 767 tibus
575 693 672 766 etad
689 691 967 764 satisfactionem
982 693 1132 790 paratis,
1151 716 1298 764 omnem
1318 692 1369 764 eis
1386 691 1582 764 vindictam
1598 691 1812 781 relaxamus,
1836 707 1876 764 ut
1896 693 1972 790 jam
1987 719 2048 766 eos

463 817 499 885 in
518 814 617 885 nullo
633 813 776 912 penitus
792 837 859 909 pro
875 811 931 882 his
947 812 1076 909 punire
1092 811 1255 884 velimus.
1274 812 1439 910 Alioquin
1458 837 1533 884 non
1550 828 1634 884 sunt
1654 813 1753 910 digni
1769 814 1875 886 venia
1888 813 2045 911 quandiu

464 935 727 1033 impoenitentes
743 933 781 1003 in
797 956 862 1004 sua
882 931 1077 1030 persistunt
1097 931 1248 1020 malitia,
1267 957 1335 1003 nec
1355 932 1489 1004 debere
1510 932 1698 1022 volumus,
1722 949 1760 1004 ut
1781 934 1942 1031 quandiu
1963 934 2046 1005 tales

461 1055 544 1142 sint,
565 1079 585 1125 a
601 1076 708 1152 poena
725 1053 867 1150 penitus
884 1050 1139 1123 absolvantur:
1159 1076 1226 1123 nec
1244 1077 1310 1123 nos
1325 1051 1416 1124 velle
1432 1053 1602 1123 convenit
1617 1053 1717 1149 quod
1733 1054 1864 1124 scimus
1880 1052 1957 1124 fieri
1972 1078 2045 1124 non

459 1197 583 1269 posse,
602 1172 659 1243 vel
676 1172 824 1242 minime
840 1171 1047 1242 convenire.
1067 1169 1136 1242 Sed
1153 1168 1255 1259 dicis,
1274 1194 1346 1269 qua
1361 1171 1501 1242 ratione
1517 1170 1572 1243 his
1588 1173 1651 1268 qui
1663 1170 1739 1267 jam
1754 1195 1837 1242 vere
1853 1172 2042 1269 poenitent,

461 1317 527 1365 nec
544 1295 582 1364 in
598 1307 747 1392 peccato
764 1292 976 1391 persistunt,
995 1314 1110 1389 poenae
1126 1316 1194 1389 pro
1210 1305 1359 1390 peccato
1376 1290 1595 1379 debeantur,
1618 1292 1772 1362 maxime
1787 1290 1853 1362 illae
1870 1315 1949 1388 quae
1963 1307 2043 1362 sunt

460 1415 702 1487 damnationis
718 1415 877 1486 aeternae?
894 1417 962 1484 Aut
977 1414 1007 1484 si
1019 1413 1095 1508 jam
1111 1437 1187 1484 non
1209 1411 1404 1502 debentur,
1424 1413 1612 1510 quomodo
1638 1413 1769 1485 dimitti
1789 1414 1960 1511 possunt?
1975 1413 2042 1484 Sed
2169 1427 2174 1440 '

459 1536 621 1633 prolecto
647 1559 760 1632 quum
785 1532 925 1605 nullum
949 1547 1137 1632 peccatum
1167 1532 1334 1604 credatur
1360 1533 1598 1630 impunitum,
1624 1557 1852 1632 nequaquam
1875 1558 1897 1605 a
1922 1533 2042 1607 debito

459 1681 572 1752 poenae
597 1655 664 1755 ipsi
694 1656 802 1726 etiam
832 1655 1045 1752 poenitentes
1073 1677 1219 1750 prorsus
1246 1667 1331 1724 sunt
1355 1652 1510 1725 absoluti
1535 1679 1544 1724 :
1571 1668 1611 1724 ut
1633 1655 1663 1726 si
1689 1677 1764 1724 non
1790 1652 2039 1741 damnatoriis,

456 1776 582 1848 saltem
596 1775 812 1874 purgatoriis
827 1773 865 1846 in
882 1773 950 1844 hac
965 1773 1051 1862 vita,
1068 1773 1142 1844 sive
1158 1774 1195 1843 in
1215 1772 1346 1861 sutura,
1360 1772 1567 1869 subjaceant
1583 1773 1711 1872 poenis.
1725 1776 1888 1860 Quarum
1897 1772 2041 1871 quidem

458 1919 663 1992 poenarum,
682 1894 809 1966 firturae
829 1877 962 1964 scilicet
982 1890 1079 1982 vitae,
1103 1890 1300 1990 quamlibet
1315 1893 1516 1989 graviorem
1537 1917 1613 1966 esse
1633 1893 1760 1966 beatus
1785 1894 1909 1966 asserit
1929 1899 2041 1991 Augu·

421 2055 423 2060 ·
455 2018 599 2104 stinus¹‚
618 2040 729 2114 quam
744 2037 966 2112 quaecunque
982 2037 1090 2112 poena
1109 2013 1154 2084 sit
1170 2015 1250 2084 vitae
1265 2013 1461 2111 presentis.
1480 2017 1552 2086 Has
1567 2038 1653 2111 ergo
1668 2037 1811 2112 poenas,
1829 2038 1910 2111 quae
1925 1999 2040 2086 adhuc

456 2134 712 2234 poenitentibus
727 2132 923 2221 debentur,
946 2130 1052 2205 nobis
1073 2131 1205 2204 dimitti
1225 2131 1467 2231 postulamus,
1489 2158 1536 2204 ne
1551 2133 1598 2204 de
1618 2132 1865 2230 magnitudine
1885 2133 2040 2231 ipsarum

456 2279 519 2351 per
540 2255 801 2353 impatientiam
823 2253 870 2326 ad
889 2267 1036 2354 peccata
1056 2251 1281 2341 relabamur,
1306 2253 1397 2325 sicut
1413 2252 1463 2324 illi
1488 2253 1641 2343 faciunt,
1668 2256 1732 2352 qui
1756 2278 1867 2352 supra
1889 2255 1927 2327 id
1942 2255 2041 2352 quod

455 2390 606 2471 possunt
623 2373 770 2464 tentati,
789 2373 1030 2446 succumbunt
1045 2373 1130 2444 victi
1151 2401 1159 2443 ε
1178 2397 1289 2470 aquo
1305 2371 1453 2470 quidem
1469 2373 1649 2472 patientiae
1664 2372 1823 2462 deiectu,
1847 2373 1936 2480 dum
1956 2400 2039 2472 pro·

454 2493 584 2566 bamur
597 2494 633 2565 in
648 2491 939 2584 adversitatibus,
952 2492 1095 2565 liberari
1112 2515 1317 2591 precamur,
1332 2517 1446 2590 quum
1460 2491 1625 2564 subditur
1640 2521 1648 2564 ι
1667 2521 1685 2562 a
1697 2497 1742 2565 Et
1755 2519 1801 2566 ne
1813 2517 1880 2566 nos
1891 2493 2040 2567 inducas

454 2615 490 2683 in
512 2613 797 2685 tentationem.»
818 2611 938 2684 Talem
959 2613 1202 2712 temperantia
1223 2612 1393 2685 virtutem
1413 2626 1537 2709 rogat,
1562 2637 1608 2684 ne
1633 2612 1919 2710 suggestionibus
1944 2613 2040 2686 volu·

453 2747 592 2830 ptatum
605 2732 763 2833 praebeat
778 2757 974 2805 assensum.
993 2733 1075 2805 Tale
1090 2749 1144 2806 est
1162 2757 1248 2830 ergo
1266 2760 1274 2804 :
1292 2762 1311 2802 u
1327 2737 1378 2805 Ne
1394 2731 1545 2806 inducas
1560 2758 1628 2806 uos
1644 2735 1681 2806 in
1698 2735 1949 2824 tentationem,
1962 2765 1980 2804 »
1998 2761 2039 2809 ac

452 2854 481 2924 si
498 2853 637 2926 dicatur
656 2882 664 2924 :
684 2857 735 2924 Ne
750 2854 936 2953 permittas
961 2877 1029 2925 nos
1056 2855 1106 2926 ita
1129 2854 1281 2942 tentari,
1306 2868 1346 2925 ut
1369 2853 1408 2924 in
1434 2851 1706 2926 adversitatibus
1731 2843 1957 2945 deficiamus,
1983 2857 2038 2928 vel

452 2977 569 3072 pravis
585 2975 883 3074 concupiscentiis
899 2973 1176 3048 succumbamus
1191 2975 1288 3046 victi.
1311 2973 1414 3046 «Sed
1429 2973 1542 3048 libera
1558 2999 1624 3048 nos
1641 2999 1662 3046 a
1677 2975 1787 3064 malo,
1797 3004 1815 3043 a
1834 2975 1908 3048 boc
1923 2992 1978 3048 est
1992 2978 2036 3050 da

452 3094 699 3168 fortitudinem
715 3109 751 3168 et
765 3093 878 3174 robur
895 3097 1006 3168 animi
1026 3096 1202 3168 invictum
1216 3094 1264 3168 ad
1284 3094 1433 3167 adversa
1454 3093 1620 3192 quaelibet
1640 3095 1845 3184 toleranda,
1871 3120 1917 3169 ne
1934 3114 2034 3171 motu

450 3211 569 3311 aliquo
586 3214 642 3286 vel
658 3213 950 3313 pusillanimitate
964 3213 1185 3292 declinemus
1201 3239 1223 3285 a
1238 3213 1463 3286 rectitudine.
1483 3212 1691 3286 Notandum
1706 3239 1793 3287 vero
1809 3214 1924 3312 quod,
1940 3215 2035 3288 velut

449 3333 575 3408 beatus
591 3335 754 3406 meminit
770 3335 985 3431 Augustinus
1000 3335 1038 3405 in
1062 3331 1324 3406 Enchiridrbm'i
1342 3359 1423 3434 cap·
1442 3339 1559 3424 cxm',
1586 3351 1723 3434 septem
1745 3334 1810 3410 has
1825 3337 2034 3435 petitiones,

450 3477 538 3549 quas
553 3454 739 3525 Matthaeus
754 3452 931 3542 distinxit,
948 3445 1062 3526 Lucas
1073 3455 1110 3524 in
1126 3455 1300 3552 quinque,
1317 3478 1407 3553 quas
1423 3455 1556 3554 posuit,
1574 3452 1729 3526 breviter
1745 3455 2029 3554 comprehendit.

368 3667 376 3680 ι
450 3577 562 3645 Lucas
590 3573 724 3672 quippe
751 3574 789 3644 in
819 3571 959 3645 duabus
990 3573 1114 3672 primis
1147 3573 1402 3672 petitlonibus,
1428 3589 1518 3672 quas
1544 3589 1580 3646 et
1605 3575 1680 3673 ipse
1705 3576 1825 3672 ponit,
1853 3575 1927 3648 boc
1951 3591 2029 3648 est:

346 3682 356 3733 ’-
452 3719 469 3756 a
483 3689 729 3763 Sanctificetur
742 3714 876 3762 nomen
893 3705 1013 3781 tuum,
1028 3706 1064 3762 et
1079 3691 1247 3764 adveniat
1263 3717 1416 3790 regnum
1430 3708 1553 3783 tuum,
1567 3721 1585 3760 »
1602 3695 1745 3766 tertiam
1760 3695 2032 3793 comprehendit

449 3835 557 3908 quam
573 3808 758 3884 Matthaeus
779 3811 982 3909 distinguit,
1000 3811 1133 3884 scilicet
1153 3840 1161 3884 ε
1183 3813 1287 3885 «Fiat
1303 3813 1469 3886 voluntas
1489 3827 1568 3900 tua,
1585 3841 1604 3880 »
1627 3827 1799 3911 tanquam
1820 3793 2031 3886 arbitremur

449 3929 507 4002 illa
528 3955 602 4002 non
625 3930 719 4020 fieri,
743 3931 812 4003 nisi
832 3933 903 4004 hoc
924 3933 1031 4005 etiam
1052 3933 1287 4035 compleatur.
1317 3933 1487 4008 Ultimam
1501 3957 1606 4025 vero,
1624 3956 1734 4031 quam
1755 3933 1939 4008 Matthaeus
1955 3961 2032 4034 sup

448 4052 569 4148 ponit,
592 4065 629 4123 et
649 4056 762 4124 Lucas
782 4066 877 4124 tacet
897 4080 905 4123 ι
927 4052 1028 4124 «Sed
1049 4051 1162 4125 libera
1182 4078 1250 4126 nos
1275 4077 1296 4125 a
1321 4053 1440 4142 malo,
1461 4081 1480 4121 u
1498 4053 1549 4126 ita
1572 4077 1614 4126 ex
1638 4053 1853 4152 praecedenti
1875 4055 2028 4152 pendere

448 4159 560 4244 Lucas
576 4186 755 4262 autrunat,
774 4185 814 4244 ut
830 4171 880 4243 illi
896 4173 933 4244 in
950 4197 1061 4246 unam
1077 4174 1288 4272 petitionem
1303 4174 1349 4245 sit
1364 4172 1629 4270 conjungenda.
1648 4173 1757 4261 Quod
1772 4188 1808 4245 et
1824 4175 1901 4272 ipsa
1917 4176 2029 4248 innuit

447 4291 672 4388 conjunctio,
695 4321 712 4360 a
727 4290 809 4382 sed,
825 4319 842 4359 a
861 4293 1084 4392 interposita.
1107 4323 1125 4362 a
1137 4298 1269 4384 Amen,
1289 4323 1307 4362 n
1325 4292 1431 4366 idest
1448 4292 1522 4375 fiat.

466 4529 488 4568 1¹
511 4531 602 4594 Ora-t.
616 4529 1030 4598 t1‚001.2a1.-·opp.1.v1,
1045 4533 1171 4593 cuasa,
1185 4535 1245 4585 aro.
