4590 6106
931 643 1221 722 rossanum*
1387 658 1391 667 ·
1815 655 1843 750 p

263 791 330 864 nia,
352 797 383 850 et
401 783 544 848 nuberes
564 799 620 845 nec
641 781 809 866 interrupti
831 788 969 850 omnium
990 788 1083 864 tides,
1104 790 1314 852 verumetiam
1330 789 1483 854 smibeadi
1497 781 1845 856 massanenrdienin

262 894 293 952 in
313 889 425 953 litteris
441 887 533 952 etiam
550 884 760 968 deprehendas
774 887 938 960 candidum
957 889 1111 954 scabendi
1130 909 1252 972 genus,
1261 900 1292 954 et
1312 911 1451 974 pressum
1469 903 1501 956 et
1513 905 1696 969 ramosum,
1711 901 1741 956 et
1752 893 1845 956 simul

260 993 448 1076 jejunitatem
460 986 626 1072 quamdam
636 988 784 1081 orationis
795 1008 886 1071 quatu
901 991 934 1053 in
945 994 1055 1066 ceteris
1065 992 1131 1074 eius
1145 992 1290 1076 operibus
1300 996 1445 1076 reperias.
1457 998 1596 1060 Historia
1608 997 1842 1070 calamitatum,

263 1117 331 1180 qua
344 1095 456 1158 Orellio
471 1094 530 1156 fide
547 1092 641 1174 digna
661 1091 795 1168 videtur,
814 1113 908 1156 unum
928 1104 975 1156 est
992 1095 1094 1158 forsan
1111 1096 1248 1162 omnium
1268 1097 1417 1178 Abalardi
1438 1117 1580 1180 operum,
1596 1099 1627 1159 in
1649 1118 1710 1180 quo
1729 1100 1756 1160 si
1776 1100 1844 1182 quis

263 1200 408 1260 minutius
421 1197 524 1259 omnia
534 1197 675 1257 excutere
688 1195 775 1269 velit,
792 1197 890 1276 possit
906 1192 1044 1279 quaedam
1058 1192 1299 1260 animadvertere
1310 1217 1377 1280 quae
1391 1194 1460 1260 cnm
1469 1199 1592 1281 ingenio
1606 1192 1739 1262 auctoris
1751 1189 1843 1262 eaete-

264 1291 364 1385 risque
378 1300 443 1382 ejn's
462 1297 604 1381 operibns
620 1315 726 1379 parum
746 1296 922 1378 congluent.
941 1299 1105 1362 Laudanda
1118 1307 1164 1362 est
1182 1309 1389 1382 prorsusque
1402 1315 1421 1362 a
1436 1295 1607 1364 v'etiiialsa
1616 1302 1746 1365 secernit
1760 1300 1844 1382 saga-

263 1407 358 1478 citas,
373 1401 542 1466 dummodo
557 1401 588 1461 in
605 1405 727 1481 pravam
743 1399 901 1462 dubitandi
916 1402 1166 1466 conmetudinem
1182 1421 1243 1463 non
1256 1401 1355 1464 abest,

850 2003 1169 2110 naissum
1213 2010 1259 2136 1,

431 2239 506 2298 ΟΜ
528 2240 587 2288 nst
611 2237 774 2288 HISTORIA
795 2233 1062 2289 Clblfflss'l'llffl
1087 2240 1276 2302 samninus,
1303 2242 1351 2289 an
1370 2239 1505 2292 mm
1529 2241 1677 2292 statari.

875 2531 877 2536 Α
919 2427 1190 2512 incusamus.

266 2618 338 2670 Hane
350 2619 485 2690 epistolam
500 2637 531 2672 ex
544 2621 701 2672 monasterio
715 2603 775 2672 mvi
788 2617 898 2672 Gildasii
909 2619 932 2684 ²,
944 2619 972 2671 in
994 2617 1094 2672 minore
1109 2617 1245 2674 Britannia
1265 2622 1329 2688 sito,
1348 2621 1421 2691 qnod
1441 2633 1504 2674 tnnc
1523 2623 1578 2694 ipse
1590 2610 1680 2676 Petrus
1697 2625 1848 2681 Abalardus

299 2700 378 2754 abbas
396 2701 518 2772 regebat,
535 2699 625 2754 smibit
636 2697 671 2752 ad
685 2699 801 2752 amerius
816 2700 891 2770 cujas
910 2715 1009 2752 nomen
1020 2711 1075 2752 tota
1089 2701 1213 2772 epitola,
1227 2701 1288 2759 licet
1300 2701 1416 2773 prolixa,
1433 2719 1482 2759 uec
1494 2699 1550 2772 ipse
1562 2700 1630 2768 edit,
1643 2719 1694 2756 nen
1704 2705 1782 2760 enam
1795 2708 1847 2760 llo·¹

300 2780 388 2846 inissa,
402 2799 484 2850 quum
504 2781 582 2852 hujus
598 2780 713 2852 epistola
732 2778 849 2832 meminit
867 2779 895 2830 in
912 2778 1098 2833 secundabat
1118 2793 1206 2834 autem
1224 2781 1381 2836 narratoria.
1394 2782 1465 2834 Toto
1478 2781 1549 2834 enim
1560 2783 1674 2858 epistola
1686 2795 1757 2837 textu
1773 2805 1847 2840 suam

299 2859 378 2912 vitam
390 2873 545 2913 anteactam
556 2861 589 2912 ab
603 2860 714 2912 infantia
726 2857 760 2912 ad
778 2857 844 2912 illud
861 2875 941 2928 usqsre
957 2870 1076 2930 tempus,
1089 2877 1143 2929 quo
1154 2859 1224 2912 hanc
1235 2859 1351 2932 scripsit,
1365 2859 1503 2930 diligenter
1514 2873 1634 2926 enarrat;
1651 2863 1750 2916 nullm
1760 2875 1847 2918 mmen

299 2940 408 2992 loannis
427 2939 546 2994 llotslini
566 2940 726 2992 mentionem
737 2938 813 3004 iacit,
825 2955 880 3008 qao
889 2937 1049 3010 philosopho
1063 2937 1213 2994 domnino
1226 2940 1558 3012 pmsspmrensnmorho
1569 2940 1727 3010 mangenas
1746 2945 1848 3013 episcn.

299 3036 363 3090 pus,
375 3019 461 3089 gravis
470 3018 590 3089 scriptor,
602 3018 647 3088 qui
659 3017 750 3070 eodem
760 3019 864 3071 vivebat
876 3030 1012 3090 tempore,
1027 3018 1150 3075 affirmat.
1161 3019 1289 3073 Ceterum
1301 3017 1381 3091 quid,
1395 3036 1448 3088 quo
1460 3019 1550 3072 animo
1561 3019 1642 3090 egerit
1655 3019 1695 3072 vel
1707 3024 1847 3092 scripserit,

301 3095 365 3166 quid
385 3115 475 3168 passus
485 3098 530 3162 sit,
543 3109 639 3167 quanta
653 3097 752 3150 invidia
769 3097 856 3150 amuli
872 3097 900 3150 in
914 3113 975 3150 eum
987 3097 1144 3163 exarserint,
1165 3097 1289 3169 graphice
1307 3091 1448 3163 describit,
1469 3090 1546 3167 atqu'e
1565 3094 1782 3152 obtrectatoribus
1796 3101 1848 3154 suis

301 3178 398 3230 cursim
417 3195 450 3230 ex
468 3178 604 3230 sermone
616 3178 728 3232 breviter
739 3190 765 3231 et
777 3189 868 3248 argute
885 3177 1035 3249 respondet.
1046 3179 1165 3248 Denique
1177 3179 1246 3232 lasne
1257 3178 1394 3251 epistolam
1410 3177 1498 3250 potins
1508 3176 1544 3232 sd
1555 3179 1709 3250 propriam,
1722 3197 1800 3250 msam
1814 3183 1849 3236 nd

300 3257 378 3309 amici
390 3257 594 3310 consolationem
604 3255 735 3330 scripsisse
746 3257 861 3328 ridetur,
874 3257 970 3310 scilieet
989 3270 1017 3310 nt
1035 3269 1060 3310 et
1076 3269 1213 3328 presentes
1232 3257 1390 3312 calamitates
1408 3275 1441 3312 ex
1459 3256 1641 3312 recordatione
1660 3261 1850 3330 preteritarum

300 3337 383 3389 lenius
395 3337 483 3402 ferret,
495 3350 520 3389 et
530 3337 724 3390 imminentium
732 3337 909 3408 periculorum
918 3337 1039 3389 timorem
1049 3336 1150 3389 facilins
1159 3335 1312 3408 detergeret.
1321 3337 1411 3390 Nullas
1422 3337 1493 3389 enim
1502 3336 1580 3389 amici
1588 3338 1717 3391 molestias
1727 3358 1785 3391 cum
1799 3341 1850 3391 suis

301 3419 401 3470 mnfert
407 3455 416 3482 ,
431 3430 460 3470 ut
471 3435 504 3470 ex
514 3418 711 3488 comparatione
722 3417 856 3487 graviores
867 3430 1020 3488 appareant.

316 3598 413 3693 Saepe
431 3593 608 3666 humanos
632 3595 778 3690 affectus
802 3612 863 3667 aut
883 3611 1101 3695 provocant,
1124 3611 1185 3666 aut
1210 3595 1369 3692 mitigant
1391 3593 1542 3694 amplius
1564 3594 1724 3692 exempla
1742 3622 1849 3693 quarn

267 3713 386 3785 verba.
412 3713 516 3786 Unde
528 3731 610 3814 post
632 3713 842 3786 nonnullam
865 3716 1038 3786 sermonis
1058 3714 1104 3786 ad
1126 3730 1334 3816 praesentem
1350 3711 1460 3786 habiti
1484 3715 1781 3807 consolationem,
1803 3717 1848 3787 de
1931 3719 1936 3728 '

268 3837 350 3933 ipsis
378 3835 617 3906 calamitatum
647 3859 809 3906 mearum
834 3833 1084 3934 experimentis
1110 3833 1384 3904 consolatoriam
1413 3831 1459 3904 ad
1486 3829 1669 3904 absentem
1698 3832 1849 3906 seribere

269 3953 434 4025 decrevi:
457 3955 550 4026 utin
569 3943 836 4052 comparatione
855 3978 1031 4042 mearum,
1054 3966 1131 4022 tuas
1148 3969 1208 4023 aut
1224 3953 1357 4042 nullas,
1380 3967 1440 4024 aut
1459 3951 1618 4023 modicas
1641 3955 1850 4026 tentationes

269 4097 518 4170 recognoscas,
539 4087 574 4144 et
592 4071 807 4146 tolerabilius
826 4071 926 4145 ferae.

317 4197 390 4289 Ego
405 4193 509 4288 igitur
527 4190 662 4291 oppido
674 4192 833 4290 quodam
845 4191 1047 4280 oriundus³,
1064 4187 1163 4286 quod
1177 4190 1214 4260 in
1232 4191 1387 4286 ingressu
1407 4191 1752 4286 minorisBritanniae
1768 4219 1852 4264 eon·
1881 4200 1985 4300 „effi
1992 4201 2073 4298 33qu

267 4326 461 4396 structum,
487 4309 533 4382 ab
557 4313 645 4383 urbe
673 4313 860 4384 nannetica
884 4309 1006 4383 versas
1033 4311 1206 4380 orientem
1232 4324 1313 4380 octo
1338 4307 1446 4381 credo
1475 4311 1628 4381 miliariis
1655 4328 1848 4402 remotum,
1889 4291 2041 4427 ffllffffisi

262 4430 414 4528 proprio
432 4429 607 4502 vocabulo
623 4429 798 4504 Palatium
811 4407 1019 4530 appellatur.
1037 4431 1134 4500 Sicut
1150 4444 1276 4500 natura
1290 4444 1389 4500 terrae
1407 4455 1493 4501 meae
1511 4429 1566 4501 vel
1581 4432 1715 4524 generis
1730 4431 1851 4504 animo
1912 4417 1919 4426 ’
1950 4411 1956 4426 ι
2034 4414 2040 4427 ’

258 4549 353 4620 levis
360 4551 377 4638 ,'
388 4551 437 4622 ita
453 4564 489 4620 et
506 4551 649 4646 ingenio
664 4552 780 4622 extiti*
792 4551 839 4622 nd
853 4551 1096 4622 litteratoriam
1110 4547 1332 4646 disciplinam
1347 4547 1480 4619 iacilis'.
1501 4553 1638 4617 Patrem
1652 4561 1769 4618 autem
1789 4547 1851 4620 ha·
1879 4541 1913 4590 ⁰⁰
1933 4539 2071 4668 9233?le

256 4666 412 4738 bebam⁸
432 4666 555 4740 litteris
573 4667 830 4766 aliquantulum
860 4666 1037 4740 imbutum
1063 4681 1254 4764 antequam
1281 4665 1419 4738 militari
1446 4663 1587 4762 cingulo
1612 4666 1846 4762 insigniretur.

259 4785 372 4856 Unde
395 4786 628 4881 postmodum
649 4802 750 4860 tanto
767 4788 901 4860 litteras
918 4811 1042 4860 annosa
1060 4785 1266 4884 complexus
1286 4803 1356 4877 est,
1379 4801 1418 4860 ut
1430 4809 1663 4883 quoscunque
1681 4784 1773 4858 lilios
1792 4786 1853 4857 ha-

254 4905 383 4994 beret,
415 4905 539 4977 litteris
564 4921 756 5016 antequam
783 4910 889 4978 armis
914 4906 1038 4978 instrui
1063 4905 1279 5003 disponeret·
1313 4909 1439 5004 Sicque
1462 4904 1622 5005 profecto
1649 4919 1766 4976 actum
1786 4917 1848 4976 est.

290 5123 298 5146 ¹
324 5118 385 5170 Vide
398 5132 448 5172 not.
468 5140 502 5172 m.
527 5152 542 5158 --
559 5121 568 5148 ²
586 5123 631 5174 ilio
644 5140 713 5176 error
724 5137 764 5177 sat
785 5125 920 5188 Amboesii5
937 5141 1041 5192 namque
1076 5125 1121 5177 sub
1135 5126 1207 5177 linem
1222 5126 1339 5191 epistolae.
1351 5123 1403 5161 -³
1417 5122 1477 5174 Vide
1497 5134 1547 5174 not.
1567 5139 1599 5174 tv.
1618 5149 1646 5158 -
1666 5120 1676 5146 ⁴
1694 5121 1773 5172 Betiti
1786 5133 1808 5170 et
1820 5126 1854 5170 art

241 5221 341 5272 quum
357 5204 498 5258 abelardus
515 5210 644 5260 limtortmn
662 5212 830 5262 calamitatum
846 5211 958 5278 scripsit,
973 5213 1042 5278 jam·
1077 5215 1244 5262 tisanarium.
1257 5209 1346 5260 ABCD.
1360 5234 1388 5244 -
1404 5207 1413 5233 ⁸
1427 5206 1486 5258 Vide
1501 5217 1551 5258 not.
1566 5223 1587 5256 ι,
1601 5233 1631 5242 -
1644 5204 1654 5233 ⁸
1669 5204 1724 5254 vni.
1738 5217 1789 5256 not.
1804 5221 1836 5256 n.

241 5289 358 5340 dudum
374 5291 545 5342 monasterinm
565 5293 593 5342 l).
615 5293 714 5344 Gildasii
736 5293 844 5359 ingerat,
859 5305 885 5345 ut
895 5297 947 5360 ipse
961 5307 1043 5346 monet
