4536 6102
459 569 529 644 580
1055 571 1181 642 PE‘l'Rl
1207 571 1439 644 tumulum

458 709 657 805 virginibus
673 707 930 780 anteferendae?
947 710 1116 806 Nunquid
1136 711 1239 808 lippae
1259 710 1455 782 fecunditas
1472 710 1541 778 Liae
1557 705 1822 804 pulchritudine
1840 700 1970 773 Rachel
1983 701 2031 769 in·

459 828 618 901 fecundae
646 829 778 922 gratior
803 827 916 897 extitit
939 828 1172 922 patriarchae?
1197 831 1360 925 Denique
1383 829 1448 899 ista
1470 825 1678 897 fecunditati
1703 824 1835 894 sororis
1855 819 2028 900 invidens,

380 983 385 991 ·
457 972 571 1043 quum
595 949 631 1016 in
654 944 721 1016 hac
746 970 891 1041 quoquc
915 970 953 1015 re
978 971 1158 1016 summurn
1184 947 1401 1018 desiderium
1424 971 1528 1016 suum
1554 944 1734 1041 implesset
1750 943 1827 1038 ipso
1847 963 1913 1010 suo
1930 951 2030 1034 partu

457 1065 610 1136 extincta
627 1079 691 1150 est,
706 1079 747 1134 et
762 1088 841 1160 quae
856 1063 1050 1136 infecunda
1065 1066 1199 1136 vixerat
1215 1065 1422 1152 incolumis,
1433 1064 1487 1156 'de
1505 1061 1720 1133 fecunditate
1736 1085 1800 1130 sua
1816 1072 1969 1128 mortem
1985 1055 2031 1124 in·

456 1186 578 1256 currit.
597 1183 695 1254 Tales
708 1183 869 1280 profecto
886 1184 943 1253 isti
960 1199 1056 1273 suut,
1075 1185 1136 1280 qui
1157 1184 1202 1254 ad
1222 1185 1467 1280 episcopatum
1483 1181 1703 1270 anhelantes,
1721 1204 1834 1276 quum
1845 1178 1891 1248 dc
1906 1200 2029 1248 mona·

455 1303 569 1374 steriis
585 1317 799 1374 revocantur
815 1302 860 1373 ad
877 1303 1058 1393 saeculum,
1073 1319 1108 1374 et
1123 1305 1223 1398 quasi
1236 1303 1281 1374 de
1297 1302 1475 1375 sterilibus
1492 1300 1646 1386 fecundi,
1667 1317 1708 1371 ut
1723 1300 1858 1370 dictum
1875 1314 1941 1386 est,
1958 1296 2027 1367 lieri

457 1422 665 1518 gloriantur,
682 1447 723 1492 ex
739 1422 807 1492 hac
821 1425 898 1518 ipsa
910 1422 1021 1518 gloria
1036 1422 1217 1517 dignitatis
1233 1421 1432 1520 periculum
1447 1423 1635 1492 incurrunt
1651 1419 1842 1514 religionis.
1862 1416 1969 1521 Quod
1983 1415 2030 1486 di-

455 1543 604 1638 ligenter
627 1567 759 1639 sponsa
782 1543 820 1612 in
850 1544 1004 1612 Cauneis
1029 1537 1229 1630 atleudens,
1253 1567 1388 1639 sponso
1408 1541 1455 1614 ad
1476 1542 1550 1636 ejus
1567 1543 1699 1611 ostium
1715 1539 1888 1635 pulsanti,
1907 1553 1947 1628 ut
1966 1535 2028 1606 sihi

455 1663 633 1758 aperiatur
655 1660 868 1758 postulanti,
891 1685 937 1731 ne
958 1661 1170 1757 ipsumhoc
1191 1661 1408 1748 consentiat,
1433 1659 1562 1732 talibus
1581 1685 1619 1731 se
1640 1659 1819 1755 responsis
1842 1658 2025 1729 excusat¹:

458 1811 476 1848 a
490 1780 691 1877 Exspoliavi
710 1806 766 1850 me
783 1781 904 1851 tunica
921 1804 1017 1867 mea,
1038 1780 1224 1876 quomodo
1245 1781 1375 1852 induar
1391 1780 1469 1850 illa?
1486 1779 1570 1850 Lavi
1586 1778 1694 1876 pedes
1711 1802 1829 1864 meos,
1848 1775 2027 1872 quomodo

455 1899 653 1996 inquinabo
669 1899 767 1970 illos?
782 1929 798 1964 υ
817 1900 912 1985 Quid
932 1901 1029 1971 enim
1045 1925 1177 1997 sponsa
1194 1901 1230 1971 in
1247 1900 1377 2003 lectulo
1394 1901 1579 2000 quiescens
1596 1898 1817 1992 intelligitur,
1837 1898 1904 1967 nisi
1922 1895 2028 1966 fidelis

454 2019 587 2106 anima,
597 2043 688 2112 quae,
699 2018 820 2090 relicta
830 2018 946 2089 saeculi
956 2017 1176 2090 tumultuosa
1190 2019 1273 2108 vita,
1285 2016 1579 2113 tranquillitatem
1593 2016 1756 2087 solitariae
1767 2030 1868 2086 tanto
1882 2015 2027 2112 amplius

454 2136 581 2232 diligit,
601 2140 790 2236 quantoin
809 2163 849 2210 ea
867 2138 1011 2210 liberius
1027 2142 1105 2210 Deo
1122 2138 1296 2213 deservit?
1318 2141 1435 2223 Quam
1451 2161 1564 2233 quum
1581 2135 1694 2206 fidelis
1710 2134 1864 2232 populus
1880 2131 1927 2203 ad
1943 2134 2027 2226 regi·

454 2283 536 2330 men
561 2258 615 2328 sui
640 2258 808 2352 requirit,
835 2257 1062 2328 iit-videlicet
1082 2259 1159 2354 ipsa
1185 2257 1427 2328 ecclesiasticis
1451 2257 1651 2354 implicetur
1672 2255 1841 2348 negotiis,
1865 2253 1966 2348 quasi
1986 2251 2024 2322 ad

455 2379 587 2448 ostium
602 2375 699 2446 cellae
716 2377 825 2473 ipsius
841 2377 1001 2447 Christus
1017 2376 1134 2473 pulsat
1146 2378 1183 2448 in
1196 2377 1366 2448 membris
1383 2379 1467 2467 sui's,
1483 2393 1518 2449 et
1532 2392 1572 2448 ut
1583 2376 1650 2447 sibi
1667 2377 1845 2473 aperiatur
1856 2372 2024 2471 postulat;

407 2581 412 2592 ·
455 2495 526 2567 ltoc
536 2512 601 2584 est,
614 2511 654 2566 ut
672 2494 792 2568 fideles
809 2497 854 2568 ad
870 2521 908 2566 se
922 2497 1086 2567 admittat
1102 2499 1221 2594 potius
1237 2521 1348 2595 quam
1364 2498 1540 2586 excludat,
1554 2498 1676 2594 eisque
1690 2519 1839 2594 praeesse
1848 2497 2025 2583 sustineat,

398 2700 413 2726 ι
455 2629 490 2686 et
507 2617 702 2688 multorum
717 2617 867 2690 salutem
881 2641 952 2687 suae
967 2617 1177 2714 perfectioni
1193 2633 1391 2715 praeponat.
1409 2623 1451 2690 At
1463 2617 1523 2690 illa
1538 2618 1654 2689 saeculi
1670 2619 1885 2689 tentationes
1902 2640 2027 2713 praeca·

453 2758 557 2821 vens,
579 2734 635 2804 vel
662 2735 871 2806 meritorum
894 2760 1043 2806 suorum
1066 2734 1344 2808 diminutionem
1361 2762 1435 2808 non
1453 2736 1587 2825 ferens,
1612 2737 1797 2808 devotioni
1816 2736 2025 2834 pulsantium

453 2852 522 2922 tale
548 2854 583 2922 in
609 2855 874 2924 excusationem
899 2855 952 2924 sui
978 2854 1082 2925 affert
1105 2861 1365 2952 responsum²:
1388 2885 1405 2924 c
1425 2858 1513 2926 Exui
1534 2881 1593 2926 me
1614 2857 1734 2926 tunica
1750 2880 1842 2944 mea,
1860 2884 1876 2920 »
1894 2855 1965 2925 hoc
1981 2870 2028 2924 est

453 2973 663 3044 exteriorem
683 2973 801 3042 saeculi
821 2997 944 3047 curam
960 2999 1002 3044 ex
1018 2989 1105 3045 voto
1122 2973 1261 3070 reliqui.
1285 2976 1418 3045 Tunica
1434 2977 1584 3072 quippe,
1604 3000 1681 3072 quae
1698 2975 1849 3045 camisiae
1865 2973 1920 3044 vel
1937 2973 2029 3070 pelli-

453 3092 513 3164 ciae
526 3093 792 3188 superponitur,
807 3093 960 3163 exterior
972 3108 1025 3163 est
1037 3092 1299 3165 administratio
1315 3093 1535 3164 saecularium
1549 3117 1681 3163 rerum.
1695 3095 1778 3162 Lavi
1797 3093 1906 3189 pedes
1918 3117 2025 3175 meos,

453 3207 523 3278 hoc
537 3208 745 3281 estalfectus
763 3209 809 3280 ab
826 3212 1105 3305 inquinamentis
1122 3211 1341 3281 saecularium
1354 3217 1592 3282 tentationum
1611 3213 1795 3299 mundavi,
1812 3227 1848 3282 et
1863 3212 1909 3282 ab
1922 3210 2029 3281 illece

452 3328 525 3399 bris
543 3327 807 3404 mundanarum
823 3353 990 3399 curarum
1006 3330 1166 3425 purgavi.
1186 3329 1344 3400 Pedibus*
1356 3331 1488 3426 quippe
1505 3330 1682 3418 ducimur,
1698 3346 1742 3400 ,et
1764 3330 1893 3400 aflectu
1911 3345 2027 3400 nostro

453 3447 499 3518 ad
515 3448 682 3518 ellectum
696 3449 814 3545 operis
831 3447 1020 3533 trahimur,
1040 3447 1194 3542 ideoque
1206 3472 1270 3543 per
1286 3447 1395 3544 pedes
1408 3447 1554 3520 allectus
1565 3451 1824 3546 exprimuntur.
1837 3453 1890 3519 De
1904 3446 2026 3518 lectulo

453 3568 499 3638 ad
511 3582 641 3638 terram
654 3568 766 3665 pedes,
773 3567 956 3663 deponere
969 3567 1071 3636 timet
1081 3591 1128 3636 ne
1140 3567 1385 3661 inquinentur,
1397 3569 1482 3666 quia
1492 3594 1677 3665 nunquam
1688 3594 1808 3640 veram
1821 3567 2027 3638 munditiam

453 3703 593 3783 reputat
609 3702 706 3784 extra
722 3701 898 3758 secretum
914 3711 984 3756 suae
1000 3687 1141 3782 quietis.
1154 3687 1257 3756 Unde
1273 3703 1308 3758 et
1324 3689 1570 3785 apostolorum
1583 3714 1729 3786 quoque
1740 3689 1849 3786 pedes
1858 3688 2028 3759 Dominus

453 3806 619 3895 abutens,
647 3821 810 3903 patenter
835 3806 952 3876 innuit
980 3829 1207 3903 nequaquam
1233 3807 1309 3878 sine
1335 3807 1456 3904 aliquo
1481 3809 1647 3904 contagio
1672 3809 1827 3905 pulveris
1859 3808 2028 3905 perfectos

453 3926 560 4007 etiam
577 3927 672 3996 viros
698 3925 874 3996 mundum
895 3924 1143 4022 perambulare
1169 3951 1285 4024 posse.
1306 3931 1383 3996 Hoc
1399 3941 1469 4016 est,
1493 3952 1720 4025 nequaquam
1738 3927 1800 4024 diu
1816 3924 1910 3997 inter
1926 3941 2030 3996 tenta·

452 4049 567 4117 tiones
591 4063 697 4146 atque
713 4045 896 4117 illecebras
912 4045 1028 4116 saeculi
1046 4048 1267 4134 conversari,
1288 4062 1419 4117 utnon
1437 4046 1522 4118 inde
1539 4047 1656 4144 aliqua
1674 4046 1813 4118 macula
1828 4061 1958 4118 nostrae
1978 4047 2029 4114 in·

452 4165 627 4238 firmitatis
644 4165 789 4236 effectus
810 4181 1077 4262 respergantur,
1096 4167 1161 4236 etsi
1178 4191 1382 4266 nouusque
1405 4167 1451 4237 ad
1472 4192 1583 4265 opera
1602 4169 1752 4239 tentatio
1768 4167 1963 4264 pertrahat.

500 4286 655 4373 Prolixa,
675 4285 816 4375 fratres,
831 4285 905 4355 imo
921 4286 1098 4382 superflua
1114 4284 1333 4380 digressione
1346 4311 1550 4358 sermonem
1565 4301 1728 4358 nostrum
1746 4286 1893 4358 fortasse
1909 4285 2030 4356 videor

451 4405 694 4519 protendisse,
714 4421 749 4476 et
765 4405 811 4474 ab
828 4404 975 4476 exordio
993 4405 1105 4475 nostri
1121 4406 1296 4502 propositi
1314 4405 1454 4501 longius
1472 4408 1666 4478 recessisse.
1684 4406 1843 4478 Laudare
1859 4412 2030 4495 loannem

406 4584 419 4605 .
452 4527 688 4622 incoeperam,
707 4525 798 4596 sicut
818 4523 1000 4596 hodiernae
1017 4523 1251 4596 solemnitatis
1274 4522 1426 4619 dignitas
1452 4526 1629 4621 exigebat,
1648 4541 1684 4597 et
1702 4550 1799 4595 nunc
1816 4525 1900 4596 inde
1923 4524 1967 4596 ad
1983 4523 2031 4592 vi·

451 4647 713 4744 tuperationem
729 4660 890 4716 nostram
906 4645 1038 4741 stylum
1053 4645 1234 4733 converti,
1254 4647 1355 4744 quasi
1371 4669 1497 4726 eorum
1512 4647 1639 4717 vitium
1655 4647 1856 4733 incurrens,
1875 4647 1937 4753 qpi
1952 4642 2031 4713 Tul·

431 4767 544 4839 .liana
565 4765 845 4863 reprehensione
861 4766 972 4862 digni,
991 4766 1135 4838 laudare
1153 4767 1291 4863 aliquos
1312 4767 1496 4856 nesciunt,
1516 4766 1583 4838 nisi
1602 4768 1690 4838 alios
1712 4767 2030 4873 redarguaut;,1l'ec

451 4884 542 4958 ullos
555 4884 741 4973 extollere,
765 4887 833 4956 nisi
849 4885 937 4957 alios
953 4886 1169 4983 deprimant.
1190 4885 1260 4956 Sed
1281 4887 1364 4982 quia
1380 4868 1497 4958 serino
1517 4903 1638 4958 noster
1653 4886 1851 4958 hodiernus
1868 4909 1942 4956 nou
1959 4900 2029 4991 tam

487 5155 493 5182 ¹
507 5156 586 5215 eane,
597 5169 653 5222 cap.
669 5171 691 5217 r,
707 5173 729 5206 r.
743 5157 765 5204 3.
779 5181 806 5191 -
819 5154 828 5182 '
841 5155 901 5205 lbid.
941 5216 952 5233 ι
