4536 6102
734 627 968 700 EXPOSlTlO
994 627 1039 701 ΙΝ
1062 625 1357 701 fluxnnunon.
1584 658 1586 667 ¹
1770 629 1841 704 627

256 770 480 846 confidenter
496 769 700 860 declarare,
719 769 787 841 nisi
804 792 900 866 saepe
922 781 1249 866 pertractatasunt
1265 765 1453 840 :dubitare
1479 781 1599 840 autem
1624 765 1671 838 de
1697 769 1844 866 singulis

256 917 331 964 non
350 891 572 992 eritlinutile.
591 917 609 957 n
630 887 822 960 Praedictus
839 889 960 986 itaque
979 887 1108 960 doctor
1124 883 1161 958 in
1176 886 1652 960 secundo.retractationum
1671 909 1838 980 suarum,

255 1011 366 1084 libros
385 1015 448 1082 XII
467 1034 551 1082 suos
577 1009 622 1080 de
642 1010 773 1080 Genesi
793 1007 841 1080 ad
861 1006 1017 1080 litteram
1039 1022 1294 1080 retractaturus
1310 1008 1386 1079 ait¹
1401 1034 1410 1078 ε
1427 1035 1445 1074 u
1461 1011 1502 1078 In
1520 1031 1594 1104 quo
1612 1030 1722 1105 opere
1738 1008 1841 1106 plura

255 1131 402 1227 quaesita
416 1145 501 1200 sunt
513 1149 624 1225 quam
638 1127 797 1216 inventa,
807 1141 843 1198 et
856 1151 984 1199 corum
996 1152 1077 1224 quae
1088 1129 1238 1200 inventa
1252 1141 1349 1216 sunt,
1365 1126 1536 1223 pauciora
1548 1126 1702 1216 sumata,
1716 1141 1841 1200 caetera

255 1272 341 1320 vero
359 1249 557 1348 imposita,
576 1247 675 1321 velut
690 1246 810 1320 adhue
825 1246 1041 1346 requirenda
1057 1249 1142 1320 sint.
1158 1275 1176 1315 >t
1195 1247 1265 1320 Sed
1283 1247 1458 1345 quoniam
1472 1247 1578 1344 hujus
1598 1239 1743 1346 quoque
1759 1273 1842 1347 ope

254 1371 303 1442 ris
317 1367 413 1442 dicta
429 1369 520 1440 adeo
536 1367 641 1440 vobis
657 1367 811 1466 obscura
827 1367 1009 1458 videntur,
1027 1383 1068 1440 nt
1087 1371 1165 1467 ipsa
1186 1393 1310 1440 rursus
1334 1368 1510 1466 expositio
1528 1367 1744 1468 exponenda
1764 1393 1841 1442 esse

254 1505 454 1578 censeatur,
475 1502 637 1561 nostram
662 1489 770 1560 etiam
796 1487 1007 1588 opinionem
1032 1489 1070 1560 in
1095 1487 1310 1587 exponendo
1335 1485 1505 1586 predicto
1526 1491 1674 1562 Genesis
1692 1488 1840 1562 exordio

254 1605 465 1704 efflagitatis.
480 1611 601 1694 Quam
613 1632 717 1699 nune¹
725 1607 873 1705 quidem
887 1608 1148 1707 expositionem
1162 1609 1213 1680 ita
1227 1632 1286 1679 me
1299 1621 1500 1679 vestrarum
1511 1610 1679 1683 instantia
1692 1633 1840 1707 precum

254 1725 398 1823 aggredi
415 1727 663 1828 cognoscatis,
682 1741 723 1799 ut
738 1727 801 1799 ubi
818 1752 877 1799 me
893 1726 1047 1800 deficere
1062 1726 1245 1816 videritis,
1264 1725 1363 1800 illam
1378 1749 1400 1798 a
1415 1750 1473 1798 me
1489 1727 1724 1825 apostolicam
1740 1751 1840 1801 ercu-

254 1847 430 1919 sationem
447 1847 682 1944 expectetis¹2
704 1875 723 1916 u
737 1852 863 1920 Factus
880 1873 961 1920 sum
978 1848 1169 1946 insipiens,
1186 1872 1253 1920 ros
1268 1870 1328 1920 me
1344 1845 1520 1942 coegistis.
1538 1875 1556 1915 n

644 2491 941 2584 nrrosnto
964 2449 1445 2583 innumeros.

301 2770 518 2838 Immensum
538 2765 646 2861 igitur
665 2763 835 2862 abyssum
858 2763 1114 2863 profunditatis
1137 2766 1318 2835 Geneseos
1342 2763 1473 2861 triplici
1500 2777 1762 2861 perscrutantes
1784 2788 1839 2838 ex·

253 2885 454 2983 positione,
478 2883 649 2957 historica
672 2884 828 2975 seilicet,
853 2885 999 2975 morali,
1026 2898 1063 2958 et
1083 2885 1250 2980 mystica,
1276 2884 1394 2982 ipsum
1418 2884 1628 2956 invocemus
1649 2885 1835 2982 spiritum,

252 3031 325 3102 quo
350 3005 528 3094 dictante,
551 3004 629 3077 haec
649 3008 780 3104 scripta
795 3021 896 3094 sunt3
920 3021 961 3078 ut
979 3006 1042 3104 qui
1056 3005 1241 3104 prophetae
1256 3002 1366 3076 verba
1381 3002 1527 3102 largitus
1543 3018 1613 3094 est,
1636 3006 1712 3104 ipse
1733 3004 1838 3078 nobis

252 3147 379 3196 eorum
406 3124 542 3223 aperiat
566 3148 725 3196 sensum.
754 3124 874 3196 Primo
904 3124 1024 3223 itaque
1051 3138 1161 3223 prout
1186 3125 1262 3222 ipse
1286 3123 1472 3214 annuerit,
1496 3125 1570 3194 imo
1596 3121 1758 3214 dederit,
1786 3126 1838 3196 rei

252 3258 356 3341 gestae
371 3245 559 3315 veritatem
576 3243 677 3342 quasi
701 3242 911 3319 historicam
934 3243 1084 3342 ligamus
1111 3243 1283 3317 radicem.
1302 3243 1491 3317 Cerealem
1515 3245 1636 3342 itaque
1662 3245 1838 3344 populum

251 3360 429 3460 propheta
448 3360 656 3435 desiderans
680 3362 727 3435 ad
752 3362 919 3437 divinum
942 3361 1080 3436 cultum
1101 3363 1264 3454 allicere,
1282 3363 1341 3435 cui
1357 3379 1530 3461 tanquam
1553 3362 1635 3434 rudi
1662 3363 1781 3435 adhuc
1802 3377 1837 3434 et

250 3480 516 3581 indisciplinato
541 3483 672 3581 prioris
688 3483 849 3558 instituta
874 3484 1078 3557 testamenti
1103 3483 1218 3558 suerat
1238 3483 1451 3574 traditurus,
1469 3484 1588 3582 primo
1607 3507 1669 3555 eos
1691 3482 1738 3556 ad
1755 3485 1838 3558 obe·

251 3599 425 3674 diendum
441 3607 519 3674 Deo
536 3617 710 3701 tauquam
732 3605 897 3677 omnium
921 3607 1075 3678 creatori
1097 3630 1139 3678 ac
1159 3605 1366 3705 dispositori
1388 3618 1531 3695 monet3
1550 3603 1837 3678 consideratione

251 3719 417 3793 videlicet
443 3721 687 3821 corporalium
708 3724 823 3819 ejus³,
850 3724 889 3794 in
911 3723 989 3822 ipsa
1009 3723 1137 3796 mundi
1158 3724 1296 3822 optima
1316 3725 1499 3796 creatione
1519 3748 1561 3796 ac
1586 3721 1833 3822 dispositione.

251 3841 413 3926 Quarum
429 3839 576 3939 quidem
592 3865 713 3914 rerum
729 3841 871 3941 abipso
888 3840 1016 3912 mundi
1032 3841 1180 3914 exordio
1205 3868 1319 3941 usque
1342 3842 1389 3915 ad
1410 3857 1575 3939 tempora
1592 3869 1656 3916 sua
1676 3845 1837 3942 diligenti

251 3947 457 4032 narratione
481 3959 640 4032 deducit.
665 3959 770 4031 Unde
799 3975 835 4033 et
863 3961 972 4058 ipsius
999 3974 1096 4032 recte
1125 3962 1314 4033 materiam
1338 3960 1559 4056 assignamus
1578 3960 1673 4033 hanc
1697 3964 1833 4059 ipsam,

251 4101 360 4174 quam
372 4077 526 4150 diximus
535 4078 663 4150 mundi
678 4079 898 4152 creationem
915 4104 956 4151 ac
968 4079 1261 4178 dispositionem,
1274 4079 1346 4151 hoc
1358 4094 1412 4151 est
1424 4079 1501 4177 ipsa
1514 4104 1592 4177 quae
1605 4081 1642 4150 in
1655 4085 1836 4156 creatione

251 4194 379 4267 mundi
394 4196 452 4268 vel
468 4195 702 4297 dispositione
719 4197 841 4271 divina
857 4213 1004 4298 operata
1021 4213 1075 4270 est
1091 4199 1215 4295 gratia.
1238 4203 1292 4269 De
1307 4221 1380 4296 qua
1395 4197 1542 4296 quidem
1564 4199 1773 4295 operatione
1789 4199 1836 4273 ad
1867 4275 1871 4287 ,

251 4317 497 4415 cognitionem
518 4317 657 4418 opificis
682 4344 750 4392 nos
774 4318 995 4419 perducente
1011 4318 1203 4419 Apostolus
1219 4319 1287 4391 ait*
1304 4347 1312 4390 ε
1332 4315 1560 4390 «Invisibilia
1580 4318 1690 4416 ipsius
1706 4343 1726 4390 a
1742 4345 1838 4392 crea·

252 4452 333 4509 tura
348 4437 476 4509 mundi
490 4462 557 4538 per
572 4462 614 4510 ea
630 4463 709 4536 quae
725 4437 916 4512 factasunt
930 4437 1114 4512 intellecta
1130 4439 1416 4537 conspiciuntur,
1431 4452 1499 4509 etc.
1515 4466 1533 4505 a
1549 4437 1718 4536 Quisquis
1738 4441 1835 4542 enim

190 4565 193 4574 '
251 4554 298 4628 de
314 4554 435 4653 aliquo
452 4555 586 4629 artifice
603 4581 649 4628 an
665 4557 784 4632 bonus
803 4557 860 4631 vel
877 4558 989 4631 solers
1009 4558 1046 4631 in
1069 4559 1255 4656 operando
1280 4559 1326 4630 sit
1350 4556 1505 4628 voluerit
1526 4555 1739 4654 intelligere,
1758 4583 1832 4630 non

252 4677 382 4778 ipsum,
402 4676 465 4748 sed
482 4701 593 4776 opera
608 4677 684 4776 ejus
701 4677 929 4751 considerare
943 4677 1064 4754 debet.
1083 4681 1141 4751 Sic
1155 4693 1190 4756 ct
1207 4657 1303 4750 Deus
1319 4678 1382 4776 qui
1399 4679 1437 4750 in
1457 4677 1574 4776 seipso
1591 4677 1777 4750 invisibilis
1799 4693 1836 4751 et

251 4795 623 4894 incomprehensibilis
648 4811 718 4888 est,
738 4821 780 4870 ex
805 4821 958 4896 operum
980 4822 1128 4869 suorum
1151 4796 1398 4894 magnitu'di'ne
1422 4796 1577 4896 primam
1596 4794 1702 4869 nobis
1727 4795 1773 4867 de
1796 4821 1835 4870 se

251 4919 437 4991 scientiam
453 4920 610 5010 consert;
628 4945 742 5018 quum
759 4921 876 4993 omnis
892 4919 1052 4993 humana
1064 4921 1191 4993 notitia
1203 4935 1324 5018 surgat
1336 4944 1357 4993 a
1369 4917 1544 4992 sensibus.
1559 4918 1667 5006 Quod
1684 4919 1834 5017 diligen·

286 5166 294 5191 ¹
313 5164 375 5233 Gap.
388 5182 456 5229 xsrr,
472 5167 533 5231 opp.
552 5168 607 5231 tl,
624 5167 674 5220 col.
692 5169 733 5220 to.
752 5191 779 5209 -
791 5168 802 5196 ¹
814 5169 922 5222 donatia
939 5167 978 5230 Π,
995 5185 1051 5236 cap.
1064 5185 1112 5232 xn,
1124 5185 1148 5221 r.
1162 5173 1200 5220 u.
1217 5195 1244 5208 -
1256 5167 1267 5197 ⁸
1280 5168 1376 5234 aliquid
1390 5167 1476 5218 deesse
1492 5167 1671 5228 viderenturne
1684 5183 1789 5234 operum.
1802 5193 1833 5207 -

253 5253 354 5313 Ἰἰοιιιυ
364 5265 419 5319 cap.
434 5270 456 5315 r,
467 5267 490 5303 r.
503 5255 545 5305 20.
