4520 6104
805 649 809 660 '
912 649 1150 730 EPlS‘l'OLAE'.
1757 667 1826 740 475

241 802 367 859 contra
383 787 602 863 voluntatem
621 789 845 884 diaconissae,
867 796 930 868 sed
948 797 1070 870 omnia
1086 799 1183 897 ipsos
1200 800 1369 872 etiamad
1387 818 1516 875 nutum
1535 805 1612 901 ejus
1632 831 1826 905 peragere,

203 1005 211 1036 Ι
242 924 277 982 et
293 933 420 981 omnes
436 913 569 1011 pariter
587 928 659 986 tam
672 915 767 987 viros
786 941 895 1012 quam
913 917 1062 990 seminas
1073 920 1106 990 ei
1119 919 1378 1017 professionem
1389 922 1523 1015 lacere,
1541 939 1576 998 et
1587 925 1827 1000 obedientiam

241 1031 449 1127 promittere
466 1059 474 1104 :
496 1047 536 1104 ut
553 1049 654 1106 tauto
665 1060 736 1134 pax
753 1035 890 1108 firmior
902 1037 1096 1129 habeatur,
1113 1055 1149 1114 et
1160 1039 1286 1112 melius
1299 1057 1458 1116 servetur
1469 1046 1675 1137 concordia,
1693 1065 1829 1146 quanto

242 1151 447 1226 fortioribus
476 1155 594 1226 minus
622 1155 757 1248 licebit3
785 1173 821 1228 et
846 1171 946 1231 tauto
966 1160 1085 1232 minus
1110 1161 1220 1234 fortes
1244 1162 1421 1236 debilibus
1438 1166 1585 1239 obedire
1611 1185 1828 1264 graventur,

242 1287 376 1368 quanto
394 1297 517 1346 earum
540 1275 746 1348 violentiam
764 1279 882 1350 minus
904 1295 1113 1371 vereantur,
1135 1296 1171 1354 et
1189 1298 1323 1380 quanto
1344 1284 1497 1384 amplius
1511 1285 1570 1359 hic
1590 1286 1829 1361 humiliaverit

241 1419 278 1464 se
296 1393 393 1492 apud
410 1399 526 1466 Deum
541 1449 551 1486 ,
572 1397 724 1495 amplius
744 1399 888 1472 exaltari
905 1415 1042 1475 certum
1055 1402 1111 1474 sit.
1133 1406 1216 1476 Haec
1231 1404 1269 1476 in
1283 1407 1447 1503 prasenti
1461 1404 1508 1479 de
1521 1407 1721 1480 diaconissa
1734 1408 1827 1481 dicta

239 1515 429 1588 sufficiant.
450 1520 552 1588 Nunc
572 1517 618 1589 ad
637 1505 806 1592 officiales
822 1520 953 1616 stylum
973 1522 1197 1594 inclinemus.

287 1635 453 1708 Sacrifica
478 1661 558 1733 quae
584 1653 620 1710 et
645 1636 881 1732 thesauraria,
910 1642 975 1714 toti
999 1641 1158 1714 oratorio
1193 1642 1419 1742 providebit,
1448 1661 1485 1718 et
1509 1669 1635 1718 omnes
1668 1672 1747 1744 quae
1781 1648 1828 1720 ad

237 1757 357 1854 ipsum
374 1757 555 1854 pertinent
572 1757 712 1848 claves,
735 1774 771 1831 ct
787 1785 866 1858 quae
886 1761 951 1858 ipsi
979 1763 1177 1834 necessaria
1201 1779 1305 1856 sunt,
1336 1766 1412 1864 ipsa
1434 1765 1587 1838 servabit
1612 1794 1620 1836 :
1646 1781 1683 1839 et
1697 1767 1727 1838 si
1747 1793 1826 1864 quae

238 1875 370 1947 fuerint
390 1875 610 1968 oblationes,
630 1877 706 1976 ipsa
725 1880 913 1979 suscipiet,
938 1897 971 1952 et
998 1881 1104 1954 deiis
1123 1906 1202 1979 quae
1221 1884 1258 1954 in
1280 1885 1439 1956 oratorio
1460 1886 1656 1958 necessaria
1679 1901 1761 1958 sunt
1779 1887 1826 1958 fa·

237 1997 375 2069 ciendis
392 1987 449 2070 vel
467 1996 688 2088 reficiendis,
707 2014 743 2094 et
761 1999 807 2072 de
823 2014 900 2072 toto
920 2000 995 2096 ejus
1011 2017 1141 2073 ornatu
1162 2027 1283 2074 curam
1302 2019 1393 2100 aget.
1415 2006 1529 2103 lpsius
1546 2029 1692 2102 quoque
1709 2008 1828 2104 provi·

238 2117 324 2190 dere
343 2133 394 2190 est
413 2117 459 2189 de
476 2117 621 2208 hostiis,
643 2119 688 2192 de
704 2121 796 2192 vasis
814 2134 849 2192 et
865 2120 910 2192 de
924 2120 1022 2192 libris
1036 2121 1179 2213 altaris,
1196 2138 1231 2196 et
1244 2137 1322 2195 toto
1337 2124 1413 2220 ejus
1427 2139 1578 2214 ornatu,
1597 2125 1642 2197 de
1654 2125 1842 2223 reliquiis,

238 2237 285 2312 de
298 2240 465 2329 incenso,
482 2239 528 2312 de
546 2239 801 2332 luminaribus,
824 2240 870 2314 de
887 2240 1098 2338 horologio,
1120 2241 1165 2315 de
1186 2244 1293 2340 signis
1307 2243 1505 2342 pulsandis.
1528 2246 1668 2318 Hostias
1689 2271 1775 2319 vero
1798 2251 1827 2319 si

237 2359 315 2433 fieri
340 2375 458 2458 potest
484 2360 637 2458 virgines
666 2361 880 2453 conficiant,
903 2377 939 2434 et
962 2361 1181 2434 frumentum
1206 2378 1360 2462 purgent
1385 2364 1482 2436 unde
1509 2365 1617 2456 fiant,
1644 2380 1681 2438 et
1710 2365 1827 2438 altaris

236 2480 349 2580 pallas
364 2479 522 2552 abluant.
544 2481 722 2578 Reliquias
744 2497 887 2572 autem,
917 2481 976 2555 vel
993 2507 1076 2555 vasa
1094 2484 1213 2555 altaris
1233 2508 1421 2581 nunquam
1442 2486 1475 2556 ei
1492 2489 1547 2558 vel
1566 2486 1671 2558 alicui
1689 2488 1826 2560 monia-

237 2599 326 2690 lium
343 2602 550 2699 contingere
572 2601 711 2692 licebit,
732 2626 801 2674 nec
822 2602 927 2675 etiam
947 2602 1078 2701 pallas,
1099 2605 1168 2676 nisi
1185 2627 1298 2702 quum
1324 2607 1373 2678 eis
1399 2606 1535 2678 traditae
1560 2606 1607 2679 ad
1633 2606 1825 2680 lavandum

236 2721 381 2794 fuerint.
402 2722 472 2794 Sed
489 2721 535 2793 ad
554 2721 626 2794 hoc
641 2721 809 2794 monachi
826 2721 883 2794 vel
897 2747 1023 2795 eorum
1036 2725 1199 2796 conversi
1213 2723 1457 2814 vocabuntur,
1478 2740 1515 2798 et
1527 2726 1820 2824 expectabuntur.

237 2847 282 2914 Et
302 2845 332 2916 si
352 2869 496 2916 necesse
518 2844 644 2934 luerit,
667 2843 775 2942 aliqui
793 2846 860 2917 sub
878 2869 921 2918 ea
940 2844 987 2916 ad
1004 2844 1075 2918 hoc
1099 2845 1260 2918 officium
1279 2847 1528 2936 instituantur,
1552 2848 1614 2944 qui
1635 2848 1710 2921 haec
1736 2873 1823 2922 con·

236 2966 373 3063 tingere
393 2991 506 3063 quum
525 2990 617 3064 opus
636 2966 740 3038 fiterit
756 2966 854 3064 digni
871 2966 962 3057 sint,
985 2981 1021 3038 et
1044 2967 1134 3040 arcis
1150 2967 1196 3038 ab
1218 2991 1260 3040 ea
1277 2967 1464 3058 reseratis,
1483 2966 1559 3042 haec
1576 2969 1661 3042 inde
1686 2969 1752 3069 ipsi
1767 2993 1825 3043 su-

236 3099 359 3174 mant,
379 3084 437 3156 vcl
453 3085 502 3157 ibi
520 3101 709 3185 reponant.
739 3090 821 3158 Haec
838 3085 984 3184 quidem
1010 3111 1088 3184 quae
1117 3087 1318 3158 sanctuario
1337 3086 1521 3186 praesidet,
1552 3088 1631 3160 vitae
1650 3087 1824 3162 munditia

235 3206 468 3306 praeeminere
485 3205 592 3278 debet
612 3233 620 3277 :
641 3229 741 3303 quae,
761 3205 885 3276 silleri
904 3219 1043 3304 potest,
1064 3221 1185 3278 mente
1204 3230 1288 3278 cum
1306 3230 1458 3305 corpore
1471 3207 1515 3279 sit
1526 3208 1680 3304 integra,
1701 3222 1737 3279 et
1748 3207 1823 3303 ejus

234 3341 310 3399 tam
328 3327 542 3400 abstinentia
558 3352 668 3425 quam
685 3326 905 3400 continentia
923 3327 968 3398 sit
982 3325 1145 3427 probata.
1167 3331 1268 3399 Hanc
1280 3328 1458 3428 praecipue
1477 3327 1523 3400 dc
1541 3343 1713 3428 compoto
1730 3327 1823 3402 lunae

234 3449 446 3520 instructam
473 3473 550 3520 esse
578 3462 744 3546 oportet,
775 3461 837 3537 ut,
868 3446 1068 3520 secundum
1099 3462 1306 3547 temporum
1330 3450 1528 3540 rationem,
1557 3448 1715 3521 oratorio
1739 3473 1823 3549 pro·

232 3567 366 3640 videat.

197 3703 205 3714 '
283 3688 430 3762 Cantrix
444 3689 512 3762 toti
530 3688 643 3760 choro
664 3687 889 3785 providebit,
912 3702 949 3760 et
967 3687 1088 3759 divina
1104 3687 1271 3788 disponet
1286 3687 1427 3780 officia,
1447 3685 1545 3760 etde
1562 3687 1726 3760 dounna
1744 3710 1825 3759 can·

231 3809 336 3881 tandi
353 3808 410 3880 vel
425 3808 566 3906 legendi
585 3809 825 3908 magisterium
840 3807 1006 3899 habebit,
1027 3807 1125 3880 etde
1151 3810 1201 3882 eis
1226 3833 1305 3907 quae
1326 3810 1373 3882 ad
1399 3809 1629 3883 scribendum
1644 3809 1823 3908 pertinent

230 3927 287 4001 vel
306 3929 527 4002 dictandum.
551 3931 750 4003 armarium
769 3955 914 4028 quoque
925 3928 1100 4001 librorum
1115 3927 1313 4020 custodiet,
1329 3945 1364 4002 et
1375 3931 1472 4029 ipsos
1486 3929 1572 4002 inde
1586 3929 1701 4002 tradet
1714 3944 1822 4027 atque
1876 4017 1879 4024 Ι

225 4049 415 4148 suscipiet,
438 4064 474 4122 et
491 4050 537 4122 de
553 4049 637 4150 ipsis
653 4049 850 4122 scribendis
870 4047 927 4121 vel
950 4047 1114 4148 aptandis
1131 4072 1254 4120 curam
1271 4051 1462 4148 suscipiet,
1486 4049 1542 4122 vel
1565 4048 1715 4121 sollicita
1738 4050 1816 4121 erit.

222 4173 309 4270 Ipsa
331 4169 513 4242 ordinabit
529 4168 716 4268 quomodo
737 4169 904 4242 sedeatur
925 4169 961 4240 in
982 4168 1119 4262 choro,
1139 4183 1175 4241 et
1192 4167 1294 4242 sedes
1311 4168 1430 4261 dabit,
1454 4184 1490 4242 et
1513 4194 1535 4242 a
1556 4168 1686 4266 quibus
1704 4168 1821 4266 legeu-

225 4287 322 4361 dum
342 4290 386 4362 sit
405 4288 462 4362 vel
479 4290 698 4362 cantandum
724 4288 927 4390 providebit
951 4316 959 4359 ε
982 4303 1018 4360 et
1042 4289 1312 4387 inscriptionem
1336 4304 1531 4387 componet
1552 4286 1707 4360 sabbatis
1731 4287 1820 4359 reci-

217 4411 377 4483 tandam
411 4411 447 4482 in
484 4410 665 4509 capitulo,
699 4409 761 4482 ubi
794 4434 922 4482 omnes
952 4408 1240 4482 hebdomadariae
1268 4409 1527 4482 describentur.
1561 4413 1711 4506 Propter
1740 4431 1820 4504 quae

213 4531 384 4602 maxime
400 4529 589 4603 litteratam
608 4555 688 4604 eam
704 4555 779 4603 esse
798 4529 987 4619 convenit,
1007 4545 1043 4602 et
1062 4529 1239 4628 precipue
1260 4530 1433 4602 musicam
1451 4551 1525 4600 non
1544 4529 1720 4624 ignorare.
1740 4530 1819 4625 lpsa

208 4651 336 4724 etiam
351 4665 436 4749 post
453 4651 690 4724 diaconissam
712 4651 778 4724 toti
798 4648 991 4750 disciplinae
1007 4650 1231 4749 providebit3
1260 4664 1297 4724 et
1319 4650 1349 4722 si
1376 4649 1466 4723 sorte
1492 4648 1553 4720 illa
1571 4646 1677 4720 rebus
1695 4646 1819 4719 alienis

205 4772 335 4844 fauerit
352 4788 546 4871 occupata,
567 4773 662 4844 vices
684 4771 777 4843 illius
795 4772 832 4843 in
850 4771 921 4843 hoc
939 4785 1145 4869 exequetur.

274 4889 475 4962 lnlirman'a
493 4890 705 4964 ministrabit
724 4890 897 4983 infirmiS,
920 4906 956 4964 et
979 4917 1038 4964 eas
1056 4891 1261 4964 observabit
1280 4907 1353 4963 tam
1371 4915 1392 4964 a
1412 4890 1518 4989 culpa
1534 4912 1642 4988 quam
1661 4888 1707 4962 ab
1729 4888 1819 4962 indi·
1917 4893 1928 4905 “

199 5014 360 5112 gentis.
382 5011 567 5110 Quidquid
584 5011 770 5084 infirmitas
786 5012 1037 5112 postulaverit,
1059 5027 1132 5084 tam
1151 5012 1198 5084 de
1216 5013 1304 5084 cibis
1320 5037 1428 5110 quam
1443 5011 1489 5084 de
1500 5011 1658 5102 balneis,
1675 5009 1732 5082 vel
1745 5012 1820 5108 qui·

196 5137 441 5230 buscuuque
459 5133 555 5221 aliis,
579 5147 632 5206 est
647 5135 697 5205 eis
710 5133 982 5230 indulgendum.
998 5137 1130 5205 Notum
1145 5149 1197 5206 est
1215 5134 1348 5232 quippe
1363 5133 1594 5231 proverbium
1609 5135 1646 5204 in
1660 5130 1788 5204 talibus
1806 5159 1812 5196 τ

198 5291 221 5327 «ι
244 5252 420 5328 Infirmis
439 5279 511 5326 nou
526 5271 578 5328 est
593 5252 649 5328 lex
661 5255 789 5353 posita.
803 5283 821 5322 u
837 5258 970 5326 Carnes
984 5255 1034 5327 eis
1047 5254 1249 5326 nullatenus
1263 5255 1506 5352 denegentur,
1523 5255 1591 5348 nisi
1605 5268 1702 5326 sexta
1715 5252 1813 5340 seria,
