4496 6102
1028 663 1155 734 PETRI
1186 661 1416 736 ABAELARDl

912 1062 970 1149 ΙΝ
1005 1061 1181 1151 RAllllS
1215 1058 1545 1150 PALllARUld.

1129 1366 1239 1412 SERMO
1266 1364 1326 1412 vlt.

476 1547 664 1622 Hodierna
689 1554 894 1628 solemnitas
916 1574 951 1629 et
974 1574 1144 1657 tanquam
1171 1557 1364 1656 imperialis
1387 1577 1526 1653 pompae
1549 1533 1773 1646 triumphalis
1793 1540 2017 1640 jucunditas,

435 1687 505 1760 qua
522 1669 588 1738 Dei
606 1668 698 1742 filius
722 1677 819 1771 regio
843 1701 943 1750 more
963 1703 984 1748 a
1005 1679 1118 1751 turbis
1140 1693 1192 1750 est
1214 1691 1414 1775 susceptus,
1435 1663 1469 1744 e't
1488 1687 1659 1766 tanquam
1677 1664 1769 1736 lilius
1787 1659 1902 1732 David
1918 1682 2020 1729 reco-

436 1785 551 1876 gnitus
565 1803 600 1858 et
619 1791 804 1882 salutatus,
822 1795 927 1894 longe
947 1813 1050 1870 antea
1068 1798 1129 1869 fuir
1145 1797 1191 1867 ab
1208 1797 1286 1895 ipso
1298 1793 1412 1865 David
1427 1789 1652 1890 prophetata,
1669 1783 1877 1856 exhortante
1891 1801 1958 1848 nos
1974 1773 2020 1845 ad

436 1927 515 1975 earn
538 1909 753 1984 revelatione
775 1917 1023 2015 prophetica¹z
1053 1918 1258 2017 «Lapidem
1276 1940 1383 2013 quem
1406 1910 1686 2010 reprobaverunt
1706 1899 1936 1983 aedificantes,
1962 1895 2021 1964 hic

436 2024 548 2100 factus
566 2033 671 2103 estin
691 2052 798 2134 caput
819 2039 951 2135 anguli.
974 2044 1002 2110 A
1018 2040 1177 2110 Domino
1191 2038 1321 2110 lactum
1340 2049 1392 2108 est
1409 2030 1523 2119 istud,
1548 2044 1584 2101 et
1605 2041 1658 2099 est
1678 2019 1837 2096 mirabile
1853 2020 1889 2088 in
1907 2014 2025 2088 oculis

437 2149 578 2219 nostris.
606 2155 687 2224 Haec
711 2169 763 2225 est
781 2155 858 2227 dies
877 2183 986 2254 quam
1006 2158 1087 2229 feeit
1103 2159 1295 2244 Dominus,
1315 2154 1529 2238 exultemus,
1547 2163 1582 2219 et
1597 2142 1806 2217 laetemurin
1820 2164 1874 2210 ea.
1895 2140 2024 2208 ouo-

438 2267 547 2358 mine,
569 2271 706 2346 salvum
725 2301 782 2348 me
801 2276 871 2366 iac,
894 2303 916 2348 0
931 2280 1097 2368 Domine,
1114 2279 1207 2350 bene
1220 2299 1452 2377 prosperare:
1472 2267 1682 2372 benedictus
1700 2263 1767 2359 qui'
1779 2259 1876 2331 venit
1892 2241 1935 2326 in
1957 2277 2026 2325 no-

437 2386 536 2459 mine
553 2393 711 2463 Domini.
740 2396 988 2467 Benediximus
1010 2397 1112 2469 vobis
1134 2398 1180 2468 de
1202 2396 1312 2467 domo
1335 2391 1500 2480 Domini3
1525 2393 1620 2458 Deus
1643 2381 1837 2468 Dominus,
1859 2390 1895 2447 et
1909 2371 2026 2445 illuxit

438 2506 553 2580 nobis.
574 2514 784 2586 Constituite
801 2515 897 2587 diem
919 2517 1117 2590 solemnem
1140 2518 1176 2586 in
1199 2515 1389 2600 condensis
1411 2505 1590 2607 usquead
1611 2528 1723 2575 cornu
1742 2497 1903 2572 altaris.»
1922 2498 2027 2580 Quos

440 2627 536 2697 enim
560 2631 773 2705 aedilicantes
799 2635 870 2707 hoc
895 2636 976 2708 loco
999 2637 1101 2728 dicit,
1131 2637 1198 2707 nisi
1224 2632 1426 2706 sacerdotes
1448 2627 1580 2725 judaici
1605 2619 1747 2722 populi,
1768 2619 1829 2714 qui
1847 2614 2028 2709 subjectos
2090 2657 2094 2668 ·

438 2770 503 2841 per
521 2746 628 2822 fidem
646 2751 775 2824 Christi
788 2754 960 2827 aedificare
974 2756 1146 2828 deberent
1159 2758 1195 2826 in
1209 2752 1382 2851 templum
1396 2749 1485 2821 Dei?
1506 2750 1583 2818 Hoc
1602 2745 1719 2842 ipsum
1737 2739 1917 2810 destruere
1937 2735 2029 2804 nite·

438 2862 569 2938 bantur
593 2869 881 2963 fundamentum,
900 2875 936 2945 in
961 2900 1035 2972 quo
1058 2871 1267 2972 erigendum
1290 2871 1403 2942 fuerat
1424 2865 1624 2938 aedificium}
1651 2865 1696 2929 Ut
1719 2857 1815 2951 enirn
1837 2850 2030 2951 Apostolus

437 2985 521 3056 ait²z
543 2990 860 3065 «Fundamentum
878 2994 975 3067 aliud
992 3020 1100 3067 nemo
1121 3008 1238 3095 potest
1261 3002 1545 3091 ponere'praeter
1567 2983 1604 3054 id
1625 2978 1725 3079 quod
1746 2977 1901 3076 positum
1918 2987 1994 3060 est,
2010 2999 2028 3037 ιι
2109 2985 2113 2996 ·

438 3107 539 3201 quod
553 3125 608 3181 est
624 3109 784 3185 Christus
802 3118 914 3186 lesus.
938 3119 1017 3186 Haec
1038 3130 1090 3187 est
1110 3101 1169 3186 illa
1189 3128 1305 3212 petra,
1323 3111 1359 3181 in
1374 3109 1475 3204 cujus
1491 3103 1563 3176 fide
1580 3099 1728 3173 fundata
1742 3106 1945 3194 perseverat
1962 3096 2029 3162 Ee-

439 3224 561 3318 clesia,
586 3229 676 3300 sicut
692 3247 727 3302 et
743 3233 937 3330 ipse'Petro
957 3236 1005 3305 ait
1013 3237 1035 3325 ⁸,
1052 3235 1110 3304 cui
1129 3257 1208 3304 eam
1229 3230 1421 3303 commisit.
1440 3227 1505 3297 Hic
1524 3237 1576 3297 est
1594 3220 1681 3318 lapis
1700 3219 1776 3289 sine
1798 3211 1965 3284 manibus
1985 3208 2031 3281 de

441 3358 564 3416 monte
581 3345 754 3441 abscisus,
770 3353 832 3448 qui
849 3352 920 3423 hoc
938 3352 1020 3423 loco
1033 3352 1079 3422 ab
1092 3349 1346 3423 aedificantibus
1360 3346 1489 3418 dicitur
1505 3339 1730 3441 reprobatum
1751 3359 1772 3406 a
1788 3331 1901 3404 turbis
1919 3329 2032 3400 hodie

442 3470 644 3566 recognitus
665 3484 768 3542 estet
787 3487 992 3570 susceptus:
1013 3487 1051 3542 ut
1074 3494 1186 3567 quum
1209 3467 1439 3540 aedificatores
1456 3474 1682 3562 respuerent,
1703 3450 1901 3527 aedificandi
1919 3449 2032 3521 susci·

444 3603 590 3685 perent;
612 3605 646 3662 et
660 3590 839 3662 excaecatis
858 3591 1044 3688 magistriS,
1065 3589 1349 3661 illuminarentur
1367 3582 1549 3682 discipuli,
1573 3594 1609 3652 et
1630 3580 1666 3650 in
1689 3571 2034 3648 condemnationem

444 3709 625 3780 seniorum
642 3725 851 3782 resonarent
865 3709 967 3809 pueri
982 3709 1126 3782 laudem
1143 3709 1220 3781 Dei.
1243 3707 1425 3779 Referente
1445 3708 1600 3792 loanne,
1619 3699 1786 3771 novimus
1802 3688 1902 3790 quod
1919 3688 2035 3761 hodie

446 3829 672 3926 ierosolymis
696 3829 808 3903 multa
826 3832 901 3928 jam
926 3847 1000 3903 erat
1021 3831 1124 3904 turba
1142 3855 1215 3901 non
1234 3828 1350 3900 solum
1367 3851 1408 3897 ex
1427 3823 1572 3912 ludaeis,
1593 3817 1826 3892 verumetiam
1848 3835 1889 3881 ex
1917 3809 2035 3906 genti-

445 3950 526 4042 bus,
541 3951 608 4047 qui,
619 3966 861 4023 convenerant
874 3950 918 4057 ad
935 3953 1135 4050 proximam
1151 3949 1291 4021 Paschae
1309 3945 1582 4019 solemnitatem.
1598 3940 1655 4010 Sic
1667 3936 1762 4009 enim
1775 3933 1821 4004 de
1839 3927 2037 4028 gentilibus

447 4085 481 4141 et
499 4072 575 4170 ipse
589 4069 756 4168 adjecit‘:
774 4100 793 4139 ιι
808 4075 918 4143 Erant
933 4086 1050 4144 autern
1069 4069 1215 4169 gentiles
1236 4067 1382 4166 quidam
1406 4090 1448 4136 ex
1465 4064 1520 4133 his
1542 4061 1603 4158 qui
1620 4052 1869 4138 ascenderant,
1887 4063 1927 4118 ut
1943 4049 2038 4120 ado-

446 4207 566 4262 rarent
586 4190 622 4261 in
644 4190 701 4262 die
722 4191 824 4283 festo.
845 4193 889 4261 Hi
911 4216 998 4288 ergo
1017 4203 1242 4262 accesserunt
1258 4188 1304 4258 ad
1322 4185 1545 4283 Philippum,
1560 4180 1622 4277 qui
1637 4191 1711 4250 erat
1725 4168 1942 4246 aBethsaida
1964 4169 2039 4238 Ga-

445 4310 558 4404 liloeae,
578 4311 614 4383 et
630 4311 802 4410 rogabant
815 4337 898 4384 eum
915 4310 1093 4384 dicentes:
1111 4341 1130 4380 ιι
1144 4297 1315 4396 Domine,
1330 4306 1495 4378 volumus
1508 4306 1627 4374 iesum
1644 4297 1776 4370 videre.
1793 4291 1933 4362 »Venit
1953 4287 2040 4358 Phi·

447 4433 582 4530 lippus,
602 4445 637 4504 et
657 4432 741 4504 dicit
759 4432 918 4504 Andreae.
940 4431 1097 4502 Andreas
1117 4453 1238 4500 rursus
1256 4443 1290 4498 et
1308 4423 1490 4522 Philippus
1507 4420 1673 4491 dixerunt
1683 4419 1777 4486 lesu.
1798 4413 1898 4481 lesus
1911 4421 2040 4479 autem

448 4552 634 4652 respondit
647 4555 716 4642 eis,
734 4551 874 4624 dicens:
893 4581 909 4619 ιι
925 4551 1031 4622 Venit
1041 4548 1131 4621 hora
1144 4563 1182 4619 ut
1196 4539 1406 4619 clarificetur
1420 4540 1513 4612 filius
1524 4535 1693 4610 hominis.
1709 4563 1725 4598 ιι

498 4672 550 4744 Ab
574 4672 630 4746 his
652 4674 771 4771 itaque
794 4671 981 4770 gentilibus
1007 4671 1136 4769 pariter
1158 4683 1193 4740 et
1216 4665 1319 4765 plebe
1337 4663 1478 4760 judaica
1496 4661 1672 4732 Dominus
1695 4653 1805 4726 hodie
1828 4663 2039 4746 susceptus,

449 4807 619 4891 tanquam
637 4792 727 4893 lapis
745 4791 953 4892 reprobatus
970 4787 1015 4862 ab
1033 4785 1287 4860 aedilicantihus
1303 4784 1340 4853 in
1362 4795 1469 4881 caput
1485 4777 1604 4875 anguli
1621 4790 1674 4848 est
1691 4798 1711 4844 a
1729 4771 1887 4843 Domino
1902 4767 2044 4838 consti-

450 4927 575 4984 tutus:
597 4913 688 4984 sicut
708 4912 753 4985 de
777 4913 837 4985 illo
858 4912 975 5011 lapide
992 4911 1069 4982 sine
1090 4906 1254 4980 manibus
1276 4903 1414 4976 absciso
1435 4901 1571 4973 dictum
1594 4912 1663 4988 est,
1689 4892 1790 4993 quod
1809 4891 1845 4961 in
1870 4901 2044 4959 montem
2159 4947 2161 4950 .

487 5173 493 5198 ¹
509 5173 598 5224 Psalm.
611 5188 690 5236 cxrrr,
705 5191 728 5224 v.
745 5177 776 5224 2²
795 5184 820 5226 et
834 5191 871 5241 sq.
887 5200 918 5213 -·
934 5173 944 5202 ¹
961 5175 1067 5227 (ἕιτίιιιὴ.
1081 5175 1109 5233 l,
1121 5186 1178 5241 cap.
1196 5188 1235 5234 ιιι,
1249 5187 1271 5222 v.
1288 5171 1327 5220 10.
1337 5195 1368 5207 -
1380 5167 1391 5196 ⁸
1402 5165 1499 5229 natu,
1511 5181 1566 5231 cap.
1582 5177 1622 5215 ιιι
1632 5201 1639 5227 ,
1651 5177 1676 5214 v.
1691 5163 1728 5210 18.
1743 5183 1777 5198 ·-
1790 5155 1802 5183 ⁸
1816 5155 1898 5216 lma
1912 5165 1973 5216 ⁰⁸1>-
1988 5165 2026 5201 ¹¹¹
2039 5189 2047 5212 t

451 5277 474 5311 ιι,
492 5263 533 5312 20.
