4522 6102
460 583 530 650 102
892 584 1019 656 PETRl
1046 585 1279 659 lumiliter
1302 588 1362 658 ἘΤ
1384 589 1609 664 HsstotssAE

460 719 629 812 obsecro,
657 737 817 810 moveat,
843 747 913 794 nec
938 726 1031 822 patri
1060 739 1207 823 paterne
1234 751 1301 800 nos
1325 730 1515 825 corrigenti
1538 732 1587 804 sis
1614 731 1781 822 molesta3
1804 733 1870 806 sed
1893 733 2035 808 attende

458 841 559 936 quod
580 843 853 938 scriptemssr:
870 870 887 909 ι(
900 846 1001 930 Quos
1022 842 1135 942 diligit
1154 849 1250 918 Deus
1260 899 1269 937 ,
1284 846 1352 918 hos
1365 849 1542 946 corripit¹.
1564 851 1735 948 Castigat⁸
1751 867 1871 926 autem
1888 877 2032 926 omnem

458 960 571 1033 lilium
585 984 697 1058 quem
719 963 855 1059 recipit.
873 991 892 1030 a
910 967 960 1034 'Et
978 963 1109 1034 alibi⁸z
1141 966 1245 1053 «Qui
1260 968 1372 1064 parcit
1394 969 1516 1066 virgae,
1541 969 1617 1040 odit
1640 969 1766 1042 filium.
1787 1000 1803 1039 a
1828 977 1937 1046 Poena
1959 976 2033 1046 cst‘

455 1081 530 1152 haec
544 1095 814 1172 momentanea,
830 1099 1075 1174 ·non·mtcrna;
1092 1086 1329 1183 purgationis,
1345 1111 1421 1158 non
1433 1087 1683 1162 damnationis.
1703 1091 1792 1164 ludi
1805 1093 2030 1191 prophetem,

455 1217 490 1272 et
513 1201 740 1272 confortor&
764 1229 772 1271 :
804 1229 821 1270 ιι
838 1207 921 1274 tlon
936 1203 1110 1299 judicabit
1123 1205 1299 1277 Dominam
1320 1207 1375 1280 bis
1398 1207 1435 1278 in
1466 1207 1503 1279 id
1520 1209 1657 1306 ipsum,
1684 1224 1719 1282 et
1745 1235 1818 1284 non
1847 1223 2034 1311 consurget
2139 1203 2141 1206 ⁵

454 1321 586 1421 duplex
609 1321 840 1394 tribulatim
870 1324 1021 1396 tuende
1046 1347 1223 1398 summan
1242 1326 1341 1398 illam
1368 1342 1403 1398 et
1424 1329 1619 1400 maximam
1640 1331 1796 1402 veritatis
1819 1331 2035 1404 adhortatio-

456 1446 583 1514 nem':
609 1471 627 1510 ιι
644 1448 685 1514 ln
710 1442 879 1540 patientia
901 1458 1017 1516 vestra
1037 1444 1265 1542 possidebitis
1285 1445 1421 1518 animas
1438 1461 1619 1518 vestras.»
1642 1447 1745 1520 Unde
1760 1463 1799 1520 et
1818 1449 2006 1522 salomon·
2023 1480 2031 1520 :

458 1590 476 1630 κ
493 1563 617 1634 Melior
638 1578 693 1634 est
713 1564 851 1662 patiens
874 1565 952 1634 viro
972 1562 1071 1654 forti,
1093 1566 1208 1662 etqui
1230 1563 1436 1637 dominatur
1456 1567 1578 1638 animo
1598 1591 1683 1657 suo,
1711 1581 1953 1666 expugnatore
1974 1595 2033 1640 ur-

456 1682 570 1754 bium.
590 1711 609 1751 a
636 1685 737 1756 Non⁰
763 1698 799 1754 ae
815 1682 869 1754 od
891 1683 1064 1780 lacrymas
1090 1699 1154 1755 aut
1177 1684 1223 1778 ad
1243 1686 1565 1784 :compunctionem
1588 1687 1715 1759 unov'et
1741 1689 1943 1786 unigenitus
1972 1691 2036 1762 Dei

456 1805 630 1876 innocens
643 1827 710 1901 pm
728 1819 762 1875 te
775 1817 813 1874 et
827 1803 995 1875 omnibns
1005 1804 1280 1902 ele-impiissimis
1295 1805 1592 1903 comprehensus,
1603 1806 1810 1897 distractus,
1830 1808 2034 1906 flagellatus,

458 1939 494 1995 et
510 1924 625 1997 velata
647 1923 735 1996 secie
749 1923 894 2013 illusus,
915 1940 951 1996 et
974 1923 1234 2022 colaphizatus,
1255 1925 1366 2022 sputis
1386 1929 1617 2022 conspersus,
1639 1927 1751 2025 spinis
1767 1921 1977 2017 mmnatus,
2002 1943 2037 2000 ct

457 2043 603 2114 tandem
625 2043 661 2114 in
686 2041 748 2115 illo
769 2042 884 2114 crucis
904 2057 989 2113 tnnc
1003 2058 1081 2114 tarn
1099 2043 1338 2139 ignominioso
1357 2043 1517 2142 patibtdo
1540 2045 1632 2116 inter
1648 2045 1804 2119 latrones
1821 2071 2034 2145 suspensus,

457 2179 565 2260 atque
584 2159 645 2234 illo
660 2178 745 2234 tunc
763 2161 947 2234 horrendo
968 2177 1004 2233 et
1017 2162 1205 2234 execrabili
1223 2185 1352 2260 genere
1368 2164 1494 2235 mortis
1511 2164 1857 2238 interfectusillunc
1873 2191 2034 2266 semper,

457 2305 575 2372 soror,
599 2305 731 2354 ¹rerum
753 2297 857 2353 tuum
876 2297 913 2353 et
934 2282 1042 2352 totius
1062 2281 1225 2374 Ecclesia:
1242 2307 1413 2380 sponsum
1437 2306 1510 2386 pue
1526 2282 1640 2354 oculis
1664 2283 1775 2373 bulte,
1800 2299 1920 2358 mente
1940 2309 2033 2382 gere.

457 2408 597 2476 intuere
623 2403 723 2474 bunc
750 2417 939 2474 exeuntem
965 2399 1012 2472 ad
1039 2401 1320 2498 crucifigendum
1345 2427 1412 2500 pro
1436 2418 1471 2474 te
1495 2417 1531 2473 et
1551 2402 1770 2499 bajulantem
1789 2403 1859 2476 sibi
1878 2429 2032 2478 crucem.

456 2525 539 2594 uno
571 2521 620 2592 de
639 2520 776 2620 populo
800 2536 835 2591 et
858 2520 1064 2592 mulieribus
1092 2545 1172 2616 quae
1200 2520 1418 2619 plangebant
1443 2535 1478 2591 et
1501 2520 1789 2594 lamentabantur
1815 2545 1918 2613 eum,
1948 2523 2038 2596 sicot

456 2646 568 2712 Lucas
585 2641 641 2710 his
654 2640 771 2711 verbis
788 2654 909 2710 narrat
919 2644 963 2708 ¹⁰:
986 2640 1243 2736 «Sequebatur
1260 2655 1381 2710 autem
1398 2639 1508 2710 multa
1528 2639 1631 2710 trube
1644 2641 1770 2737 populi
1782 2641 2036 2732 etmulierum,

458 2785 537 2856 quae
555 2758 770 2858 plangebant
788 2773 825 2830 et
841 2757 1129 2830 lamentabantur
1142 2783 1243 2830 eum.
1265 2785 1283 2824 a
1314 2759 1366 2828 Ad
1384 2783 1473 2854 quas
1491 2759 1638 2856 quidem
1654 2759 1809 2856 benigne
1826 2785 2040 2848 conversus,

459 2879 717 2952 clementereis
732 2875 894 2977 praedixit
913 2878 1071 2949 futurum
1092 2877 1128 2948 in
1147 2877 1322 2949 ultionem
1346 2902 1417 2950 suae
1435 2879 1560 2950 mortis
1574 2880 1741 2970 exidmn,
1763 2903 1875 2977 aquo
1894 2879 2041 2977 quidem

458 3003 486 3072 si
505 3013 670 3098 saperent
690 3021 813 3069 carere
824 2995 891 3068 sibi
900 3018 969 3094 per
985 2995 1057 3068 hoc
1070 3013 1229 3096 possent.
1252 2997 1396 3086 «Filiae,
1414 3024 1432 3063 n
1452 2998 1616 3093 iuquit¹²,
1640 2997 1910 3088 «Hierusalem,
1931 2999 2042 3072 nolite

458 3123 542 3194 flere
560 3140 667 3217 super
687 3143 765 3207 me,
789 3115 852 3190 sed
872 3142 979 3215 super
1000 3136 1064 3188 vos
1086 3116 1179 3215 ipsas
1199 3117 1297 3207 flete,
1322 3130 1357 3187 et
1374 3141 1482 3214 super
1494 3116 1586 3188 lilios
1600 3131 1745 3190 vestros.
1761 3119 1942 3205 Quoniam
1959 3145 2040 3192 cccc

459 3241 602 3312 venient
620 3238 716 3328 dies,
737 3238 774 3307 in
797 3236 927 3334 quibus
945 3235 1066 3306 dicent
1085 3261 1095 3305 ι
1126 3239 1240 3306 &atae
1258 3235 1412 3323 steriles,
1431 3252 1469 3306 et
1485 3251 1627 3308 ventres
1645 3237 1706 3334 qui
1724 3259 1800 3308 non
1816 3239 2037 3333 genuerunt,

458 3374 494 3432 et
511 3359 710 3456 uberaquae
724 3377 799 3428 non
810 3355 1043 3428 lactaverunt.
1053 3361 1151 3428 Tunc
1165 3357 1336 3453 incipient
1346 3355 1465 3428 dicere
1478 3355 1679 3428 montibus:
1695 3355 1819 3428 Cadite
1830 3381 1937 3455 super
1949 3383 2035 3446 nos,

458 3494 494 3550 et
510 3477 681 3550 collibus:
699 3476 844 3575 Operite
856 3494 937 3546 nos.
958 3475 1049 3563 Quia
1066 3475 1096 3545 si
1109 3476 1145 3545 in
1164 3473 1270 3546 viridi
1282 3473 1380 3572 ligno
1400 3473 1474 3546 baec
1491 3474 1641 3564 iaciunt,
1656 3477 1694 3546 in
1706 3473 1808 3548 arido
1821 3475 1909 3573 quid
1922 3476 1982 3548 fiet
1992 3477 2006 3546 Ρ
2018 3507 2036 3546 ιι

458 3599 607 3677 Patienti
624 3612 751 3698 sponte
764 3623 831 3696 pro
851 3597 1097 3696 redemptione
1112 3612 1174 3668 tua
1191 3611 1415 3695 compatere,
1436 3610 1592 3694 etsuper
1609 3595 1781 3670 crucifixo
1798 3621 1866 3695 pro
1884 3612 1919 3669 te
1939 3623 2038 3670 com-

457 3745 627 3820 pungere.
650 3717 821 3817 Sepulcro
840 3717 916 3813 ejus
935 3730 1054 3788 mente
1077 3738 1217 3815 semper
1235 3717 1358 3788 assiste
1369 3718 1408 3805 ¹¹,
1422 3731 1552 3788 etcum
1567 3714 1730 3788 fidelibus
1749 3717 1890 3790 leminis
1906 3715 2039 3789 lamen·

458 3855 533 3912 tare
560 3854 596 3910 et
622 3838 715 3934 luge.
742 3842 795 3909 De
811 3836 940 3934 quibus
962 3837 1069 3908 etiarn
1093 3850 1134 3908 ut
1151 3835 1226 3932 jam
1246 3859 1355 3935 snpra
1373 3836 1521 3908 memini
1546 3836 1719 3934 scriptum
1739 3850 1817 3910 est:
1841 3836 2041 3910 «Mulieres
2149 3915 2153 3921 ,

457 3961 620 4033 sedentes
649 3959 695 4031 ad
722 3973 998 4029 monumentum
1020 3956 1308 4030 lamentabantur
1329 3957 1454 4028 bernes
1480 3957 1724 4028 Dominum.»
1757 3961 1843 4028 Para
1865 3981 1949 4028 cum
1973 3956 2042 4030 illis

458 4078 646 4178 sepulturae
664 4079 739 4174 ejus
757 4091 957 4174 unguenta,
980 4075 1043 4148 sed
1062 4076 1210 4148 meliora
1224 4075 1418 4174 spiritualia
1435 4074 1600 4172 quidem,
1626 4099 1700 4147 non
1721 4075 1921 4174 corporalia
1936 4103 1943 4146 :
1966 4075 2043 4148 tec

457 4200 554 4270 enim
572 4199 719 4294 requirit
739 4211 899 4268 aromata
918 4197 1073 4293 quinon
1093 4198 1276 4294 arscepit¹⁸
1292 4194 1363 4268 illa.
1385 4197 1500 4292 Super
1517 4194 1573 4267 his
1593 4209 1671 4268 toto
1690 4195 1890 4268 devotionis
1912 4195 2041 4270 affectu

457 4339 711 4417 compungere.
740 4315 792 4388 Ad
820 4339 928 4412 quam
948 4315 1375 4413 quidem'compassionis
1402 4315 1718 4413 compunctionem
1740 4315 1816 4412 ipse
1842 4315 1948 4386 edam
1978 4337 2046 4413 per

458 4437 646 4510 lererniam
668 4433 791 4506 fideles
820 4434 1030 4506 adhortatur
1055 4434 1179 4506 diceus
1192 4436 1228 4504 ¹⁸:
1253 4463 1270 4500 e
1286 4437 1319 4504 Ο
1337 4458 1404 4505 vos
1427 4457 1553 4506 omnes
1577 4433 1640 4530 qui
1661 4433 1815 4506 transitis
1836 4457 1902 4532 per
1923 4434 2045 4522 viam,

460 4558 631 4630 attendite
651 4571 686 4627 et
705 4555 821 4628 videte
839 4556 869 4626 si
887 4570 940 4627 est
960 4554 1070 4626 dolor
1096 4556 1185 4626 sicut
1211 4552 1316 4626 dolor
1346 4579 1459 4626 mens.
1478 4581 1496 4620 ιι
1517 4553 1559 4625 ld
1583 4569 1636 4626 est
1661 4555 1691 4626 si
1716 4578 1826 4652 super
1848 4553 1969 4652 aliquo
1987 4579 2053 4652 pa-

460 4679 569 4748 tiente
586 4677 634 4747 ita
651 4691 705 4753 est
722 4699 787 4774 per
804 4675 1089 4774 compassionem
1108 4674 1326 4765 dolendum,
1345 4699 1458 4772 quum
1472 4679 1546 4772 'ego
1568 4673 1701 4747 scilicet
1722 4673 1820 4746 solus
1840 4675 1918 4747 sine
1938 4673 2049 4772 culpa

494 4937 605 4996 'Prov.,
624 4951 680 5003 cap.
696 4950 776 4997 ur,r.
791 4941 830 4988 12.
844 4965 871 4975 -
886 4936 896 4965 ⁸
910 4939 1012 5002 Corripit
1031 4937 1239 4989 uus-'ru-
1271 4955 1296 4988 r.
1309 4939 1348 4988 82.
1362 4963 1395 4975 -
1408 4937 1418 4963 '
1432 4937 1494 4988 Nm
1510 4935 1558 4986 trs.
1571 4934 1954 5002 Amb.-‘⁰l.nc.,eap.xxru,
1967 4949 1991 4984 r.
2004 4936 2051 4983 at.

464 5024 540 5086 pellar
559 5019 610 5071 llS.
633 5017 706 5072 emb.
722 5047 741 5059 -
760 5023 912 5088 Hatr.,eap.
928 5037 977 5082 xn,
993 5038 1017 5073 r.
1034 5025 1106 5074 6.·-
1123 5021 1134 5050 ⁴
1152 5023 1238 5082 Pron,
1273 5047 1302 5060 -
1327 5021 1348 5049 ‘¹
1371 5020 1445 5082 thid,
1467 5038 1490 5072 v.
1517 5021 1546 5069 28
1570 5030 1596 5069 et
1614 5035 1652 5086 sq.
1670 5045 1704 5056 -
1723 5017 1745 5046 ⁴⁸
1767 5019 1908 5083 scorteum
1930 5020 1982 5082 ejas
2003 5022 2055 5068 aab

461 5121 516 5172 cap.
541 5121 600 5169 ιιιι,
613 5123 636 5156 v.
656 5107 697 5156 2⁴.
713 5131 741 5143 ·-
754 5107 765 5135 ⁸
776 5107 822 5157 Bu
834 5107 904 5158 deest
914 5107 965 5158 Gi).
974 5130 1008 5148 ·-
1017 5107 1028 5136 ‘
1038 5107 1140 5169 Nabum,
1153 5121 1209 5172 cap.
1221 5123 1239 5166 r,
1269 5117 1365 5170 peram
1376 5107 1579 5169 umparfidettter
1591 5118 1659 5156 aereo
1673 5101 1743 5155 nus.
1756 5129 1785 5140 -
1798 5103 1820 5132 ¹¹
1831 5103 1970 5167 Suscepertt
1979 5101 2055 5152 ll.—

466 5189 670 5252 r.9.-²l.uc.‚
687 5205 742 5258 cap.
759 5207 818 5254 ιιι,
836 5207 860 5240 r.
881 5191 983 5241 tta-⁸
999 5193 1085 5250 Pron,
1106 5206 1161 5256 cap.
1182 5207 1239 5252 ιιι,
1275 5188 1565 5254 “bcmmt.,cap.r,r.
1581 5189 1620 5238 12.
