4522 6102
929 701 1165 775 El‘lSll'OLAE.
1392 776 1397 786 ,
1770 707 1831 779 t3t

261 837 346 908 tima
360 836 550 912 dulcedine
562 838 737 936 hymnum
755 839 949 939 spiritalem
966 865 1105 914 summa
1122 843 1338 917 exultatione
1351 844 1506 922 Domino
1520 843 1700 942 persolvit.
1716 844 1837 928 Habe-

261 981 339 1030 mus
356 957 406 1030 ibi
419 983 564 1055 quoquc
578 959 779 1051 Delborae²,
803 975 839 1034 et
860 967 987 1052 Annae,
1010 987 1076 1034 nec
1096 985 1171 1036 non
1189 961 1312 1034 luditlr
1333 963 1445 1034 viduae
1462 964 1617 1052 cantica,
1639 966 1729 1039 sicut
1743 981 1783 1041 et
1801 968 1836 1040 in

259 1081 442 1178 evangelio
460 1081 577 1154 Mariae
593 1083 715 1155 matris
727 1083 884 1157 Domini.
902 1087 990 1171 Quae
1007 1083 1171 1157 videlieet
1188 1087 1289 1156 Anna
1306 1081 1507 1164 Samuelem
1523 1083 1713 1181 parvulum
1733 1101 1837 1163 suurn

260 1200 413 1274 offerens
429 1199 658 1274 tabernaculo
669 1201 813 1274 Domini
823 1203 855 1290 ¹,
876 1201 1122 1275 auctoritatem
1134 1201 1442 1299 suscipiendorum
1458 1201 1643 1279 infantium
1663 1219 1838 1286 monade

262 1323 319 1394 riis
336 1320 447 1393 dedit.
473 1321 577 1410 Unde
595 1320 750 1396 lsidorus
769 1321 935 1395 lintribus
955 1323 991 1396 in
1011 1321 1177 1394 coenobio
1196 1322 1469 1397 honorianensi⁸
1482 1323 1681 1396 constitutis
1695 1348 1774 1421 cap.
1789 1349 1832 1394 v:

263 1471 280 1508 ιι
296 1442 531 1538 Quicunque,
549 1469 567 1508 n
583 1442 718 1539 inquit,
741 1471 758 1510 ιι
776 1465 797 1514 a
813 1441 1020 1539 parentibus
1040 1443 1194 1542 propriis
1210 1443 1246 1514 in
1265 1442 1482 1517 monasterio
1498 1441 1624 1513 luerit⁴
1640 1442 1834 1540 delegatus,

259 1563 400 1634 navent
419 1585 456 1634 sc
474 1562 521 1634 ibi
540 1577 714 1660 perpetuo
732 1587 952 1640 mansurum.
976 1567 1066 1636 Nam
1086 1567 1186 1637 Arina
1201 1561 1403 1637 Samuelem
1420 1585 1572 1660 puerum
1593 1566 1670 1644 Deo
1692 1561 1834 1641 obtulit.

257 1682 330 1766 Qui
344 1696 382 1754 et
395 1682 432 1752 in
450 1682 646 1756 ministerio
664 1681 806 1781 templi,
823 1706 896 1778 quc
909 1705 932 1754 a
945 1696 1057 1757 matre
1072 1681 1206 1758 luerat⁵
1222 1683 1383 1770 functus,
1400 1683 1613 1780 permansit,
1634 1695 1669 1754 et
1680 1679 1741 1754 ubi
1753 1705 1838 1754 cor>

258 1802 400 1874 suiuus
418 1817 470 1874 cst
488 1802 723 1875 deservivit.»
742 1807 890 1876 Queat
908 1804 1015 1880 etiam
1034 1801 1122 1876 filias
1137 1805 1252 1874 Aaron
1269 1804 1400 1900 pariter
1416 1826 1500 1877 cum
1519 1801 1683 1874 batribus
1703 1803 1775 1874 suis
1792 1801 1839 1880 ad

257 1922 498 1994 sanctuarium
522 1937 557 1994 et
576 1921 835 1996 haereditariam
859 1939 993 1996 sortem
1014 1923 1098 1994 Levi
1122 1922 1213 1998 adeo
1235 1923 1431 2021 pertinere,
1459 1937 1496 1992 ut
1512 1919 1597 1995 lrinc
1622 1947 1769 2019 quoque
1791 1923 1840 1994 eis

258 2041 435 2114 Dominam
448 2041 654 2115 alimoniam
664 2042 873 2133 instituerit,
889 2044 980 2119 sion
990 2044 1159 2141 scriptum
1178 2043 1280 2114 estin
1293 2041 1386 2114 libro
1400 2045 1561 2127 Numeri,
1576 2041 1655 2139 ipso
1665 2041 1712 2112 ad
1723 2047 1839 2120 Aaron

259 2160 310 2232 sic
323 2159 507 2232 dicente⁶z
532 2187 550 2228 ιι
564 2165 699 2238 Omnes
717 2163 890 2259 primitias
908 2162 1114 2250 sanctuarii,
1129 2185 1219 2257 quas
1232 2159 1386 2235 offerunt
1399 2159 1460 2232 lilii
1471 2159 1578 2237 lsrael
1591 2161 1761 2251 Domino,
1776 2159 1839 2232 tibi

259 2277 359 2370 dedi,
376 2295 411 2351 et
429 2278 509 2352 liliis
527 2305 568 2352 ac
582 2279 721 2356 filiabus
734 2283 802 2354 tuis
811 2282 892 2378 jure
904 2296 1090 2381 perpetuo.
1110 2310 1128 2347 u
1146 2280 1249 2352 Unde
1263 2305 1329 2352 nec
1345 2305 1367 2350 a
1384 2280 1597 2362 clericorum
1617 2280 1744 2352 ordine
1763 2305 1839 2351 mu·

258 2398 385 2472 lierum
397 2399 520 2498 religio
535 2399 711 2496 disjuncta
722 2400 874 2474 videtur.
891 2407 988 2488 Quas
1001 2401 1107 2476 etiam
1118 2401 1202 2499 ipsis
1212 2401 1360 2474 nomine
1371 2399 1578 2496 conjunctas
1588 2424 1666 2475 esse
1678 2415 1835 2489 constat,

258 2545 371 2617 quum
393 2521 577 2594 videlicetl
602 2535 676 2594 mm
699 2521 918 2596 diaconissas
937 2545 1046 2618 quam
1067 2520 1239 2594 diacontn
1259 2519 1497 2619 appellemus,
1518 2544 1561 2592 ac
1580 2522 1609 2590 si
1628 2521 1666 2592 in
1680 2523 1838 2618 utrisque

257 2640 389 2714 tribum
403 2642 504 2732 Levi,
519 2655 554 2712 et
567 2642 668 2738 quasi
679 2642 802 2714 levitas
819 2665 1065 2738 agnoscamus.
1081 2639 1260 2712 Habemus
1275 2641 1384 2715 etiam
1400 2639 1437 2710 in
1455 2639 1583 2714 eodem
1602 2639 1694 2714 libro
1714 2655 1836 2716 votum

258 2761 346 2834 illud
370 2763 583 2852 maximum,
609 2779 645 2834 et
666 2763 973 2837 consecrationem
995 2765 1240 2834 Nazerinorum
1254 2761 1400 2837 Domini
1419 2785 1520 2858 aeque
1538 2761 1677 2834 lerninis
1695 2763 1785 2835 siem
1802 2779 1837 2836 ct

257 2884 341 2955 viris
355 2907 430 2955 esse
447 2883 667 2972 institutum,
686 2884 765 2981 ipso
784 2882 830 2954 ad
848 2887 1007 2978 Moysem
1022 2883 1181 2957 Domino
1201 2881 1250 2952 sic
1262 2881 1447 2954 dicente⁸:
1472 2885 1664 2978 «Loquere
1683 2881 1728 2954 ad
1747 2882 1837 2955 filios

257 3002 375 3092 lsrael,
386 3019 421 3076 et
432 3003 530 3085 dices
543 3001 590 3075 ad
596 3025 658 3076 cos
672 3029 680 3072 ε
701 3032 718 3072 ιι
732 3003 794 3074 Vir
804 3005 877 3074 sive
891 3001 1018 3074 mulier
1030 3025 1144 3098 quum
1156 3001 1302 3074 sederint
1314 3017 1439 3074 votum
1452 3015 1492 3072 ut
1501 2999 1781 3090 sanctificentur,
1803 3021 1839 3076 et

257 3152 278 3192 ιι
293 3147 331 3196 se
342 3123 520 3196 voluerint
530 3124 688 3196 Domino
701 3121 1016 3214 consecrare,‘vino
1027 3137 1062 3196 et
1071 3124 1171 3196 omni
1180 3121 1280 3220 quod
1290 3121 1464 3198 inebriare
1471 3121 1835 3221 potestabstinebunt.

259 3273 278 3309 ιι
296 3247 443 3316 Acetum
459 3268 505 3316 ex
520 3243 606 3316 vino
620 3259 659 3315 et
673 3267 717 3316 ex
734 3242 893 3340 qualibet
908 3241 976 3318 alia
988 3244 1153 3342 potione,
1169 3242 1387 3340 etquicquid
1398 3242 1444 3316 de
1458 3267 1526 3316 uva
1538 3245 1746 3341 exprimitur
1763 3270 1837 3316 non

259 3391 277 3428 ιι
293 3361 430 3436 bibent.
452 3367 546 3434 Uvas
567 3378 727 3436 recentes
745 3365 926 3461 siccasque
943 3387 1018 3434 non
1030 3362 1223 3436 comedent
1241 3363 1378 3438 cunctis
1394 3361 1539 3454 diebus,
1554 3362 1682 3461 quibus
1695 3388 1739 3434 ex
1752 3378 1837 3437 voto

258 3513 277 3552 ιι
295 3482 451 3556 Domino
462 3497 728 3554 consecrantur.
743 3483 928 3580 Quidquid
939 3507 982 3554 ex
992 3485 1097 3556 vinea
1110 3481 1218 3556 estab
1229 3507 1299 3554 uva
1309 3507 1413 3582 passa
1425 3507 1539 3580 usque
1552 3482 1598 3554 ad
1608 3483 1752 3557 acinum
1763 3505 1837 3554 non

258 3635 277 3672 ιι
292 3603 596 3676 comedentomni
619 3617 781 3702 tempore
802 3603 1032 3702 separationis
1046 3627 1128 3676 suae.
1146 3631 1164 3670 a
1173 3603 1286 3700 Hujus
1298 3603 1448 3700 quidem
1459 3602 1638 3699 religionis
1646 3601 1723 3676 illas
1734 3603 1839 3676 scrisse

255 3723 410 3798 arbitror
422 3722 636 3796 excubantes
647 3721 693 3794 ad
704 3725 836 3796 ostium
847 3721 1082 3812 tabernaculi,
1104 3722 1150 3794 de
1167 3749 1320 3820 quarum
1339 3722 1491 3821 speculis
1506 3726 1645 3818 Moyses
1663 3747 1724 3796 vas
1736 3747 1838 3800 com·
1884 3749 1886 3756 ·

255 3845 389 3942 posuit,
403 3844 440 3914 in
452 3867 525 3940 quo
535 3843 736 3916 lavarentur
743 3848 859 3917 anon
871 3857 907 3916 et
918 3843 980 3916 filii
991 3843 1079 3939 ejus,
1096 3843 1187 3916 sicut
1196 3845 1369 3940 scriptum
1381 3847 1466 3918 est⁰:
1485 3872 1502 3910 ιι
1516 3844 1688 3942 Apposuit
1700 3847 1838 3940 Moyses

255 3962 397 4036 labrum
412 3987 551 4034 aeneum
566 3963 602 4034 in
621 3987 695 4059 quo
713 3962 915 4036 lavarentur
928 3967 1044 4035 Aaron
1064 3975 1099 4032 et
1114 3959 1176 4036 lilii
1194 3961 1289 4056 ejus;
1310 3961 1409 4058 quod
1428 3962 1510 4034 fecit
1526 3962 1573 4034 de
1590 3963 1742 4061 speculis
1761 3988 1839 4034 mu-

255 4083 384 4154 lierum
398 4107 476 4179 quae
494 4082 719 4155 excubabant
729 4086 748 4122 ¹⁰
765 4081 812 4154 ad
830 4083 961 4156 ostium
978 4080 1207 4164 tabernaculi.
1227 4111 1244 4148 a
1267 4081 1461 4179 Diligenter
1481 4107 1617 4179 magnae
1639 4083 1838 4157 devotionis

256 4227 381 4276 earum
397 4204 514 4274 servor
531 4203 743 4276 describitur
756 4229 834 4300 quae
847 4203 969 4276 clauso
988 4205 1096 4276 ctiam
1108 4201 1360 4292 tabernaculo,
1382 4201 1517 4280 loribus
1530 4204 1606 4298 ejus
1618 4203 1838 4279 adhaerentes

254 4339 458 4396 sanctarum
479 4323 676 4420 vigiliarum
695 4323 861 4398 excubias
880 4322 1122 4411 celebrabant,
1144 4338 1286 4396 noctem
1305 4322 1411 4394 etiam
1430 4324 1543 4420 ipsam
1564 4324 1601 4395 in
1619 4323 1839 4395 orationibus

253 4443 447 4532 ducentes,
472 4458 506 4516 et
524 4443 570 4514 ab
589 4443 762 4540 obsequio
787 4443 909 4516 divino
934 4445 1018 4516 viris
1037 4441 1300 4540 quiescentibus
1320 4467 1395 4516 uon
1421 4458 1598 4516 vacantes.
1620 4441 1728 4530 Quod
1754 4465 1838 4524 vero

249 4563 417 4636 clausurn
432 4563 483 4634 eis
493 4561 763 4634 tabernaculum
782 4575 1001 4634 memoratur
1019 4564 1091 4638 vita
1108 4562 1357 4660 poenitentium
1375 4585 1533 4658 congrue
1545 4560 1763 4655 designatur,
1778 4563 1840 4657 qui

249 4695 296 4754 ut
314 4707 352 4756 se
367 4682 492 4754 durius
505 4684 721 4781 poenitentiae
732 4683 896 4756 lamentis
904 4686 922 4722 ¹¹
941 4681 1115 4770 alliciant,
1137 4707 1158 4752 a
1175 4682 1309 4754 caeteris
1326 4696 1565 4778 segregantur.
1581 4684 1669 4767 Qnae
1680 4681 1840 4777 profesto

246 4803 329 4873 vita
345 4803 545 4901 specialiter
559 4803 764 4876 monasticae
776 4802 1006 4902 professionis
1020 4825 1097 4874 esse
1111 4799 1337 4899 perhibetur,
1358 4802 1457 4896 cujus
1472 4798 1637 4875 videlicet
1646 4799 1739 4870 ordo
1754 4800 1841 4880 nibil

241 4921 443 4994 aliudesse
461 4922 591 4996 dicitur
603 4947 713 5020 quam
724 4923 888 5020 quaedam
901 4922 1071 5020 parcioris
1084 4902 1299 5020 poenitentiae
1315 4921 1441 4994 forma.
1458 4918 1739 4993 Tabernaculurn
1756 4945 1840 4990 vero

286 5147 296 5171 ¹
319 5147 412 5196 Debere
422 5145 441 5194 G
453 5157 478 5195 et
488 5145 537 5196 llS.
555 5147 626 5198 llmb.
637 5173 669 5186 -
682 5149 691 5175 ¹
707 5151 766 5215 llep.
780 5149 805 5209 l,
819 5165 873 5215 cap.
888 5165 909 5209 r,
922 5165 944 5198 v.
956 5149 1032 5199 tt.-
1066 5152 1217 5198 constitutum
1232 5151 1341 5196 uidelicet
1353 5148 1380 5195 D.
1390 5145 1440 5184 —⁸
1453 5147 1562 5206 rtrrmer„
1575 5161 1630 5213 cap.
1646 5117 1681 5198 vr.
1698 5162 1719 5195 v.
1734 5149 1747 5194 2
1760 5158 1785 5195 et
1800 5164 1838 5212 sq.

240 5229 252 5254 ¹
278 5229 461 5278 Honorinum
480 5228 530 5279 ttS.
556 5229 626 5279 amb.
645 5231 696 5266 ν·
714 5231 754 5282 Sic
774 5231 902 5280 C.-Fur't
925 5230 1032 5281 Edd-
1067 5231 1119 5268 —‘
1139 5233 1232 5289 lisand„
1259 5245 1316 5296 cap.
1343 5247 1432 5293 xxviii,
1457 5247 1478 5280 v.
1500 5231 1751 5280 8.-¹⁰Eecubant
1768 5233 1793 5280 lt.
1809 5257 1839 5267 α

239 5312 1035 5382 “Ριιιναιάεειιῦ.-“Νιιιηοι.,ωρ.ἰινιιι,ν.19.-Ἐιιε
1066 5316 1086 5341 ⁴¹
1100 5313 1310 5367 auterannus.
1422 5363 1432 5370 ,
1519 5355 1522 5362 ι
1554 5355 1575 5380 ,,.
1608 5375 1612 5382 Ι
