4510 6108
448 576 520 646 452
707 639 711 648 .
1044 571 1171 643 PETRt
1199 571 1434 643 ABAELARDI

448 714 571 785 derem
580 729 616 785 et
625 707 805 804 docerem,
816 736 882 782 nec
896 735 1023 784 manus
1035 713 1072 783 in
1085 737 1143 784 me
1152 713 1228 784 ausi
1237 715 1319 784 estis
1329 711 1532 813 extendere,
1546 736 1614 784 nec
1625 727 1712 784 tunc
1726 715 1834 786 etiam
1842 739 1954 813 quum
1967 739 2028 789 eos

448 834 640 931 flagellatos
654 835 818 931 ejicerem
832 832 877 904 de
890 831 1038 930 templo.
1054 833 1223 904 Nondum
1235 834 1332 906 enim
1343 848 1490 904 venerat
1500 833 1576 929 ejus
1590 831 1724 932 [hora],
1738 833 1810 906 hoc
1823 850 1876 908 est
1888 852 2028 935 tempus

447 955 603 1053 passioni
621 979 839 1050 congruum,
859 952 958 1051 quod
975 953 1012 1022 in
1029 953 1104 1048 ejus
1121 952 1354 1051 dispositione
1372 953 1486 1025 luerat
1502 951 1697 1050 praefixum.
1712 959 1763 1024 Ex
1777 979 1850 1051 quo
1866 970 2046 1054 patenter·

448 1075 621 1163 ostendit,
641 1074 730 1146 nihil
747 1099 809 1146 eos
825 1075 862 1145 in
879 1099 924 1145 eo
942 1098 1045 1169 agere
1062 1098 1185 1172 posse,
1206 1074 1274 1145 nisi
1290 1098 1334 1145 eo
1351 1074 1579 1171 permittente
1596 1098 1637 1145 ac
1654 1073 1880 1172 disponente.
1901 1106 1919 1144 c
1933 1082 2028 1147 Hora

448 1208 564 1265 vestra
580 1195 671 1265 sicut
688 1208 723 1264 et
740 1217 832 1264 mea.
849 1221 866 1259 v
886 1196 1012 1264 Vestra
1027 1192 1174 1289 quidem
1199 1192 1245 1264 ad
1267 1192 1511 1291 perdendum,
1539 1217 1620 1264 mea
1635 1217 1722 1265 vero
1739 1193 1786 1266 ad
1802 1194 2024 1267 salvandum.

451 1343 467 1379 a
486 1317 642 1383 Potestas
659 1311 906 1401 tenebrarum,
922 1340 939 1378 v
959 1310 1030 1382 hoc
1047 1326 1100 1382 est
1116 1311 1219 1382 vobis
1235 1313 1336 1383 caecis
1349 1337 1369 1384 a
1381 1337 1439 1382 mc
1455 1313 1534 1409 ipso
1551 1313 1588 1383 in
1604 1338 1662 1384 me
1675 1313 1860 1413 permissa.
1880 1315 1917 1384 si
1933 1315 2027 1386 enim

448 1435 719 1529 cognovissent,
739 1457 926 1530 nunquam
940 1431 1059 1528 gloriae
1071 1433 1269 1504 Dominum
1288 1431 1554 1505 cmcifrxissent.
1577 1464 1595 1502 κ
1615 1439 1692 1506 Hoc
1709 1450 1829 1508 autem
1847 1450 1984 1524 totum,
2008 1466 2025 1502 n

448 1553 493 1623 de
514 1550 680 1648 captione
702 1551 835 1622 scilicet
858 1551 1022 1639 Domini,
1051 1565 1087 1621 et
1107 1550 1314 1650 proditione
1339 1550 1450 1660 deae.
1475 1556 1556 1622 Haec
1582 1553 1690 1623 etiam
1717 1551 1826 1626 verba
1852 1577 1928 1624 non
1955 1568 2026 1625 tam

448 1674 668 1770 evangelistae
689 1698 799 1771 quam
823 1672 970 1744 Domini
995 1696 1071 1744 esse
1095 1671 1275 1744 videntur.
1297 1671 1401 1744 Unde
1424 1687 1459 1743 et
1483 1671 1648 1744 subditur
1671 1701 1679 1744 ε
1704 1702 1721 1741 n
1742 1678 1841 1745 Tunc
1864 1673 2027 1771 discipuli

447 1818 586 1864 ornnes.
605 1822 622 1860 v
643 1798 691 1864 Ac
708 1795 736 1864 si
753 1792 931 1864 diceretur
948 1820 956 1862 :
973 1795 1094 1880 Quum
1111 1816 1194 1863 eum
1213 1792 1379 1864 audirent
1394 1815 1550 1864 asserere
1571 1791 1617 1862 de
1639 1816 1705 1863 sua
1728 1792 1895 1890 passione
1919 1793 2028 1864 sanci·

446 1925 522 1981 turn
541 1913 577 1982 in
594 1911 780 2010 prophetis
805 1936 898 1999 esse,
919 1936 985 1982 nec
1011 1910 1187 1984 ullatenus
1204 1912 1254 1984 eis
1270 1910 1467 1982 vindictam
1483 1911 1707 2010 permittere,
1727 1909 1910 2006 fugemnt,
1930 1911 2028 1982 inno·

446 2047 549 2104 cente
565 2033 683 2130 impiis
700 2032 883 2120 derelicto,
903 2047 939 2104 et
953 2031 1046 2131 lupis
1063 2057 1169 2128 agno.
1189 2038 1266 2104 Hoc
1283 2034 1381 2104 enim
1397 2035 1524 2131 etipse
1540 2032 1751 2132 praedixerat
1767 2057 1809 2103 ex
1824 2033 2027 2105 testimonio

445 2151 642 2250 prophetiEae
659 2151 826 2224 dicentis¹
842 2180 850 2221 ε
866 2181 884 2218 o
896 2153 1094 2224 Percutiam
1110 2167 1305 2250 pastorem,
1325 2167 1360 2223 et
1378 2151 1627 2250 dispergentur
1642 2177 1729 2223 oves
1746 2153 1872 2248 gregis.
1889 2180 1906 2219 s
1926 2156 2028 2221 Hunc

445 2269 709 2341 adolescentem
727 2269 874 2368 quidam
890 2269 1092 2366 intelligunt
1112 2275 1289 2342 Joannem
1309 2265 1533 2369 praecaeteris
1549 2271 1744 2341 aDomino
1761 2269 1950 2356 dilectum,
1969 2269 2028 2365 qni

444 2389 578 2460 caeteris
590 2389 714 2485 junior
730 2389 935 2475 aestimatur,
955 2387 1120 2458 nonnulli
1137 2388 1310 2459 Jacobum
1328 2387 1473 2468 lratrem
1490 2389 1650 2459 Domini.
1668 2387 1764 2459 Beda
1780 2391 1819 2458 in
1836 2391 1960 2457 Marco
1976 2411 2029 2457 su·

342 2517 344 2522 '
444 2535 509 2606 per
523 2509 622 2580 hunc
638 2509 801 2580 locnm':
822 2509 939 2595 «Quis
956 2509 1021 2600 iste
1037 2507 1245 2578 adolescens
1262 2507 1384 2596 suerit,
1405 2507 1619 2603 evangelista
1636 2533 1711 2578 uon
1730 2506 1829 2577 dicit.
1854 2537 1872 2575 a
1892 2511 1998 2579 ltem³
2018 2533 2025 2572 :

445 2659 463 2696 «
486 2633 608 2728 Neque
624 2627 758 2725 aliquid
778 2642 875 2698 vetat
896 2625 1043 2721 intelligi
1058 2625 1156 2696 hunc
1173 2631 1359 2697 loannem.
1384 2654 1401 2693 u
1425 2627 1594 2696 Jcremias
1615 2627 1653 2696 in
1674 2627 1806 2697 minori
1825 2629 2024 2714 Breviari0,

442 2748 569 2845 psalm.
590 2772 700 2818 xxxvr
722 2776 729 2818 :
752 2777 770 2816 a
791 2746 903 2818 Judaei
919 2747 993 2816 vim
1011 2744 1188 2818 iaciebant
1203 2745 1260 2816 vel
1277 2750 1380 2816 Petro
1398 2770 1512 2840 quum
1529 2745 1715 2817 dicerent:
1737 2775 1755 2814 n
1773 2750 1863 2818 Nam
1878 2760 1915 2817 et
1930 2763 1971 2818 tu
1986 2773 2027 2818 ex

445 2901 462 2936 «
472 2869 538 2941 illis
547 2895 584 2942 es
596 2898 604 2957 ;
620 2898 637 2936 n
651 2868 708 2939 vel
719 2867 867 2956 Jacob0,
883 2867 944 2964 qui
956 2890 1068 2963 quum
1081 2865 1295 2955 traderetur,
1308 2865 1461 2936 sindone
1471 2864 1611 2954 relicta,
1624 2865 1743 2938 nudus
1755 2867 1902 2963 aufugit.
1914 2895 1932 2934 n
1946 2871 2027 2939 vsu·

441 3016 506 3088 per
523 2990 642 3078 nudo,
659 3019 676 3057 n
695 2989 762 3061 sub
780 2991 858 3087 ipso
875 2989 1064 3076 existente,
1079 3012 1192 3084 quum
1209 3011 1316 3084 super
1327 2986 1518 3057 sindonem
1529 2986 1668 3058 nullum
1681 2986 1830 3059 haberet
1842 2988 2027 3062 indumen·

442 3128 531 3183 tum.
551 3112 722 3184 Fortassis
740 3110 837 3180 enim
856 3107 901 3181 ad
919 3108 1141 3179 dominicum
1163 3107 1300 3180 dietum
1322 3109 1480 3183 tunicam
1501 3131 1620 3196 suam,
1644 3108 1701 3179 vel
1723 3107 1820 3179 aliud
1842 3108 2029 3182 indumen·
2071 3097 2089 3125 '

442 3245 520 3300 tum
540 3255 608 3328 pro
630 3227 749 3324 gladio
770 3225 925 3298 emendo
951 3224 1115 3314 dederat,
1144 3226 1200 3296 vel
1224 3251 1293 3324 pro
1317 3225 1517 3297 mutuando
1542 3241 1724 3324 posuerat.
1744 3225 1853 3312 Quod
1874 3226 2023 3298 dicitur:

446 3377 462 3413 a
477 3353 682 3418 'senuerunt
698 3371 794 3434 eurn,
811 3373 828 3413 u
848 3368 972 3440 quum,
993 3344 1126 3414 caeteris
1139 3345 1215 3439 jam
1231 3343 1411 3441 dispersis,
1430 3368 1514 3414 eum
1530 3359 1738 3441 sequentem
1756 3347 1959 3417 invenirent
1974 3372 2030 3418 so·

441 3467 517 3537 lum
527 3482 717 3565 ,patenter
734 3465 896 3535 innuitur
912 3488 1139 3561 nequaquam
1156 3488 1218 3534 eos
1236 3463 1343 3536 luisse
1365 3489 1470 3536 ausos
1491 3464 1635 3560 aggredi
1657 3466 1857 3564 apostoloS,
1877 3465 1965 3538 dum
1986 3469 2030 3538 si·

443 3585 517 3655 mul
535 3585 662 3656 armati
679 3585 837 3654 Domino
854 3583 1069 3654 assisterent.

491 3702 630 3774 Cohors
646 3729 751 3799 ergo,
770 3718 805 3773 et
822 3701 1003 3790 tribunus,
1023 3717 1058 3773 et
1075 3702 1227 3774 ministri
1244 3702 1462 3792 Judaeorum,
1481 3729 1544 3801 qur
1533 3673 1875 3803 'apprehenderunt
1891 3707 2026 3792 Jesum,

441 3825 639 3918 ligaverunt
665 3848 766 3911 eurn,
795 3838 830 3893 et
856 3821 1082 3894 adduxerunt
1106 3822 1151 3894 ad
1175 3826 1315 3896 Annam
1340 3825 1510 3922 primum.
1535 3823 1712 3896 Tribunus
1736 3825 1878 3896 cohorti
1906 3824 2029 3920 gentili

441 3959 602 4043 praeerat.
622 3945 760 4015 Dicitur
776 3958 895 4015 autem
912 3943 1120 4016 tribunus'
1092 3969 1167 4014 srve
1184 3969 1205 4016 a
1222 3944 1353 4032 tribus,
1372 3944 1429 4016 vel
1446 3970 1466 4016 a
1482 3944 1665 4034 tribubus,
1684 3944 1722 4016 id
1739 3961 1793 4016 est
1808 3944 1971 4044 plebibus
1991 3959 2029 4016 et

441 4065 652 4138 minoribus.
682 4069 765 4136 Tres
787 4065 921 4162 quippe
943 4047 1151 4160 hujusmodi
1172 4065 1335 4164 praelatos
1357 4065 1487 4136 dicitur
1503 4067 1660 4164 primum
1679 4089 1851 4137 romanus
1871 4064 2030 4164 populus

439 4187 507 4258 sibi
520 4188 791 4286 praecepissent
804 4184 1110 4283 quemadmodum
1125 4185 1233 4257 duces
1248 4186 1496 4275 militibus,'1ta
1509 4187 1565 4258 isti
1578 4203 1770 4285 praeessent
1781 4186 1956 4284 plebibus.
1974 4189 2030 4257 Li·

440 4324 611 4403 gaverunt
628 4333 710 4380 eum
727 4322 899 4404 tanquam
917 4331 959 4377 ex
974 4306 1125 4378 consilio
1142 4305 1234 4379 illius
1250 4332 1313 4403 qu1
1303 4306 1488 4380 dixerat:
1503 4336 1521 4375 v
1534 4312 1578 4378 Et
1591 4307 1710 4378 ducite
1727 4321 1849 4396 caute,
1869 4330 1915 4378 ne
1931 4307 2032 4378 vide·

438 4428 520 4498 licet
535 4442 655 4525 posset
672 4425 838 4522 effugere.
851 4455 868 4492 u
892 4429 924 4495 Ο
941 4423 1039 4497 caeci!
1060 4426 1251 4525 nunquid
1241 4452 1271 4497 rs
1288 4427 1350 4523 qui
1366 4450 1490 4498 aurem
1507 4441 1582 4498 tam
1598 4427 1670 4498 cito
1687 4427 1857 4513 restituit,
1881 4426 2031 4498 vincula

439 4548 632 4620 dissolvere
649 4573 724 4618 non
742 4562 879 4645 posset,
898 4571 928 4618 sr
918 4546 1070 4618 vellet?
1086 4547 1157 4619 Sed
1172 4546 1317 4619 vincula
1333 4549 1484 4619 sustinet
1504 4548 1716 4645 impiorum,
1735 4561 1775 4617 ut
1791 4547 1829 4620 in
1847 4548 1948 4617 omni
1964 4572 2032 4645 pa·

439 4668 560 4738 tientia
579 4665 764 4763 probatus,
786 4664 926 4737 vincula
942 4664 1097 4737 solveret
1111 4681 1355 4764 peccatorum.
1375 4667 1519 4762 Ligatur
1536 4691 1557 4738 a
1574 4667 1683 4738 servis
1704 4666 1881 4736 Dominus
1898 4664 1946 4736 ad
1962 4665 2033 4736 ho·

438 4812 608 4883 ram,qu1
600 4786 755 4857 lortem
773 4800 949 4857 armatum
960 4784 1123 4880 religaret
1134 4786 1339 4884 perenniter
1350 4801 1524 4858 satanam.
1539 4787 1688 4858 Vinctus
1704 4799 1745 4856 ut
1757 4784 1848 4856 latro
1862 4763 2029 4874 ducitur,

472 5088 600 5138 *zachae
605 5101 683 5154 ..cap
697 5105 757 5150 rut,
772 5107 795 5140 v.
810 5093 875 5140 7.-
889 5089 967 5142 'vich
987 5089 1129 5142 venuabilh
1147 5089 1220 5142 Beda
1238 5091 1310 5156 opp„
1329 5091 1437 5142 Colonia
1456 5089 1612 5158 Agrippina,
1629 5091 1705 5150 ¹612,
1720 5089 1761 5139 in·
1745 5087 1817 5152 -.,lol
1827 5085 2034 5148 t.V,col.197.

438 5176 579 5238 -³1bid.,
592 5176 652 5227 ibid.
809 5179 814 5190 '
