4510 6108
1013 612 1142 684 PETRI
1168 613 1399 685 ABAELARDl

900 1011 958 1097 IN
994 1010 1088 1099 DIE
1122 1008 1517 1100 PENTECOSPES.

1089 1281 1200 1328 SERMO
1225 1281 1324 1327 xvnt.

462 1465 549 1532 Duae
571 1477 655 1534 sunt
677 1463 919 1535 solemnitates
945 1462 1135 1536 dominicae
1158 1481 1233 1537 tam
1258 1465 1468 1537 auctoritate
1492 1443 1686 1562 praeclara,
1714 1489 1822 1561 quam
1849 1464 1997 1536 utilitate

412 1585 610 1682 praecipuae.
636 1589 697 1655 Hae
722 1609 808 1656 vero
831 1600 915 1656 sunt
938 1584 1073 1657 Pascha
1093 1600 1129 1657 et
1154 1591 1382 1674 Pentecoste,
1410 1609 1489 1682 quae
1513 1599 1586 1656 tam
1617 1586 1653 1655 in
1679 1585 1798 1657 Veteri
1823 1609 1933 1681 quam
1959 1587 1994 1655 in

414 1709 516 1776 Novo
532 1707 674 1778 sancitae
693 1721 777 1778 sunt
789 1711 1027 1779 Testamento.
1045 1709 1118 1778 Etsi
1129 1709 1227 1778 enim
1239 1708 1337 1806 prior
1352 1706 1506 1806 populus
1518 1705 1698 1810 Abraham
1710 1707 1821 1803 magis
1830 1706 1995 1778 umbram

412 1850 534 1898 rerum
549 1851 659 1925 quam
683 1829 868 1900 veritatem
888 1827 1057 1917 haberet,
1082 1853 1149 1899 nec
1175 1827 1308 1901 Pascha
1332 1844 1469 1916 tamen,
1498 1853 1564 1899 nec
1586 1833 1818 1900 Pentecosten
1841 1831 1996 1926 mysticis

412 1945 488 2040 ejus
506 1943 626 2042 figuris
641 1945 793 2018 defuisse
811 1961 948 2017 certum
962 1961 1026 2018 est.
1051 1945 1104 2017 Illi
1119 1947 1266 2045 quippe,
1281 1961 1322 2018 ut
1337 1947 1383 2019 de
1396 1947 1564 2018 servitute
1576 1945 1813 2019 liberarentur
1827 1951 1992 2046 aegyptia,

412 2055 569 2162 prinlum
587 2064 721 2137 Pascha
733 2066 770 2136 in
784 2071 937 2164 AEgypto
956 2065 1245 2156 celebraverunt,
1261 2091 1357 2139 assas
1370 2067 1444 2163 igni
1458 2090 1583 2138 carnes
1596 2092 1679 2138 curn
1697 2067 1843 2139 lactucis
1858 2071 1997 2164 agresti·

411 2185 479 2256 bus
508 2185 747 2258 immolantes.
779 2187 866 2257 Inde
891 2185 1164 2283 quadragesimo
1191 2185 1268 2276 die,
1297 2187 1334 2256 in
1361 2200 1485 2257 monte
1514 2188 1610 2257 Sinai
1632 2185 1711 2282 lege
1725 2201 1907 2283 suscepta,
1925 2187 1994 2258 ritu

412 2305 645 2402 postmodum
663 2321 839 2404 perpetuo
854 2305 950 2377 diem
969 2309 1213 2394 Pentecostes,
1232 2305 1270 2377 id
1287 2321 1340 2377 est
1355 2306 1656 2402 quinquagesimae
1673 2304 1819 2400 singulis
1836 2306 1938 2377 annis
1954 2332 1994 2378 ex

413 2423 598 2517 dominico
608 2424 878 2497 celebraverunt
886 2433 1077 2524 praecepto.
1098 2429 1126 2494 Α
1141 2424 1275 2498 Pascha
1285 2426 1418 2524 quippe
1427 2439 1564 2522 septem
1575 2423 1823 2496 hebdomadas
1834 2424 1991 2514 dierum,

412 2543 450 2615 id
460 2558 513 2616 est
523 2545 783 2641 quinquaginta
792 2544 869 2615 dies
878 2545 967 2640 jussi
976 2558 1060 2616 sunt
1068 2559 1290 2643 computare,
1303 2560 1339 2616 et
1348 2569 1390 2616 ex
1399 2559 1485 2616 tunc
1495 2542 1758 2615 solemnitatem
1771 2548 1994 2616 Pentecostes

412 2661 608 2753 celebrare,
627 2663 775 2761 quando
789 2664 827 2734 in
839 2665 1065 2762 susceptione
1079 2663 1165 2760 legis
1178 2664 1290 2760 digito
1307 2665 1373 2735 Dei
1386 2664 1537 2761 scripte,
1553 2677 1791 2762 perceperunt
1803 2666 1993 2740 aDomino

410 2783 561 2882 potioris
572 2783 712 2856 donum
728 2784 859 2881 gratiae.
879 2785 988 2880 Cujus
1002 2783 1149 2881 quidem
1161 2785 1279 2880 gratiae
1290 2784 1560 2882 prerogativam
1577 2782 1667 2854 nulli
1684 2799 1770 2854 tunc
1784 2781 1842 2854 alii
1858 2783 1993 2881 populo

411 2928 619 2977 concessam
636 2905 819 2977 Psalmista
835 2905 1086 2993 considerans,
1106 2920 1141 2977 et
1159 2904 1245 2976 hinc
1261 2905 1414 2994 masinae
1430 2903 1605 3002 populum
1621 2903 1722 2975 illum
1739 2903 1786 2976 ad
1803 2906 1992 3000 gratiamm

411 3023 589 3096 actionem
604 3024 814 3115 exhortans,
830 3050 944 3123 quum
955 3023 1192 3122 praemisisset¹
1211 3050 1218 3093 :
1241 3051 1258 3090 a
1274 3021 1413 3113 Lauda,
1428 3021 1636 3113 Jerusalem,
1654 3022 1869 3112 Dominum,
1889 3022 1993 3098 lauda

411 3149 528 3219 Deum
539 3162 654 3235 tuum,
670 3147 769 3234 Sion,
781 3173 800 3213 n
811 3146 910 3217 unde
921 3144 959 3216 id
971 3145 1149 3244 praecipue
1162 3143 1291 3217 debeat
1304 3142 1499 3240 subjunxit,
1512 3158 1618 3240 atque
1631 3144 1681 3216 ita
1692 3145 1990 3216 consummavit¹:

411 3268 511 3354 «Qui
532 3267 722 3340 annuntiat
743 3265 895 3338 verbum
916 3289 1022 3336 suum
1037 3263 1169 3353 Jacob,
1195 3265 1347 3360 justitias
1372 3279 1408 3335 et
1429 3263 1564 3359 judicia
1586 3289 1650 3335 sua
1668 3263 1786 3336 lsrael.
1813 3267 1892 3334 Non
1914 3264 1994 3336 lecit

407 3387 523 3461 taliter
540 3388 642 3460 omni
658 3387 813 3475 nationi,
826 3401 861 3459 et
868 3384 1004 3482 judicia
1016 3409 1080 3457 sua
1094 3379 1420 3458 nonmanilestavit
1434 3386 1496 3456 eis.
1510 3412 1528 3451 u
1542 3389 1643 3456 Hane
1655 3400 1691 3456 et
1705 3383 1833 3457 Paulus
1845 3385 1992 3480 gratiam

408 3508 515 3605 longe
532 3509 666 3580 caeteris
685 3507 874 3606 praelereus
890 3507 1036 3579 donis⁸z
1058 3537 1076 3575 a
1089 3507 1204 3598 Quid,
1221 3537 1238 3576 u
1256 3509 1385 3605 inquit,
1408 3507 1591 3606 «amplius
1612 3522 1665 3599 est
1680 3507 1816 3597 ludaeo,
1836 3523 1899 3580 aut
1916 3533 1992 3606 quae
2017 3510 2019 3514 ’

408 3626 541 3700 utilitas
557 3626 859 3720 circumcisionis?
873 3626 1024 3698 Multum
1043 3651 1107 3724 per
1125 3651 1272 3698 omnem
1288 3627 1452 3699 modum.
1472 3627 1632 3698 Primum
1648 3627 1795 3724 quidem
1812 3627 1896 3724 quia
1916 3652 1991 3699 cre·

409 3744 485 3818 dita
499 3760 583 3818 sunt
599 3744 668 3818 illis
684 3745 827 3843 eloquia
843 3747 952 3817 Dei.»
970 3751 1019 3817 dc
1032 3747 1062 3818 si
1074 3761 1196 3844 aperte
1213 3747 1309 3820 dicat
1330 3775 1338 3818 ε
1358 3752 1435 3819 Hoc
1453 3747 1606 3858 amplius
1624 3761 1660 3818 et
1679 3745 1751 3818 hoc
1767 3748 1942 3846 primum,
1957 3747 1992 3817 id

409 3878 462 3936 est
483 3865 679 3935 maximum
698 3863 854 3954 donum,
870 3864 1035 3961 judaicus
1054 3865 1210 3964 populus
1225 3891 1298 3964 prae
1314 3866 1448 3937 caeteris
1464 3867 1656 3937 aDomino
1676 3865 1822 3953 habuit,
1843 3865 1944 3962 quod
1961 3867 1992 3937 ei

406 3985 543 4058 credita
564 4000 664 4074 sunt,
688 3986 725 4058 id
743 4001 797 4058 est
813 3987 1005 4058 commissa
1027 3988 1160 4086 scripta
1180 3986 1315 4059 divina.
1341 3987 1445 4059 Unde
1466 4001 1501 4058 et
1522 3986 1618 4058 idem
1640 3984 1840 4085 apostolus,
1862 3985 1991 4058 hortun

405 4107 621 4204 scriptorum
640 4106 792 4205 amplius
808 4108 993 4180 scientiam
1011 4085 1192 4205 adeptus,
1209 4106 1256 4179 ad
1274 4106 1369 4178 hanc
1389 4105 1652 4178 solemnitatem
1669 4110 1897 4177 Pentecostes
1912 4105 1991 4204 plu·

407 4226 539 4298 rimum
555 4225 749 4316 anhelans,
768 4252 852 4298 cum
870 4252 1012 4298 summo
1029 4251 1175 4324 quoque
1190 4225 1350 4324 periculo
1367 4227 1447 4298 vitae
1463 4250 1543 4297 earn
1555 4225 1785 4322 lerosolymis
1805 4225 1992 4298 festinabat

404 4345 604 4436 celebrare,
631 4349 722 4417 sicut
749 4347 786 4416 in
814 4345 957 4417 Actibus
979 4345 1230 4443 Apostolorum
1252 4345 1308 4416 his
1328 4347 1534 4416 continetur
1556 4343 1716 4415 verbist:
1744 4344 1992 4441 «Navigantes

404 4468 566 4564 sequenti
584 4467 643 4538 die
659 4466 821 4538 venimus
838 4481 965 4538 contra
979 4465 1123 4554 Chium,
1138 4480 1175 4536 et
1192 4465 1261 4538 alia
1275 4465 1347 4554 die,
1362 4464 1598 4563 applicuimus
1611 4466 1771 4552 Samum,
1786 4478 1821 4535 et
1831 4466 1990 4560 sequenti

404 4588 475 4677 die,
489 4587 653 4660 venimus
665 4587 863 4658 Miletum.»
882 4590 1121 4684 Proposuerat
1132 4587 1229 4656 enim
1245 4585 1372 4658 Paulus
1385 4585 1652 4681 transnavigare
1666 4583 1860 4682 Ephesum,
1877 4609 1990 4681 neque

405 4730 508 4778 mora
523 4705 574 4776 illi
596 4705 696 4778 lieret
719 4705 757 4776 in
774 4705 866 4777 Asia.
889 4704 1092 4776 Festinabat
1108 4705 1225 4790 enirn,
1244 4705 1274 4776 si
1294 4702 1464 4802 possibile
1479 4702 1547 4774 sibi
1564 4717 1673 4790 esset,
1690 4717 1730 4773 ut
1746 4701 1850 4773 diem
1865 4706 1988 4773 Pente·

405 4841 520 4898 costes
538 4826 669 4898 laceret
681 4825 923 4923 ierosolymis.
947 4831 975 4896 Α
993 4819 1114 4896 Mileto
1130 4839 1251 4897 autem
1266 4825 1446 4894 mittentes
1462 4821 1660 4920 Ephesum,
1680 4823 1821 4892 vocavit
1840 4822 1988 4918 majores

408 4961 494 5018 natu
514 4945 689 5018 Ecclesiae.
712 4948 782 5033 Qui
803 4970 916 5043 quum
934 4945 1115 5016 venissent
1134 4944 1181 5017 ad
1202 4969 1302 5032 eum,
1326 4958 1362 5015 et
1383 4933 1488 5014 simul
1509 4957 1643 5030 esseut,
1667 4941 1840 5012 dixit'eis⁸
1861 4968 1869 5010 :
1888 4946 1988 5013 «Vos

435 5209 443 5236 ⁴
464 5210 552 5261 Psalm.
566 5227 657 5271 cxcvii,
669 5227 692 5260 v.
707 5207 800 5261 12.-¹
812 5209 887 5274 lbid.,
899 5227 922 5262 v.
938 5214 1010 5262 ts-
1019 5211 1120 5292 ¹·n0m„
1131 5225 1187 5277 cap.
1200 5226 1242 5272 ru,
1252 5226 1275 5261 v.
1291 5213 1351 5258 1.-
1362 5209 1373 5236 ⁴
1383 5212 1436 5261 Act.
1447 5213 1542 5274 Aport„
1556 5223 1611 5275 cap.
1626 5225 1659 5259 xx
1670 5247 1676 5270 ,
1689 5225 1711 5258 v.
1727 5209 1763 5259 15.
1774 5235 1801 5244 -
1812 5205 1937 5271 'lbid.,v.
1950 5207 1983 5255 18.
