4520 6104
908 681 1144 754 EPlSTOLAE·
1750 687 1815 759 20t

238 813 313 886 haec
330 818 453 888 omnia
469 843 546 892 esse
563 819 720 918 'duplicia
740 821 974 915 indumenta,
996 827 1087 896 sicut
1099 825 1144 898 ad
1164 825 1314 898 litteram
1327 827 1364 897 in
1378 825 1484 900 laude
1503 828 1603 898 fortis
1619 842 1654 898 et
1666 828 1825 926 providae

239 933 397 1006 mulieris
425 937 595 1010 Salomon
618 941 686 1011 ait¹
715 967 724 1012 z
758 971 775 1010 u
793 945 873 1014 Non
900 944 1039 1016 timebit
1056 943 1182 1017 domui
1205 971 1276 1018 suae
1300 971 1322 1022 a
1347 945 1536 1044 frigoribus
1554 945 1656 1017 nivis.
1690 949 1825 1019 Omnes

238 1054 333 1126 enirn
349 1056 540 1158 'domestici
558 1060 634 1156 ejus
649 1061 764 1134 vestiti
783 1062 997 1160 duplicibus.
1019 1093 1037 1133 u
1057 1069 1222 1153 Quorum
1239 1069 1287 1137 ita
1305 1067 1350 1155 sit
1368 1064 1551 1139 moderata
1564 1066 1771 1164 longitudo,
1787 1083 1827 1140 ut

239 1173 329 1246 ultra
353 1199 452 1248 oram
480 1179 690 1252 sotularium
710 1207 785 1254 non
815 1183 1033 1281 procedant,
1066 1210 1112 1256 ue
1138 1185 1323 1284 pulverem
1352 1201 1530 1258 moveant.
1564 1187 1709 1258 Manicae
1740 1211 1824 1260 vero

238 1298 480 1370 extensionem
499 1300 728 1375 brachiorum
746 1320 782 1377 et
805 1330 977 1378 manuum
1000 1331 1075 1379 non
1091 1308 1276 1380 excedant.
1291 1309 1414 1380 Crura
1430 1333 1517 1379 vero
1532 1324 1567 1381 et
1579 1308 1689 1407 pedes
1707 1307 1826 1408 caligae

238 1415 385 1511 pedules
406 1436 441 1491 et
462 1422 635 1494 sotulares
656 1427 831 1498 muniant.
853 1431 925 1498 Nec
943 1452 1103 1524 unquam
1122 1430 1310 1500 occasione
1327 1428 1506 1526 religionis
1524 1429 1629 1502 uudae
1649 1429 1759 1528 pedes
1776 1431 1827 1502 in·

237 1537 379 1609 cedant.
397 1545 437 1610 ln
451 1538 549 1614 lectis
564 1545 709 1616 culcitra
727 1569 822 1636 una,
838 1545 1025 1644 pulvinar,
1040 1548 1256 1639 auriculare,
1271 1547 1370 1620 lodix
1383 1564 1418 1621 et
1430 1547 1617 1620 linteolum
1634 1547 1821 1622 sufficiant.

236 1660 352 1756 Caput
370 1671 455 1730 vero
475 1665 638 1736 muniant
660 1663 745 1735 vitta
765 1665 939 1757 candida,
963 1682 999 1739 et
1025 1667 1142 1738 velum
1162 1667 1316 1766 desuper
1334 1669 1497 1765 nigrum,
1527 1684 1563 1740 et
1587 1691 1654 1766 pro
1678 1683 1823 1740 tonsura

237 1777 448 1877 capillorum
468 1783 601 1879 pileum
622 1784 812 1879 agninum,
834 1787 949 1883 quum
972 1812 1062 1886 opus
1084 1787 1187 1859 suerit
1207 1803 1442 1886 supponatur.

287 1907 360 1974 Nee
385 1903 422 1974 in
448 1903 544 1975 victu
569 1920 708 1977 tantum
734 1923 794 1979 aut
816 1910 943 1980 vestitu
969 1909 1193 2009 superfluitas
1211 1911 1383 2003 evitetur,
1413 1935 1539 1984 verum
1557 1925 1592 1981 et
1614 1911 1651 1981 in
1671 1907 1825 2002 aedificiis
1915 1899 1920 1908 ’

236 2041 299 2095 aut
327 2023 542 2121 quibuslibet
571 2027 868 2123 possessionibus.
903 2034 942 2100 ln
972 2030 1128 2104 aedificiis
1149 2029 1295 2128 quidem
1325 2032 1397 2103 hoc
1431 2030 1614 2103 manifeste
1644 2028 1823 2127 dignosci-

236 2159 315 2234 tur,
342 2146 370 2216 si
397 2169 438 2217 ea
466 2143 602 2241 majora
628 2145 684 2216 vel
705 2147 910 2244 pulchriora
933 2175 1042 2246 quam
1064 2175 1209 2223 necesse
1232 2151 1278 2222 sit
1303 2165 1591 2249 componantur,
1619 2149 1681 2221 vel
1703 2152 1732 2221 si
1757 2174 1824 2220 nos

236 2265 310 2362 ipsa
339 2264 527 2364 sculpturis
552 2262 609 2334 vel
634 2265 782 2362 picturis
808 2284 997 2359 omautes,
1030 2294 1104 2342 non
1131 2269 1331 2343 habitacula
1357 2295 1555 2370 pauperum
1584 2268 1821 2368 aedificemus,

235 2385 299 2459 sed
325 2384 454 2483 palatia
472 2409 596 2481 regum
618 2377 807 2481 erigamus'.
841 2415 858 2455 u
879 2389 985 2460 Filius
1002 2379 1178 2480 hominis,
1194 2418 1212 2458 u
1239 2391 1355 2488 inquit
1376 2391 1614 2489 Hieronymus
1635 2396 1668 2482 ¹,
1703 2420 1721 2459 u
1748 2416 1822 2462 non

234 2505 344 2577 habet
364 2503 425 2576 ubi
447 2517 553 2602 caput
583 2501 749 2594 reclinet,
783 2523 818 2579 et
844 2523 881 2579 tu
907 2510 1044 2608 amplas
1075 2510 1235 2610 porticus
1265 2527 1301 2584 et
1323 2512 1478 2609 iugentia
1505 2527 1681 2584 tectorum
1711 2514 1823 2610 spatia
1856 2503 1861 2514 ’

202 2687 214 2706 ,
235 2627 394 2698 metiris?
406 2655 423 2693 u
437 2632 558 2716 Quum
574 2630 737 2727 pretiosis
749 2628 806 2700 vel
823 2628 982 2727 pulchris
999 2630 1219 2703 delectamur
1240 2633 1468 2730 equitatoria,
1483 2659 1557 2706 nou
1572 2632 1689 2706 solum
1702 2659 1824 2730 super·
1928 2689 1930 2694 .

234 2749 373 2839 fluitas,
414 2748 476 2820 sed
502 2747 665 2821 elationis
698 2751 833 2822 vanitas
862 2751 1064 2823 innotescit.
1097 2756 1219 2840 Quum
1243 2768 1361 2826 autem
1390 2754 1596 2826 animalium
1623 2780 1745 2852 greges
1767 2755 1824 2827 vel

234 2885 392 2942 terrenas
422 2870 697 2968 multiplicamus
720 2871 984 2971 possessiones,
1008 2887 1092 2944 tunc
1113 2897 1151 2945 se
1174 2873 1220 2945 ad
1239 2877 1412 2946 exteriora
1437 2874 1560 2946 dilatat
1584 2875 1732 2947 ambitio
1755 2904 1763 2945 :
1789 2892 1823 2948 et

233 3006 370 3087 quanto
387 2991 490 3089 plura
508 2991 732 3089 possidemus
749 2993 785 3062 in
805 3007 921 3081 terra,
942 3007 1042 3064 tauto
1060 2993 1210 3091 amplius
1224 2993 1270 3065 de
1286 2996 1370 3092 ipsis
1383 2995 1538 3091 cogitare
1551 2997 1736 3092 cogimur,
1757 3013 1821 3067 eta

233 3110 539 3208 contemplatione
558 3110 754 3182 coelestium
780 3111 1010 3182 devocamur.
1033 3117 1078 3183 Et
1103 3112 1184 3184 licet
1203 3137 1356 3212 corpore
1380 3115 1539 3187 claustris
1565 3115 1819 3205 recludamur,

230 3231 308 3302 haec
329 3247 446 3302 tamen
466 3255 545 3328 quae
564 3231 649 3302 loris
666 3246 749 3302 sunt
763 3285 781 3322 ,¹
793 3247 828 3302 et
844 3231 955 3328 diligit
973 3233 1134 3323 animus,
1158 3235 1258 3332 sequi
1274 3235 1435 3332 cogitur,
1454 3251 1543 3307 etse
1560 3237 1692 3335 pariter
1703 3237 1776 3308 huc
1788 3253 1823 3308 et

231 3351 315 3424 illuc
342 3376 425 3422 cum
447 3350 512 3422 illis
534 3351 724 3441 diffundit,
755 3367 788 3423 et
806 3377 880 3449 quo
898 3352 1001 3450 plura
1023 3353 1252 3451 possidentur
1272 3379 1350 3453 quae
1372 3356 1485 3427 amitti
1501 3372 1674 3455 possunt,
1696 3357 1823 3454 majori

231 3496 299 3542 nos
321 3486 419 3542 metu
436 3472 619 3560 cruciaut3
646 3487 680 3542 et
702 3496 775 3568 quo
800 3473 1009 3570 pretiosiora
1030 3489 1132 3565 sunt,
1155 3474 1308 3573 amplius
1331 3474 1546 3572 diliguntur,
1567 3493 1604 3548 et
1627 3476 1822 3549 ambitione

230 3593 285 3662 sui
299 3591 469 3662 miserum
481 3592 592 3688 magis
605 3591 796 3688 illaqueant
809 3593 982 3663 animum.
1003 3593 1107 3664 Unde
1121 3595 1271 3665 omniuo
1283 3594 1548 3694 providendum
1565 3612 1630 3688 est,
1647 3612 1685 3668 ut
1697 3597 1821 3669 domui

230 3726 361 3782 nostrae
376 3710 646 3808 sumptibusque
664 3713 793 3782 nostris
811 3727 947 3782 certum
971 3711 1194 3809 praefigamus
1219 3713 1391 3806 modum,
1418 3739 1484 3786 nec
1502 3740 1607 3814 supra
1627 3720 1822 3790 necessaria

230 3831 287 3902 vel
302 3846 512 3928 appetamus
530 3831 646 3928 aliqua
661 3883 671 3918 ,
694 3830 750 3902 vel
766 3831 977 3929 recipiamus
991 3831 1109 3902 oblata
1124 3886 1133 3921 ,
1148 3832 1204 3903 vel
1219 3835 1435 3906 retineamus
1447 3851 1621 3935 suscepta.
1637 3839 1821 3937 Quidquid

227 3953 327 4023 euim
353 3954 551 4024 necessitati
577 3967 759 4050 superest,
791 3953 827 4022 in
848 3955 971 4050 rapina
994 3953 1238 4050 possidemus,
1263 3969 1298 4025 et
1318 3970 1372 4026 tot
1396 3980 1596 4057 pauperum
1617 3961 1742 4030 mertis
1772 3963 1821 4032 rei

224 4104 377 4169 sumus,
413 4093 502 4177 quot
529 4079 613 4150 inde
642 4093 839 4150 sustentare
872 4079 1066 4176 potuimus.
1095 4077 1247 4175 Singulis
1276 4079 1382 4176 igitur
1405 4081 1507 4151 annis
1533 4107 1645 4178 quum
1672 4084 1820 4156 collecta

222 4202 362 4273 fuerint
379 4201 565 4291 victualia,
586 4200 850 4298 providendum
870 4214 923 4271 est
940 4213 1114 4297 quantum
1132 4198 1282 4272 sufficiat
1300 4225 1365 4298 per
1383 4225 1541 4292 aunum;
1563 4219 1598 4274 et
1616 4205 1645 4273 si
1668 4229 1738 4302 qua
1760 4231 1818 4276 su-

219 4323 447 4422 perfuerint,
475 4321 691 4420 pauperibus
713 4345 788 4392 non
809 4335 881 4392 tam
900 4319 1019 4392 danda
1044 4335 1127 4392 sunt
1154 4345 1264 4418 quam
1281 4320 1479 4396 reddenda.
1502 4325 1591 4394 Sunt
1613 4324 1674 4419 qui
1698 4327 1818 4423 provi-

217 4443 360 4514 dentiae
378 4442 528 4514 modum
549 4443 772 4540 ignorantes,
798 4465 910 4538 quum
929 4440 1089 4513 redditus
1107 4465 1242 4540 paucos
1260 4441 1438 4532 habeant,
1460 4443 1608 4514 multam
1621 4443 1754 4515 habere
1768 4445 1818 4516 fa-

214 4563 365 4634 miliam
384 4563 551 4660 gaudent.
574 4566 627 4634 De
656 4562 758 4658 cujus
784 4560 931 4659 quidem
955 4564 1207 4659 procuratione
1234 4563 1321 4634 dum
1348 4577 1560 4660 gravantur,
1591 4564 1820 4662 impudenter

210 4685 325 4756 hanc
346 4697 542 4780 quaerentes
567 4683 772 4754 mendicant
783 4736 799 4772 ,,
825 4682 879 4752 vel
900 4697 984 4779 quae'
997 4707 1071 4753 non
1090 4681 1224 4754 babent
1244 4683 1418 4755 violenter
1433 4683 1479 4755 ab
1497 4684 1573 4756 aliis
1591 4699 1814 4783 extorquent.

207 4802 328 4876 Tales
349 4805 454 4874 etiam
465 4803 540 4899 jam
556 4801 750 4874 nonnullos
769 4804 1067 4875 monasteriorum
1090 4819 1208 4902 patres
1224 4805 1486 4903 conspicimus,
1511 4807 1573 4903 qui
1595 4806 1640 4879 de
1663 4807 1819 4881 multitu·

206 4923 314 4996 dine
333 4939 530 4994 conventus
552 4922 760 5020 gloriantes,
781 4946 856 4994 non
878 4936 951 4994 tarn
969 4919 1087 4994 bonos
1104 4922 1197 4994 lilios
1214 4947 1324 5020 quam
1349 4925 1482 4997 multos
1499 4925 1633 4998 habere
1650 4927 1814 5018 student,

205 5061 249 5118 et
278 5044 402 5139 magni
421 5043 587 5115 videntur
608 5044 644 5114 in
667 5042 780 5114 oculis
798 5043 891 5133 suis,
912 5043 940 5114 si
955 5043 1047 5114 inter
1069 5043 1200 5115 multos
1221 5045 1373 5140 majores
1392 5045 1603 5119 habeantur.
1624 5051 1724 5136 Quos
1741 5049 1818 5145 qui·

271 5179 290 5210 Ι

248 5322 257 5346 ¹
286 5319 378 5377 Pron..
391 5335 448 5386 cap.
462 5337 534 5380 xxxi,
550 5337 572 5371 r.
589 5323 627 5370 21.
644 5349 666 5358 -
684 5319 783 5386 'Epist
798 5337 823 5384 v,
836 5325 871 5371 od
881 5322 1051 5380 Heliodorum,
1066 5321 1126 5384 opp.
1140 5331 1158 5370 t.
1171 5319 1213 5382 lV,
1228 5321 1275 5371 eol.
1289 5321 1313 5370 9.

352 5421 362 5466 l

1971 5085 1984 5118 ἱ
