4606 6106
924 609 1161 688 nrts‘rotAE.
1766 607 1837 682 223

255 755 411 850 litteras,
434 753 490 828 tel
509 779 575 854 per
593 753 827 828 sufficientem
846 779 1036 829 numerum
1058 757 1229 848 fratrum,
1253 772 1377 856 utpote
1397 781 1462 856 per
1478 770 1634 854 quatuor
1652 753 1708 825 vel
1731 755 1839 850 quin-

254 899 349 974 que,
373 874 475 972 quod
490 876 672 948 concessio
690 875 796 948 luerit
814 873 903 948 lacta
923 877 974 948 eis
991 891 1073 950 aute
1096 875 1345 949 inhibitionem
1365 876 1501 950 ordinis
1517 898 1584 974 per
1601 872 1767 946 abbatem
1787 872 1840 944 vel

253 1007 485 1067 conventum.

302 1119 358 1186 De
379 1112 583 1187 multer-rbus
603 1137 674 1186 nun
687 1113 950 1213 permutandis.
963 1114 1203 1209 -lllulieres,
1224 1141 1304 1214 quae
1321 1115 1367 1188 ab
1385 1117 1532 1215 antiquo
1555 1117 1634 1190 loca
1651 1115 1784 1204 habent
1800 1117 1838 1186 in

253 1231 422 1305 domibus
443 1233 596 1325 ansuis,
616 1249 656 1306 ut
672 1235 887 1334 recipiantur
904 1236 941 1307 in
961 1258 1123 1327 sorores,
1145 1234 1250 1308 nullis
1269 1236 1345 1310 aliis
1363 1236 1442 1310 loca
1460 1261 1523 1310 sua
1541 1237 1747 1328 conserant,
1772 1261 1839 1308 nec

253 1351 314 1424 liat
331 1355 425 1426 circa
440 1354 605 1428 mulieres
623 1353 741 1454 aliqua
760 1357 908 1429 mutatio
926 1381 1173 1456 personarum.
1692 1375 1693 1378 ’

300 1479 356 1546 De
369 1473 505 1572 puellis
525 1499 598 1546 non
618 1474 816 1548 nutriendis
836 1478 875 1546 in
895 1475 1058 1548 dumibus·
1077 1481 1219 1550 mutrr‘s.
1234 1481 1412 1568 -Qutrm
1432 1481 1586 1580 propriis
1603 1478 1769 1552 fratribus
1797 1503 1839 1555 ac

252 1593 436 1668 sororibus
452 1596 582 1668 nostris
602 1596 708 1668 etiarn
728 1597 830 1669 tenui
843 1597 938 1669 victu
955 1595 1118 1671 sufficere
1129 1599 1186 1670 vix
1204 1600 1404 1698 possimus,
1425 1599 1620 1672 absurdum
1637 1600 1836 1692 videretur,

252 1715 281 1784 si
297 1713 433 1788 alienos
451 1716 488 1787 in
505 1716 639 1789 deliciis
657 1714 893 1808 nutriremus,
914 1732 951 1790 et
966 1717 1053 1791 tales
1071 1720 1236 1810 maxime,
1258 1719 1305 1792 de
1319 1743 1476 1818 quorum
1489 1721 1612 1792 fratres
1626 1735 1690 1793 aut
1699 1743 1840 1794 sorores

252 1850 381 1908 nostrae
397 1851 542 1934 possent
558 1837 831 1910 conversatione
845 1840 1040 1938 corrumpi.
1062 1844 1259 1939 Eapmpter
1277 1842 1480 1913 censuimus
1496 1841 1563 1912 sub
1577 1840 1734 1913 districta
1747 1839 1839 1912 inhi-

251 1953 386 2028 bitione
404 1955 625 2046 cavendum,
640 1971 699 2050 ut,
713 1958 850 2030 emissis
865 1961 1016 2030 omnino
1034 1958 1273 2052 secularibus,
1291 1984 1370 2058 qnae
1387 1959 1433 2031 ad
1453 1957 1682 2032 nutriendum
1697 1961 1733 2031 in
1747 1957 1841 2030 clau·

251 2077 331 2148 stris
349 2101 517 2150 sororum
538 2092 742 2152 nostrarum
761 2077 935 2151 hactenus
950 2094 1035 2152 surtt
1055 2095 1227 2178 receptae,
1248 2079 1349 2152 nulla·
1364 2079 1431 2152 alia
1448 2103 1597 2179 prorsus
1614 2079 1661 2151 ad
1679 2081 1839 2152 nntrien-

251 2195 338 2269 dum
350 2195 534 2270 decaetero
547 2197 765 2270 admittatur.
781 2197 930 2286 Quodsi
942 2199 1060 2298 aliqua
1076 2199 1229 2272 voluerit
1240 2201 1335 2272 exire
1343 2201 1418 2296 jam
1430 2213 1584 2298 recepta,
1602 2199 1660 2284 vel
1675 2200 1726 2286 si,
1743 2197 1793 2296 [ut
1804 2197 1839 2296 l]

250 2316 296 2388 ad
312 2316 548 2394 nutriendum·
559 2318 769 2417 recipiatur,
788 2342 855 2417 per
878 2342 917 2390 se
939 2317 996 2391 vel
1013 2343 1078 2418 per
1096 2319 1186 2392 alios
1204 2321 1384 2393 intmsarit
1407 2319 1603 2410 violenter,
1630 2323 1786 2391 cessetur
1801 2320 1837 2389 in

250 2441 501 2534 eodem-1000,
522 2464 711 2540 quousque
728 2441 873 2532 exierit,
895 2443 1038 2541 penitus
1056 2467 1079 2516 a
1098 2442 1240 2516 divinis.

301 2558 412 2653 Quod
421 2587 561 2635 sorores
578 2578 710 2634 nostrae
731 2587 804 2634 nun
827 2560 981 2634 habeant
996 2567 1119 2662 uigrm
1147 2567 1296 2636 tuntum.
1309 2563 1546 2636 -Praedictis
1565 2585 1721 2662 namque
1741 2555 1840 2636 duri

249 2704 329 2753 mus
346 2681 628 2772 annectendam,
649 2695 844 2754 statuentes
861 2681 930 2754 sub
946 2705 1054 2782 poena
1072 2683 1453 2756 excommunicationis
1466 2683 1615 2756 firmiter
1633 2675 1813 2778 observari
1822 2715 1835 2772 ε,

249 2813 288 2870 ut
309 2823 460 2872 sorores·
474 2800 772 2873 nostrae'ncnnisi
790 2801 829 2872 iu
847 2801 976 2874 tunicis
998 2800 1088 2873 albis
1105 2814 1141 2875 et
1162 2803 1270 2900 nigris
1287 2801 1550 2902 superpelliceis
1568 2801 1774 2875 induantur.
1797 2808 1837 2876 lb

249 2917 377 3016 quibus
408 2918 578 2992 videlicet
599 2919 881 3018 superpelliceis,
905 2919 1002 2992 nulla
1022 2921 1079 2992 rel
1101 2922 1326 3022 superfluitas
1353 2921 1409 2994 vel
1434 2923 1628 2994 curiositas·
1648 2923 1834 3015 rideatur,

249 3053 284 3111 et
300 3064 346 3112 ne
366 3039 411 3110 sit
429 3038 594 3112 notabilis
614 3037 756 3112 habitus
776 3038 1007 3130 earumdem,
1032 3065 1078 3114 ne
1096 3055 1212 3114 vestes
1233 3041 1352 3140 potius
1369 3040 1558 3114 videantur
1571 3063 1679 3142 quarn
1693 3065 1837 3116 morum

249 3157 391 3232 delicias
408 3158 590 3233 affectare.⁴
1150 3259 1151 3262 Ἴ

295 3283 351 3350 Dc
366 3279 544 3352 sororibus
560 3281 599 3350 in
613 3279 719 3378 lapsu
729 3283 855 3352 carnis·
874 3279 1110 3378 depretiatus.
1124 3281 1218 3352 -si
1236 3281 1355 3379 aliqua
1372 3305 1476 3354 soror
1492 3283 1715 3384 deprehensa
1733 3285 1845 3358 fuerit*

247 3399 282 3470 in
310 3397 412 3498 lapsu
439 3400 577 3486 carnis,
609 3400 728 3472 statim
747 3401 929 3472 emittatur
954 3400 1131 3491 adorno,
1163 3417 1199 3473 et
1223 3400 1454 3492 nullomodo,
1481 3403 1622 3474 'etiamsi
1643 3402 1837 3477 obtinuerit

247 3517 547 3610 misericordiam,
565 3519 758 3592 decaetero
782 3535 998 3609 revertatur,
1019 3521 1089 3592 nisi
1107 3519 1174 3593 sub
1194 3520 1254 3593 tali
1272 3520 1348 3619 lege
1367 3521 1467 3620 quod
1485 3520 1565 3594 telo
1579 3525 1746 3596 careat'in
1760 3549 1837 3622 per·

246 3651 414 3736 petuum,
435 3653 471 3712 et
489 3637 557 3712 sub
576 3639 638 3711 vili
655 3653 753 3712 veste
771 3655 808 3712 et
826 3641 924 3713 tenui
939 3640 1055 3731 victu,
1077 3639 1282 3713 nullatenus
1299 3665 1482 3739 egressura
1502 3640 1548 3715 de
1566 3641 1741 3733 claustro,
1766 3668 1837 3716 ser-

246 3755 317 3829 viat
337 3773 376 3831 nt
397 3757 537 3832 ancilla.
563 3761 717 3850 Verum,
736 3759 768 3830 si
787 3758 949 3832 secundo
967 3759 1207 3850 commiserit,
1229 3759 1408 3856 ejiciatur,
1432 3775 1468 3832 et
1486 3760 1690 3834 nullumne
1708 3778 1835 3836 caetero

245 3878 459 3976 receptionis
477 3903 549 3951 snae
568 3877 729 3968 debitum
749 3877 795 3950 ab
812 3877 940 3951 ordine
960 3877 1205 3978 prestoletur,
1219 3881 1311 3952 Sane
1328 3882 1355 3951 si
1373 3879 1490 3979 aliqua
1508 3896 1721 3980 extra‘septa
1736 3906 1836 3954 soro-

112 4065 116 4070 .
244 4021 325 4071 rum
342 3999 485 4089 exierit,
507 3999 607 4070 omni
627 4012 725 4071 sexta
745 3997 834 4070 seria
854 4021 920 4097 per
939 4021 1075 4070 annum
1093 3997 1130 4069 in
1150 4021 1246 4096 panc
1267 4013 1303 4071 et
1319 4022 1412 4097 aqua
1431 3999 1628 4090 abstineat,
1648 4026 1781 4100 porr03
1807 4005 1836 4075 si

244 4130 341 4190 extra
358 4119 571 4190 exteriorem
591 4131 739 4218 portam·
750 4115 881 4190 domus
900 4117 1043 4208 exierit,
1067 4115 1159 4189 infra
1172 4131 1256 4190 octo
1275 4117 1352 4190 dies
1370 4119 1551 4192 si-reversa
1570 4119 1687 4210 fuerit,
1702 4124 1836 4219 poterit

244 4235 369 4334 recipi,
392 4251 431 4308 ut
449 4237 616 4335 fiagitira3
635 4237 684 4310 ita
701 4250 820 4308 umen
835 4251 873 4307 ut
892 4260 958 4334 per
976 4234 1212 4333 quadraginta
1225 4235 1301 4308 dies
1314 4236 1523 4333 subjiciatur
1538 4261 1653 4337 poenae
1664 4239 1833 4337 gravioris

243 4355 378 4455 culpae,
398 4372 435 4429 et
449 4357 550 4430 ornni
570 4371 667 4430 sexta
689 4355 774 4428 feria
793 4379 1011 4454 perannum
1033 4354 1213 4429 reficiatur
1225 4358 1262 4429 in
1275 4381 1369 4456 pane
1387 4371 1543 4454 et-aqua.·
1563 4359 1734 4432 Postdies
1748 4375 1832 4431 octo

243 4479 431 4550 revertenti
448 4477 636 4574 adjiciatur
650 4474 697 4548 ad
721 4499 888 4574 poenam,
909 4489 1080 4574 utusque
1101 4474 1148 4547 ad
1175 4500 1337 4574 sequens¹
1349 4477 1513 4574 generale
1535 4477 1730 4577 capitulum
1752 4479 1831 4552 velo

243 4613 382 4688 careat,
402 4613 437 4670 et
454 4598 584 4671 serviat
601 4611 641 4670 ut
662 4595 810 4686 ancilla,
833 4611 1047 4668 nontamen
1069 4595 1137 4668 bac
1157 4597 1346 4670 occasione
1363 4621 1544 4696 egressura
1565 4623 1585 4669 a
1605 4597 1771 4672 claustro.

291 4723 347 4789 De
358 4721 554 4818 egressione
565 4741 741 4790 sororum.
751 4715 994 4805 -Quasdam
1008 4717 1174 4790 ecelesias
1187 4719 1300 4790 nostri
1313 4719 1450 4790 ordinis
1465 4717 1510 4793 de
1524 4719 1617 4792 facili
1630 4723 1830 4818 egressione

242 4861 411 4912 sororum
432 4837 634 4912 audirimus
661 4837 834 4910 infamari.
856 4836 927 4910 Sed
945 4839 1028 4934 quia
1046 4835 1131 4910 inde
1148 4837 1260 4909 multa
1279 4837 1436 4938 pericula
1456 4839 1655 4913 animarum
1677 4859 1837 4941 possunt·

240 4979 437 5058 emergere,
459 4972 496 5032 et
518 4957 663 5031 forsitan
682 4972 922 5049 emerserunt3
943 4955 1177 5056 prohibemus
1197 4982 1244 5030 ne
1263 4956 1397 5030 amodo
1417 4957 1463 5031 ad
1481 4959 1632 5058 aliquod
1644 4963 1835 5060 negotium¹

156 5101 160 5108 ·
240 5076 295 5148 rel
311 5075 498 5170 laborem,
513 5078 587 5150 sive
605 5077 711 5179 etiam
728 5077 765 5148 in
784 5077 899 5147 causis
919 5073 966 5148 ad
983 5075 1226 5148 testimonium
1238 5074 1520 5175 perhibendum,
1541 5080 1768 5178 egrediantur
1781 5081 1836 5155 de

240 5211 384 5271 cetero..
