4590 6106
454 548 501 620 aa
797 547 802 564 '
995 543 1191 618 ANDREAE
1214 545 1492 633 QUERGETANI

454 707 518 744 rum
528 688 702 764 prebendam
717 686 806 742 libens
820 683 964 758 acquirere
977 682 1119 740 laborabo.
1132 707 1147 735 a
1159 685 1290 740 Gestasse
1301 701 1367 740 vero
1375 695 1406 740 et
1417 685 1494 740 Petri
1508 669 1667 759 pronomen
1678 685 1755 740 hunc
1767 687 1964 759 Astralabinm,
1978 694 2033 747 sire

454 783 655 850 Astrolabium,
667 776 944 851 dooetnecrologieus
956 776 1027 832 liber
1036 777 1230 850 paracletensis
1239 779 1269 834 in
1277 779 1335 834 hec
1343 778 1426 835 verba
1438 802 1443 831 :
1456 799 1471 828 a
1481 795 1511 832 rv
1519 777 1573 833 laal.
1584 778 1714 836 novemb.
1725 779 1905 838 obiitPetrus
1913 784 2034 840 Astraia·

454 878 518 931 hius
541 875 666 948 magistri
686 872 773 928 nostri
796 871 873 926 Petri
891 870 1000 926 filius.»
1019 871 1181 944 [Hactenus
1198 873 1402 943 Ques-ostanus.
1420 871 1619 947 Necrologiuna
1636 884 1729 928 autem
1748 878 1907 932 monosterii
1922 877 1959 933 de
1971 879 2033 934 Alta

455 969 536 1042 Ripa,
546 967 653 1022 ordinis
662 963 854 1031 cisterciensis,
866 961 941 1036 apud
954 960 1103 1029 Helvetios,
1117 964 1156 1019 sio
1168 963 1262 1032 habet,
1275 975 1307 1020 ut
1317 964 1502 1022 mtulitnobia
1511 964 1803 1022 vireruditisainuab.
1813 966 1969 1038 daSinner,
1984 973 2033 1044 qni
2100 967 2106 978 “

454 1064 545 1118 locum
555 1062 614 1134 ipse
628 1057 839 1130 transcripserat
854 1079 859 1109 z
875 1075 890 1106 4
903 1073 912 1109 ι
923 1057 1033 1127 januar.
1050 1073 1124 1113 anno
1136 1067 1268 1130 reparate
1279 1059 1375 1116 salutis
1386 1075 1500 1128 mavis,
1515 1059 1587 1115 obiit
1601 1060 1769 1116 reverendus
1784 1060 1915 1118 dominat
1927 1065 2034 1136 primus

455 1157 539 1228 hujus
555 1151 716 1208 monasterii
734 1149 833 1216 abbas,
849 1147 1004 1222 postulatus
1015 1168 1032 1203 a
1045 1148 1160 1205 domino
1180 1149 1335 1207 Guillelmo
1352 1151 1388 1207 de
1405 1153 1496 1208 Glana
1512 1151 1661 1208 fundatore
1680 1171 1713 1208 ea
1732 1153 1844 1210 abbatia
1861 1156 1989 1212 Caroloei
2004 1159 2033 1213 in

454 1246 622 1321 Burgundio
640 1245 774 1299 comitatu
789 1244 840 1296 sita
854 1252 899 1296 :et
911 1240 964 1297 sub
976 1242 1037 1314 ipso
1052 1242 1108 1298 luit
1124 1254 1282 1298 consecrata
1293 1243 1407 1300 ecelesia
1425 1245 1577 1319 altaripana
1592 1263 1610 1300 a
1628 1246 1762 1302 Guidone
1775 1249 1905 1324 episeopo
1923 1251 2034 1306 lausan-

454 1341 542 1409 nensi,
552 1357 625 1395 anno
633 1337 746 1393 Domini
756 1351 893 1397 ucxaxvu,
901 1336 930 1389 in
939 1353 1032 1390 meuse
1042 1337 1214 1391 martie-n
1221 1338 1331 1409 januar.
1340 1339 1576 1395 Commemoratio
1583 1340 1799 1396 reverendorum
1806 1352 1917 1415 patrum
1929 1343 2035 1400 :Theo-

453 1436 541 1492 dorici
558 1433 676 1508 prioris;
688 1430 839 1496 Germani,
853 1427 988 1482 Richardi
1000 1429 1223 1500 abbatissimam
1236 1430 1359 1487 Cononis
1374 1431 1544 1504 subprioris,
1557 1432 1676 1502 Josleni,
1689 1434 1784 1489 Pontii
1792 1435 1901 1490 abbatis
1911 1453 2012 1490 uotam
2025 1461 2032 1504 ;

453 1529 557 1584 iuliani
569 1523 697 1590 Cellarii;
708 1523 850 1594 lingonis,
865 1521 1051 1589 Wuilliermi,
1067 1522 1215 1578 Asmlabii
1227 1521 1333 1578 abbatis
1342 1539 1432 1580 uotxu
1445 1547 1452 1591 3
1465 1525 1595 1581 Gualteri
1605 1536 1634 1580 et
1642 1526 1728 1582 Petri.
1744 1526 1865 1583 Necnon
1877 1540 1906 1583 et
1915 1529 2033 1584 lmtmm

453 1637 648 1679 conversorum
660 1642 666 1672 :
677 1616 802 1684 Martini,
817 1614 962 1684 Borcardi,
974 1615 1117 1684 willenci,
1128 1615 1265 1685 bossonis,
1276 1615 1445 1690 Amaldrici,
1458 1617 1602 1687 Viventii,
1614 1619 1730 1674 Torinci
1740 1661 1748 1689 ,
1760 1621 1862 1690 Marci,
1875 1622 2033 1694 Raymundi

453 1727 481 1771 ct
498 1712 647 1770 Mendriei.
666 1711 723 1780 Qui
743 1725 839 1765 omnes
856 1726 889 1764 cx
911 1708 1022 1763 abbatia
1039 1709 1166 1764 Caroloci
1184 1709 1329 1782 postulati,
1349 1711 1405 1766 hoc
1425 1711 1625 1768 monasterium
1647 1713 1731 1785 primi
1751 1711 1986 1770 inhabitaverunt.
1999 1743 2035 1758 -

453 1827 471 1862 v
484 1806 606 1881 augusti.
619 1804 855 1861 Commemoratio
870 1801 1014 1858 reverendi
1027 1803 1134 1858 domiai
1150 1803 1300 1859 Aatmlabii
1316 1805 1394 1875 (sic)
1408 1805 1515 1860 abbatis
1528 1806 1580 1864 IV.
1597 1830 1610 1858 a
1624 1807 1660 1862 Et
1675 1806 1746 1862 ordo
1756 1809 1936 1863 successionis
1948 1808 2033 1864 abba·

455 1913 515 1956 tum
524 1897 732 1972 altaripcnsium
742 1920 748 1950 :
759 1919 773 1947 4
781 1895 804 1952 Ι.
812 1894 952 1960 (hirardus
963 1895 1049 1950 sancti
1064 1895 1195 1952 bernardi
1208 1895 1373 1969 discipulus,
1385 1913 1418 1952 ea
1427 1897 1538 1953 abbatia
1550 1897 1585 1954 de
1598 1898 1733 1954 Caroloco
1743 1900 1772 1954 in
1783 1899 1955 1973 burgundia,
1967 1901 2033 1954 mis-

454 2013 500 2049 sus
513 2011 584 2048 anno
597 2007 732 2046 aarum.
740 1990 778 2044 11.
790 1987 947 2044 bichardus
957 1987 1110 2042 monachus
1121 1987 1260 2058 Caroloci,
1269 1987 1374 2044 electus
1385 1988 1487 2061 (abbas)
1496 2009 1570 2046 anno
1578 2007 1678 2046 netvu.
1686 1991 1739 2046 111.
1747 1991 1875 2061 Pontius,
1882 1992 2034 2048 monachus

454 2077 971 2152 (14404044,40444414444444444444,
985 2077 1273 2135 monachnsCaroloci
1286 2097 1392 2136 uetari.
1405 2082 1443 2137 V.
1455 2083 1546 2156 liugn,
1558 2101 1591 2139 ex
1601 2082 1688 2139 nobili
1698 2083 1803 2140 familia
1811 2083 1990 2142 dominorum
2000 2084 2035 2142 de

371 2159 373 2164 ⁷
454 2178 542 2232 Ponte
550 2193 644 2230 uctxv.
656 2197 668 2223 n
680 2173 869 2246 Constatergo
879 2171 1068 2228 Astralobium
1078 2171 1237 2246 quemdam,
1252 2173 1420 2228 monachum
1433 2173 1553 2229 coeuobii
1561 2175 1687 2231 Caroloci
1699 2177 1729 2230 in
1738 2175 1909 2249 burgundia,
1919 2178 2034 2234 missum

452 2271 538 2326 fuisse
558 2286 623 2322 cum
643 2264 703 2320 aliis
720 2285 734 2320 a
756 2275 849 2320 sancto
870 2262 1030 2334 bernardo,
1049 2274 1082 2319 ut
1101 2264 1301 2320 monasterium
1318 2263 1386 2320 Altae
1402 2265 1480 2338 Ripa
1494 2267 1578 2338 primi
1595 2267 1801 2338 inhabitarent,
1819 2266 1949 2324 abbatem
1969 2287 2033 2323 vero

454 2361 573 2416 electum
586 2376 660 2414 anno
670 2361 754 2428 titt,
766 2357 856 2413 tribus
869 2368 931 2430 post
941 2357 1022 2411 annis
1035 2375 1051 2412 e
1063 2358 1117 2411 vita
1130 2356 1286 2414 decessisse.
1300 2355 1487 2412 astralabium
1499 2357 1580 2414 illum
1594 2355 1731 2414 Abalardi
1747 2359 1835 2416 lilium
1847 2360 1932 2434 luisse
1942 2360 2033 2416 forsan

454 2464 670 2510 consentaneum
684 2462 733 2509 est.
748 2451 835 2520 (Vide
854 2451 969 2525 Fmgm
986 2449 1022 2505 de
1036 2449 1142 2505 Philus.
1157 2449 1308 2511 scholast,
1323 2449 1418 2518 Paris,
1435 2454 1522 2520 44440,
1537 2469 1564 2524 p.
1581 2453 1661 2522 444.)
1674 2452 1782 2508 Verum
1794 2462 1824 2508 et
1837 2455 1942 2508 mentio
1957 2452 1988 2507 fit
2005 2456 2033 2508 in

454 2547 603 2603 cartulario
616 2547 735 2602 ooenobii
747 2545 916 2612 hasiensis,
930 2545 959 2598 in
972 2543 1130 2612 Britannia,
1150 2543 1265 2599 alterins
1278 2543 1426 2600 Astralabii
1439 2547 1488 2618 qui
1507 2562 1571 2600 eam
1585 2545 1721 2600 avunculo
1733 2545 1793 2617 ejus
1803 2547 1937 2602 Pomario
1949 2563 2035 2601 cano-
2087 2591 2093 2596 .

455 2644 534 2697 nicus
543 2640 662 2696 ecelesia
670 2640 848 2697 nannetensis
856 2638 941 2694 luisse
950 2639 1050 2694 lectur.
1059 2637 1133 2695 Vide
1142 2637 1264 2692 Histoire
1273 2635 1309 2692 de
1319 2637 1473 2710 Bretagne,
1484 2647 1559 2693 auct.
1567 2637 1643 2693 dom.
1656 2637 1805 2706 bobinean,
1816 2639 1938 2707 Parisiis,
1952 2641 2033 2707 44447,

455 2735 678 2809 simpron]

1099 2845 1170 2902 Nota
1185 2845 1270 2916 XXI,
1283 2863 1345 2921 pag.
1360 2850 1403 2903 44.

493 2989 568 3064 Quid
582 3003 607 3042 te
626 2989 757 3042 clericum
776 2995 860 3060 atque
880 2987 1045 3039 canonicum
1047 2977 1155 3056 fucere
1168 2985 1325 3056 oportet...?
1337 3013 1373 3028 ·-
1387 2981 1474 3055 Cujus
1486 2983 1606 3038 ecclesiae
1617 2982 1702 3038 suerit
1715 2984 1863 3038 canonicus
1876 2980 2035 3036 Abalardus

455 3083 554 3139 nullibi
567 3081 673 3154 reperi,
685 3080 738 3134 nisi
750 3077 824 3132 lortc
837 3077 1007 3132 senonensis.
1022 3075 1057 3130 Id
1069 3078 1144 3130 enirn
1158 3076 1243 3132 habet
1256 3077 1421 3132 chronicum
1435 3077 1656 3148 manuscriptum
1669 3075 1942 3150 archiepiscoporum
1955 3091 2035 3128 seno-

455 3177 599 3232 acasium:
616 3175 715 3229 «Auno
727 3187 816 3224 usxsu
827 3170 933 3242 inquit,
948 3168 1081 3240 magister
1090 3168 1190 3224 Petrus
1203 3168 1337 3223 Abaulart
1348 3169 1498 3222 canonieus
1515 3169 1608 3241 primo
1621 3167 1732 3240 majoris
1746 3167 1865 3224 ecelesia
1878 3167 2037 3222 senonensis

456 3270 572 3326 obiit...
586 3265 746 3322 Canonicus
756 3262 824 3330 tuit,
839 3271 939 3334 etpost
951 3271 1093 3317 uxoratus.
1107 3283 1120 3312 a
1134 3259 1189 3316 Sed
1203 3261 1352 3316 concilium
1370 3259 1552 3334 provinciale,
1566 3260 1642 3335 quod
1655 3271 1748 3334 postea
1768 3260 1886 3318 Senonis
1907 3259 2038 3314 adversus

456 3378 521 3416 4444
538 3367 718 3415 convocatum
735 3365 791 3422 est,
804 3352 872 3407 huic
883 3353 1010 3425 opinioni
1022 3351 1115 3408 locum
1126 3351 1234 3408 dedisse
1247 3352 1362 3427 quidam
1371 3354 1555 3426 suspicantur.
1567 3353 1608 3408 Ut
1623 3363 1655 3408 ut
1667 3354 1719 3422 sit,
1734 3352 1867 3408 clericam
1882 3353 1938 3406 sive
1952 3368 2035 3406 cano·

457 3457 551 3509 uicum
569 3451 653 3506 fuisse
675 3449 837 3520 priusquam
859 3463 973 3500 uxorem
985 3445 1117 3528 duceret,
1137 3445 1195 3517 ipsa
1207 3445 1291 3500 etiam
1305 3446 1364 3516 ejus
1378 3464 1464 3502 uxore
1479 3455 1615 3512 testante,
1628 3465 1685 3502 non
1703 3443 1891 3501 dubitandum
1899 3455 1951 3500 est.
1969 3443 2036 3517 [4444

459 3545 633 3602 abaelardum
652 3540 770 3597 ecclcsiae
788 3538 946 3611 parisiensis
969 3546 1018 3592 ant
1038 3538 1124 3592 etiam
1147 3539 1304 3594 turonensis
1328 3540 1492 3594 canonicum
1507 3539 1590 3594 luisse
1605 3537 1789 3594 contendunt.
1803 3536 1878 3596 Vide
1896 3536 1963 3592 olari
1985 3537 2035 3590 viri

459 3639 606 3705 Re'aausat,
625 3636 656 3690 iu
674 3649 759 3706 opere
776 3647 844 3704 saepe
859 3628 986 3696 laudato,
1006 3639 1028 3685 t.
1047 3629 1078 3696 1,
1095 3645 1121 3702 p.
1138 3630 1188 3698 to,
1208 3629 1256 3686 ubi
1275 3629 1368 3685 locum
1379 3631 1507 3686 chronici
1527 3631 1688 3686 senonensia
1704 3629 1807 3702 partim
1826 3648 1845 3684 a
1861 3629 2037 3700 Quercetano

458 3738 661 3804 expromptum,
674 3735 766 3782 toturn
779 3724 818 3778 sic
830 3722 920 3795 legas:
932 3744 945 3772 a
957 3721 997 3777 Ea
1006 3721 1140 3776 chronico
1149 3722 1296 3777 senonensi
1308 3721 1440 3777 Gauliidi
1451 3721 1486 3778 de
1493 3721 1622 3789 Collone,
1635 3721 1764 3776 monachi
1778 3721 1872 3776 Sancti
1881 3721 1958 3775 Petri
1972 3719 2036 3775 Vivi

458 3823 631 3890 senonensis,
648 3817 741 3874 seculo
753 3834 803 3872 aur
813 3859 820 3884 ,
831 3833 904 3870 anno
916 3814 1030 3870 Domini
1043 3831 1111 3868 nexa
1123 3815 1200 3887 (lege
1210 3815 1280 3886 444)
1297 3815 1431 3888 magister
1441 3815 1540 3870 Petras
1549 3813 1698 3881 Abaulart,
1713 3814 1863 3868 canonieus
1872 3813 1963 3886 primo
1977 3829 2036 3864 ma-

455 3918 524 3987 joris
535 3913 654 3971 eeclesia
666 3910 838 3977 senonensis,
854 3907 925 3964 obiit
938 3927 943 3958 :
958 3908 1006 3983 qui
1019 3907 1185 3964 monasteria
1198 3905 1452 3964 sanctimonialium
1465 3906 1606 3974 fundavit,
1622 3905 1778 3980 specialiter
1789 3903 1928 3960 abbatiam
1939 3904 1974 3960 de
1983 3905 2038 3960 Pa·

459 4008 568 4073 raclito,
580 4008 674 4079 inquo
686 4001 818 4076 sepelitur
830 4017 894 4056 curn
908 4017 1001 4056 uxore.
1015 4000 1103 4057 Suum
1115 3999 1290 4074 epitaphium
1305 4000 1358 4055 tale
1371 4011 1414 4056 est
1428 4024 1433 4054 :
1450 4001 1521 4056 «Eat
1534 4001 1598 4056 satis
1611 4001 1641 4054 in
1654 3998 1764 4055 tumulo
1774 4023 1780 4054 :
1791 3999 1892 4054 Petrus
1905 3999 1952 4052 hic
1962 3998 2038 4069 jacet

459 4125 472 4152 4
482 4097 667 4158 Abaillardus.
682 4097 736 4151 Hic
749 4096 830 4170 (lege
840 4095 926 4164 huic)
939 4094 989 4150 soll
1003 4094 1094 4168 patuit
1105 4093 1201 4150 scibile
1213 4091 1353 4168 quidquid
1366 4103 1459 4150 erat.»
1473 4093 1631 4150 Canonicus
1644 4093 1699 4148 luit
1710 4103 1811 4168 etpost
1825 4101 1966 4148 uxoratus.
1979 4090 2017 4162 a]

1091 4264 1165 4354 Nota
1175 4263 1272 4332 XXII,
1284 4282 1347 4336 pag.
1363 4267 1405 4318 lii.

498 4412 657 4470 Transmisi
670 4427 731 4462 eam
744 4403 785 4459 ad
795 4404 939 4459 abbatiam
953 4400 1104 4475 quamdam
1118 4403 1370 4456 sanctimonialium
1381 4420 1468 4472 prope
1482 4401 1627 4469 Parisius,
1648 4421 1712 4475 quoe
1725 4401 1930 4474 Argenteolum
1942 4399 2039 4470 appel-

460 4509 543 4560 latur.
556 4533 592 4547 -
604 4495 777 4575 4434444044,
792 4499 847 4552 sive
859 4493 1025 4570 Argentolii‚
1039 4504 1105 4561 aut,
1117 4503 1150 4548 ut
1160 4504 1265 4549 veteres
1278 4493 1434 4568 appellant,
1450 4491 1627 4568 Argentogili
1644 4493 1784 4550 abbatiam
1798 4491 1999 4547 llermeoricus
2012 4501 2040 4545 et

459 4619 529 4656 aanor
546 4599 605 4670 ejus
618 4597 779 4650 Mummana
799 4585 955 4646 fundarunt
968 4587 998 4642 in
1015 4603 1087 4661 pago
1102 4587 1237 4661 parisiaco
1251 4605 1333 4661 super
1349 4587 1434 4644 lluvio
1446 4587 1592 4662 Sequana,
1606 4589 1785 4662 primumque
1804 4583 1955 4640 monachos
1968 4585 1997 4636 in
2009 4600 2040 4636 ea

460 4685 685 4765 posuerunt.Sed
693 4694 786 4757 postea
797 4683 1023 4737 Nos-mannorum
1032 4679 1238 4735 incursionibus
1247 4679 1416 4735 destructam
1422 4680 1533 4735 Adelais
1542 4682 1648 4753 regina,
1659 4677 1761 4750 conjux
1771 4677 1901 4750 lingonis
1913 4693 1944 4732 ae
1953 4683 2042 4730 mater

460 4782 576 4840 llohcrti
593 4797 707 4851 regum,
723 4775 797 4831 illam
813 4795 827 4829 a
841 4773 898 4830 solo
912 4772 1099 4841 reedificavit,
1118 4783 1146 4828 et
1160 4772 1328 4828 monialibus
1341 4773 1380 4828 ibi
1399 4773 1459 4828 Deo
1473 4775 1525 4830 sub
1542 4773 1636 4847 regula
1651 4773 1745 4829 Sancti
1767 4769 1911 4826 444444444ῑί
1923 4766 2041 4824 lamula-

461 4876 532 4932 turis
544 4871 707 4946 assignavit,
723 4869 764 4922 uti
778 4866 861 4922 docet
874 4865 1054 4941 helgaudus,
1069 4866 1236 4924 lloriacensis
1251 4865 1421 4934 monachus,
1435 4869 1465 4922 44
1480 4867 1546 4926 Vita
1557 4865 1675 4922 lioberti
1688 4865 1780 4938 aegis:
1796 4886 1809 4914 a
1826 4863 1917 4918 hister
1930 4877 2043 4936 qnoque

460 4973 535 5043 ejus,
553 4993 566 5018 a
591 4963 700 5039 lnquit,
724 4960 882 5016 «Adhclais
898 4958 1064 5016 admiranda
1083 4960 1148 5015 satis
1169 4959 1199 5014 in
1220 4969 1313 5014 sancta
1326 4957 1477 5016 devotione
1494 4959 1606 5032 regina,
1624 4956 1781 5014 continuit
1796 4954 1996 5011 monasterium
2013 4952 2042 5006 in

462 5061 604 5120 territorio
617 5055 782 5132 parisiensi,
801 5053 864 5108 rilla
881 5071 941 5128 quae
957 5053 1065 5110 dicitas
1075 5051 1269 5128 Argentoilus,
1286 5052 1334 5108 abi
1349 5070 1497 5108 numerum
1511 5050 1674 5108 ancillatum
1688 5048 1739 5106 Dei
1753 5068 1810 5105 non
1827 5048 1978 5104 minimum
1992 5045 2044 5100 snb

461 5173 558 5215 norma
572 5149 666 5210 Sancti
682 5145 822 5203 benedicti
836 5148 927 5200 virere
940 5157 1047 5220 paratas
1059 5144 1205 5220 adunavit,
1217 5143 1254 5200 ad
1265 5143 1377 5210 laudent
1390 5155 1420 5206 et
1432 5143 1549 5218 gloriam
1565 5143 1704 5202 bonorum
1715 5142 1842 5198 omnium
1856 5137 2045 5213 lntpiratoris,
