4574 6110
944 641 1154 718 utuntur.

835 1007 840 1016 ’
860 1007 1246 1125 RHYTHMUS

691 1251 928 1322 nsulsum
956 1251 1102 1325 PETRI
1130 1255 1412 1326 ABAlLLART

754 1459 819 1538 DE
846 1459 1034 1540 strunt
1060 1461 1351 1542 rumluuun.

974 1751 1131 1765 *-

301 1993 430 2057 Carmen
444 2012 575 2077 sequens
594 1994 632 2059 de
646 1997 756 2060 Sancta
770 1977 916 2058 Trinit'ate
937 1996 1017 2058 inter
1038 2012 1132 2077 opera
1145 1996 1311 2062 llildeberti
1332 2000 1572 2066 Cenomanensis
1584 2005 1624 2065 ab
1642 2002 1760 2067 editore
1781 2007 1848 2088 ejus

261 2099 296 2160 l).
313 2101 382 2160 Ant
399 2099 595 2180 Beaugendra
617 2108 810 2163 numeratum
825 2099 890 2162 est¹
903 2122 910 2160 :
928 2098 1070 2162 tribuitur
1083 2108 1187 2162 sutem
1200 2100 1359 2165 Abaelardo
1371 2105 1403 2166 in
1417 2105 1543 2188 antiquo
1561 2105 1670 2170 codice
1681 2110 1846 2187 Beccensi,

262 2201 343 2264 unde
355 2201 430 2266 illud
444 2204 479 2264 D.
497 2205 630 2266 llartene
643 2203 677 2266 in
689 2203 888 2286 amplissimae
906 2201 1097 2266 collectionis
1116 2212 1234 2268 tomum
1257 2209 1311 2281 lll,
1327 2227 1358 2288 p.
1376 2211 1569 2288 rosa-1097.
1593 2209 1737 2274 traduxit.
1761 2211 1847 2276 Adde

263 2301 345 2385 quod
367 2311 485 2380 auctor,
502 2312 535 2365 ut
547 2304 796 2368 animadvertunt
815 2303 982 2386 scriptores
996 2305 1140 2366 Historia
1160 2307 1350 2385 litterariar¹‚
1373 2317 1533 2392 postquam
1556 2312 1675 2374 Sanctae
1694 2312 1849 2377 Trinitatis

263 2407 442 2488 mysterium
464 2409 630 2492 aptissimis
650 2406 752 2471 verbis
772 2405 941 2484 definierit,
964 2405 1036 2470 lidei
1051 2425 1115 2470 suae
1133 2409 1340 2474 sinceritatem
1356 2411 1495 2476 absolute
1508 2413 1682 2497 profitetur,
1703 2418 1802 2499 utqui
1816 2419 1847 2480 in

262 2507 374 2570 enoris
381 2508 511 2591 alicujus
522 2511 730 2592 suspicionem
743 2508 896 2585 inciderit,
907 2508 981 2571 dum
994 2506 1200 2590 Hildebertus,
1211 2512 1261 2594 qui
1277 2532 1431 2596 nunquam
1446 2513 1498 2577 tali
1512 2515 1716 2579 criminationi
1731 2515 1849 2582 dederit
1901 2567 1909 2584 .

263 2610 383 2690 locum,
397 2631 461 2676 non
476 2613 533 2675 bac
547 2613 727 2696 opinionum
741 2610 1070 2692 suarum-prolessione
1083 2611 1276 2694 indiguisset.

335 2868 353 2911 Δ
367 2869 444 2928 eto,
458 2879 558 2935 magne
571 2861 661 2926 Dens,
1149 2858 1201 2914 Vis
1213 2868 1327 2914 externa
1341 2860 1383 2916 vel
1396 2879 1506 2916 necesse

335 2949 393 3017 Eli,
406 2949 464 3018 Eli,
479 2951 555 3006 Deus
568 2969 661 3017 meus,
1148 2947 1211 3003 Non
1224 2947 1344 3006 alternat
1354 2960 1434 3005 tuum
1446 2968 1521 3020 esse,

335 3041 423 3112 Cujus
434 3041 523 3096 virttis
535 3050 627 3095 totam
642 3057 738 3113 posse,
1147 3039 1217 3094 Heri
1231 3050 1373 3108 nostrum,
1387 3057 1446 3096 cras
1458 3050 1487 3096 et
1498 3041 1625 3114 pridem,

335 3130 529 3202 Cujussensus
542 3141 741 3195 tammonem,
1147 3129 1264 3202 Semper
1276 3128 1328 3184 tibi
1340 3141 1454 3186 nuncet
1465 3130 1551 3188 idem.

334 3220 422 3293 Cujus
433 3237 491 3276 esse
503 3239 644 3276 summum
658 3220 779 3288 bonnm,
1148 3219 1243 3274 Tuum
1256 3219 1330 3275 Deus
1341 3219 1526 3288 hodiernum,
1573 3275 1575 3280 ,

336 3310 425 3382 cujus
436 3327 507 3384 opus
517 3308 656 3384 quidquid
670 3311 785 3365 munna.
1149 3308 1317 3378 tndivisum,
1331 3311 1550 3382 sempiternum,

336 3401 428 3472 Super
439 3412 555 3468 cuncta,
569 3400 666 3456 subtus
679 3411 794 3466 cuncta,
1147 3397 1194 3453 Ad
1205 3398 1346 3472 exemplar
1357 3417 1469 3456 summa
1482 3403 1584 3457 mentis

272 3561 275 3566 Ι
335 3490 420 3545 Extra
432 3500 548 3558 cuncta,
562 3492 636 3545 iutra
649 3499 764 3555 cuncta;
1149 3490 1280 3544 Formam
1296 3501 1426 3563 prestans
1436 3491 1591 3548 elementis.

335 3580 412 3634 Intra
424 3591 523 3635 cuncta
535 3599 586 3635 nec
597 3579 733 3646 inclusus,
1149 3578 1221 3635 Nate
1233 3580 1310 3636 Patri
1322 3581 1483 3655 coaequalis,

335 3671 418 3726 Extra
431 3681 531 3726 cuncta
545 3689 596 3726 nec
609 3670 752 3736 exclusus,
1149 3667 1225 3723 Patri
1239 3670 1496 3739 consubstantialis,

335 3760 438 3816 Subter
451 3771 550 3816 cunata
563 3779 615 3817 nec
626 3760 797 3826 subtractus,
1148 3758 1240 3814 Patris
1252 3758 1422 3832 splenderet
1434 3760 1538 3834 ligura,

336 3849 426 3924 Super
438 3863 538 3906 cuncta
549 3870 601 3906 nec
610 3849 707 3906 elatus.
1150 3846 1505 3918 Paetortacruscmmra,

336 3940 426 4014 Super
440 3950 516 3996 totus
532 3938 715 4014 possidendo,
996 3983 999 3991 .
1148 3935 1269 3992 Carnem
1281 3949 1405 3994 nostram
1419 3938 1553 4006 induisti,

336 4028 717 4097 Subtertotnssustinendc,
1149 4027 1268 4082 Causam
1282 4038 1407 4084 nostram
1418 4031 1578 4104 suscepisti,

337 4121 421 4176 Extra
433 4130 510 4176 totus
523 4119 751 4193 complectendo,
980 4129 983 4134 '
1149 4115 1359 4190 Sempiternua,
1373 4119 1548 4192 temporalis,

336 4214 416 4267 Intra
429 4222 505 4267 totus
517 4229 547 4267 es
558 4210 711 4284 implendo.
1150 4207 1319 4276 Moriturus,
1333 4208 1511 4275 immortalis,

337 4303 416 4358 Intra
428 4318 565 4375 nusquam
579 4303 740 4368 acarnania,
1150 4297 1244 4354 Verus
1256 4297 1358 4366 bomo,
1374 4315 1455 4354 verns
1467 4298 1558 4365 Deus,

338 4392 423 4447 Extra
436 4408 572 4466 nusquam
586 4390 723 4458 dilataris,
1151 4388 1350 4461 Impermixtus
1358 4388 1444 4444 homo
1455 4388 1545 4455 Deus,

338 4482 443 4539 Snbtns
454 4481 531 4537 nullo
542 4479 684 4554 fatigaris,
1151 4477 1215 4533 Non
1227 4495 1375 4533 conversas
1388 4477 1435 4532 hic
1446 4479 1476 4534 in
1486 4495 1611 4548 carnem,

340 4572 430 4644 Super
439 4570 518 4626 nullo
529 4569 701 4624 sustentaris.
1152 4567 1210 4622 Nec
1224 4567 1350 4621 minutus
1362 4579 1477 4642 propter
1490 4586 1612 4625 caruem.

339 4658 479 4716 Mundum
491 4675 672 4714 movensnon
685 4659 818 4722 moveris.
1152 4655 1206 4712 Hic
1218 4667 1374 4730 assumptus
1386 4667 1429 4713 est
1439 4657 1468 4713 in
1479 4658 1584 4726 Deum,

340 4749 445 4804 locum
459 4735 626 4804 tedensnon
639 4748 761 4817 teneris,
1152 4747 1211 4802 Nec
1222 4757 1530 4822 consumptnspropter
1543 4747 1643 4803 Deum

340 4841 465 4912 Tempus
477 4848 588 4894 mutans
600 4857 658 4893 non
670 4841 801 4906 momnis,
1150 4837 1229 4892 Patri
1242 4853 1356 4908 compar
1366 4835 1496 4906 veritate,

341 4929 422 5002 Vaga
433 4927 546 4982 firmans
555 4945 612 4983 non
624 4928 740 5001 vagaris.
1153 4927 1249 4983 Minor
1262 4927 1353 4982 carnis
1363 4927 1493 4996 veritate,

305 5167 313 5193 ¹
331 5167 505 5218 aureuma...
528 5167 615 5218 taron.
634 5169 738 5231 episcopt
754 5167 848 5228 Opera,
861 5165 946 5218 labare
963 5177 988 5218 et
1001 5165 1081 5218 studio
1094 5165 1123 5216 n.
1136 5165 1193 5218 Ant.
1208 5164 1380 5232 beaugendre,
1396 5164 1508 5240 lfsrisiia,
1525 5166 1601 5227 lltlss,
1614 5165 1711 5228 in-lnl.‚
1722 5181 1748 5234 p.
1772 5169 1850 5218 1837-

276 5255 406 5309 rata.-¹
418 5255 448 5307 τ.
461 5254 520 5319 xlt,
531 5271 557 5322 p.
572 5255 626 5306 rae.
641 5253 678 5308 cf.
689 5267 707 5306 r.
719 5255 767 5318 xl,
780 5271 805 5322 p.
819 5256 876 5307 aas.
