4486 6100
923 672 1135 747 catulus.
1753 673 1824 747 aot

235 809 392 882 britonia
430 809 512 884 libri
545 811 701 911 capitulo
734 839 795 884 xrx
828 810 1047 888 disertissimi
1081 812 1192 885 Judaei
1221 801 1379 886 Philonis
1411 812 1536 886 laudes
1565 837 1648 912 erga
1677 815 1823 890 Alexan-

236 927 378 1002 drinam
416 930 482 1003 suh
512 935 632 1006 Marco
667 932 860 1006 Ecclesiam
895 959 1183 1007 commemorans
1212 935 1305 1005 inter
1340 948 1467 1006 caetera
1498 933 1706 1038 adjeciyt...
1740 942 1823 1010 Post

153 1045 157 1054 ’
235 1072 350 1148 pauca
371 1075 513 1123 rursum
530 1054 638 1125 etiam
665 1053 711 1126 de
729 1079 773 1127 eo
794 1054 894 1152 quod
914 1054 1072 1154 psalmos
1096 1054 1226 1126 saciant
1241 1045 1383 1144 'novos,
1415 1054 1464 1125 ita
1482 1054 1646 1154 scripsit:
1666 1061 1823 1155 «Itaque

236 1194 309 1242 non
340 1169 457 1243 solum
482 1171 666 1249 subtilium
690 1173 892 1273 intelligunt
916 1175 1072 1271 hymnos
1096 1188 1274 1265 veterum,
1313 1173 1377 1246 sed
1404 1175 1471 1273 ipsi
1495 1175 1628 1248 faciunt
1653 1201 1768 1250 novos
1785 1180 1821 1250 in

235 1293 371 1384 Deum,
392 1292 561 1386 omnibus
578 1319 641 1368 eos
653 1311 688 1368 et
706 1298 828 1372 metris
844 1312 881 1369 et
901 1297 999 1369 sonis
1018 1296 1170 1368 honesta
1186 1295 1269 1367 satis
1280 1309 1316 1367 et
1333 1295 1431 1368 suavi
1444 1319 1617 1395 compage
1634 1296 1822 1370 modulan-

235 1421 299 1483 tes}
317 1439 335 1480 n
358 1412 463 1485 Haud
479 1413 635 1488 fortassis
651 1418 890 1516 incongruum
903 1431 956 1489 est
969 1441 1095 1489 omnes
1107 1415 1264 1515 psalmos
1283 1414 1447 1487 hebraice
1461 1431 1576 1490 metro
1585 1416 1642 1489 vel
1651 1416 1820 1514 rhythmo

234 1534 453 1631 compositos
470 1550 506 1607 et
529 1535 653 1610 melica
671 1536 862 1611 dulcedine
884 1537 1049 1610 conditos
1074 1535 1244 1637 appellari
1263 1537 1369 1608 etiam
1391 1536 1564 1632 hymnos,
1590 1538 1688 1635 juxta
1707 1540 1820 1636 ipsam

232 1652 396 1727 videlicet
405 1655 624 1753 hymnorum
642 1657 889 1732 definitionem
903 1683 1012 1756 quam
1030 1659 1067 1730 in
1081 1657 1288 1759 praefatione
1300 1658 1416 1756 prima
1430 1659 1628 1757 posuimus
1649 1665 1692 1731 At
1708 1685 1819 1757 quum

228 1773 304 1868 jam
323 1774 451 1874 psalmi
476 1801 518 1849 ex
540 1776 683 1851 hebraeo
706 1781 743 1851 in
765 1780 871 1852 aliam
891 1779 1051 1877 linguam
1070 1777 1226 1850 translati
1246 1801 1267 1849 a
1284 1776 1443 1874 rhythmi
1462 1775 1518 1850 vel
1536 1779 1639 1850 metri
1659 1779 1735 1876 lege
1762 1805 1819 1851 so·

232 1893 394 1987 lutisint,
414 1895 508 1969 bene
529 1896 575 1971 ad
591 1898 765 1999 Ephesios
784 1901 846 1999 qui
864 1900 977 1972 Graeci
995 1913 1079 1971 sunt
1097 1899 1286 1998 Apostolus
1304 1896 1462 1974 scribens
1485 1899 1674 1998 separatim
1693 1923 1713 1971 a
1729 1901 1821 1998 psal·

232 2015 300 2088 mis
320 2015 476 2114 hymnos
496 2017 653 2091 distinxit
676 2021 768 2092 sicut
783 2036 819 2094 et
840 2021 988 2093 cantica.
1501 2087 1506 2098 .

281 2141 335 2210 De
348 2137 404 2210 his
422 2141 540 2237 itaque
563 2142 736 2238 qnoniam
754 2157 918 2214 nostrum
943 2167 1035 2240 saepe
1050 2139 1290 2240 ingeniolum,
1318 2138 1552 2211 dilectissimae
1572 2137 1701 2209 Christi
1721 2137 1817 2228 tiliae,

232 2255 352 2328 multis
369 2258 535 2357 precibus
561 2260 776 2358 pulsavistis,
806 2262 979 2334 addentes
1002 2263 1149 2360 insuper
1175 2261 1305 2359 quibus
1327 2257 1504 2332 decausis
1528 2257 1566 2330 id
1583 2260 1820 2331 necessarium

230 2376 334 2449 vobis
348 2378 527 2471 videatur,
537 2395 663 2454 vestrae
672 2381 746 2478 jam
759 2382 936 2482 petitioni,
952 2382 1245 2482 proutDominus
1256 2379 1434 2472 annuerit,
1449 2393 1604 2478 exparte
1621 2381 1816 2478 paruimus.

230 2499 413 2596 Superiori
429 2523 585 2599 namque
602 2500 722 2574 libello
742 2501 971 2600 quotidianos
988 2502 1156 2578 seriarum
1168 2501 1323 2598 hymnos
1345 2501 1408 2598 qui
1426 2501 1492 2572 toti
1509 2497 1671 2572 sufficere
1684 2501 1822 2600 possint

230 2617 467 2692 hebdomadae
483 2621 835 2722 comprehendimus.
848 2627 949 2712 Quos
964 2624 1013 2696 ita
1026 2623 1245 2730 compositos
1258 2646 1334 2694 esse
1347 2621 1568 2719 cognoscatis
1586 2635 1625 2692 ut
1635 2621 1822 2720 bipartitus

229 2739 273 2810 sit
291 2764 419 2812 eorum
432 2757 557 2842 cantus
574 2744 664 2816 sicut
681 2757 718 2816 et
735 2744 941 2842 rhythmus,
961 2759 997 2816 et
1014 2745 1058 2816 sit
1076 2767 1149 2815 una
1164 2741 1333 2815 omnibus
1351 2743 1535 2814 nocturnis
1555 2740 1710 2814 melodia
1724 2767 1822 2814 com-

228 2861 348 2934 munis
369 2877 476 2960 atque
496 2863 605 2938 altera
633 2865 787 2957 diurnis,
816 2868 866 2938 sic
892 2882 927 2940 et
952 2865 1152 2964 rhythmus.
1178 2870 1362 2961 Hymnum
1387 2862 1496 2935 etiam
1521 2863 1714 2960 gratiarum
1738 2879 1822 2961 post

229 2982 354 3082 epulas
366 2984 623 3078 exsolvendum
633 3010 708 3059 non
727 2987 1035 3086 praetermisimus,
1056 2985 1256 3058 secundum
1268 2982 1368 3082 quod
1382 2982 1419 3054 in
1438 2981 1631 3081 Evangelio
1650 2983 1820 3081 scriptum

230 3106 328 3174 est¹2
353 3132 370 3172 c
393 3109 535 3202 Hymno
554 3104 650 3179 dicto
668 3107 839 3179 exierunt.
861 3137 878 3175 r

277 3227 432 3296 Caeteros
448 3250 535 3299 vero
552 3227 795 3326 suprapositos
808 3225 1046 3326 hymnos'hac
1063 3223 1351 3297 consideratione
1373 3221 1583 3320 digessimus
1601 3221 1717 3318 utqui
1730 3183 1817 3292 noi:-

227 3345 325 3414 tumi
352 3359 435 3417 sunt
454 3370 598 3418 suarum
618 3370 727 3446 opera
754 3347 920 3419 feriarum
943 3347 1169 3446 contineant,
1196 3345 1317 3417 diurni
1343 3357 1464 3416 autem
1487 3343 1648 3441 ipsorum
1665 3365 1817 3440 operum

228 3461 453 3562 allegoricam
469 3491 531 3539 seu
549 3467 722 3540 moralem
741 3469 1002 3566 expositionem
1015 3465 1169 3538 tradant.
1185 3465 1355 3564 Atqueita
1366 3465 1560 3536 factumest
1571 3477 1612 3535 ut
1622 3461 1818 3534 obscuritas

228 3583 384 3658 historiae
401 3587 517 3679 nocti,
536 3588 597 3661 lux
615 3609 701 3661 vero
720 3589 950 3687 expositionis
968 3602 1167 3661 reservetur
1178 3585 1262 3659 diei.
1278 3589 1393 3685 Super
1410 3600 1464 3658 est
1480 3582 1527 3657 de
1549 3599 1675 3656 caetero
1695 3583 1818 3654 vestris

231 3729 289 3777 me
303 3707 525 3782 orationibus
543 3709 703 3806 adjuvari
723 3724 764 3781 ut
785 3724 948 3809 optatum
966 3708 1068 3781 vobis
1085 3707 1340 3780 munusculum
1357 3705 1605 3780 transmittam.

559 4103 667 4162 XXIX.
1074 4104 1101 4160 Ο
1116 4120 1178 4158 vere
1193 4103 1271 4158 beata
1290 4119 1396 4176 pauper
1411 4102 1566 4175 puerpera!

1076 4195 1163 4266 Cujus
1179 4203 1275 4268 partus
1286 4191 1385 4248 ditavit
1398 4193 1509 4257 omnia,

264 4291 361 4347 Verbo
375 4289 503 4348 Verbum
517 4293 597 4366 virgo
609 4292 784 4365 concipiens,
1074 4284 1197 4358 Pauper,
1217 4283 1345 4356 inquam,
1359 4280 1408 4336 sed
1422 4280 1493 4336 celsa
1509 4298 1620 4354 genere,

262 4379 301 4436 Ex
313 4392 343 4437 te
354 4397 436 4436 verua
450 4392 529 4438 crtus
547 4392 589 4437 est
600 4383 695 4438 oriens
1074 4373 1243 4430 Pontificum
1254 4383 1283 4428 et
1295 4389 1393 4446 regum
1407 4369 1555 4444 sanguine.

262 4469 355 4544 Aquo
367 4487 432 4525 vera
449 4468 548 4526 diffusa
566 4471 677 4528 claritas

288 4559 294 4572 ,
1075 4503 1149 4558 vite
1160 4501 1232 4556 viam
1245 4503 1274 4555 in
1288 4501 1330 4556 via
1342 4500 1466 4574 peperit,

263 4558 477 4616 Crrcnmdnctas
488 4560 604 4616 abduxit
618 4560 754 4616 tenebras.

1075 4591 1237 4664 Hospitium
1249 4607 1306 4646 uon
1321 4590 1437 4644 domum
1450 4587 1563 4653 habuit,

1075 4681 1186 4754 Regum
1200 4680 1291 4754 proles
1301 4691 1331 4736 et
1342 4679 1403 4736 coeli
1414 4677 1544 4745 domina,

1074 4772 1131 4827 Pro
1144 4773 1260 4826 cameris
1271 4769 1385 4825 intravit
1397 4765 1516 4824 stabula.

265 4727 341 4784 Felix
354 4726 424 4798 dies,
439 4727 549 4784 dierum
563 4728 667 4804 gloria,

264 4817 356 4890 Hujus
370 4828 450 4874 ortus
461 4837 522 4895 qua
539 4819 610 4874 vidit
623 4817 741 4892 gandia!

261 4907 341 4964 Felix
354 4919 517 4984 materque
528 4909 620 4965 Deum
635 4907 747 4981 genuit!
1074 4899 1385 4971 Obstetrieesiupartu
1398 4896 1529 4962 deerant,

259 4997 339 5054 Felix
353 4997 502 5074 stellaque
515 4999 600 5055 solem
614 4997 739 5072 peperit!
1073 4989 1129 5046 Sed
1141 4988 1233 5062 angeli
1247 5005 1298 5062 pro
1311 4988 1352 5043 eis
1366 4985 1496 5056 aderant,

259 5254 268 5282 ¹
292 5253 381 5307 besum
393 5257 419 5306 in
429 5255 521 5307 Codice
534 5251 763 5306 rerballueebii.-
780 5251 899 5313 ’linum
915 5265 969 5315 cap.
986 5265 1056 5310 xxvi,
1071 5262 1095 5299 r.
1109 5247 1150 5296 30.
1161 5270 1180 5282 -
1190 5244 1277 5305 llaec,
1291 5259 1345 5309 cap.
1360 5258 1411 5305 xiv,
1424 5259 1445 5292 v.
1460 5243 1500 5294 26.
