4522 6102
503 641 577 725 tlt,
935 639 1061 712 PETRI
1092 639 1325 713 tammum
1352 639 1407 710 m*
1432 637 1656 710 HELOISSAE

500 781 657 878 postulet
672 804 821 878 aquam,
838 782 898 878 qui
913 780 1082 852 omnibus
1104 781 1227 881 tribuit
1243 781 1378 852 vitam?
1399 784 1503 869 Quae,
1524 779 1692 875 iuquam,
1713 776 1780 848 nisi
1795 790 1834 846 ut
1850 787 1995 873 patenter
2011 772 2054 844 iu·

499 903 618 974 sinuet
629 915 729 974 tanto
744 899 810 972 sibi
824 900 1014 973 mulierum
1029 903 1195 984 virtutem
1213 927 1289 974 esse
1303 903 1511 1000 gratiorem,
1533 914 1668 998 quanto
1687 921 1807 968 earum
1825 909 1975 967 naturam
1991 917 2052 963 esse

501 1037 639 1095 constat
663 1021 917 1112 infirmiorem3
947 1038 982 1093 et
1008 1047 1046 1094 se
1072 1037 1173 1094 tanto
1202 1022 1353 1120 amplius
1379 1047 1501 1094 earum
1528 1019 1675 1090 salutem
1701 1015 1931 1090 desiderando
1956 1014 2050 1100 sitire,

430 1139 434 1148 '
499 1158 634 1237 quanto
648 1142 903 1215 mirabiliorem
921 1167 1046 1215 earum
1064 1144 1230 1215 virtutem
1249 1157 1389 1214 constat
1406 1141 1507 1213 esse?
1532 1138 1636 1211 Unde
1652 1154 1685 1210 et
1703 1163 1815 1235 quum
1833 1161 1853 1208 a
1870 1135 1988 1208 femina
2003 1158 2053 1232 po

499 1273 577 1330 tum
597 1261 773 1358 postulat,
796 1260 880 1333 huic
898 1262 1075 1360 precipue
1098 1263 1154 1333 siti
1173 1288 1243 1333 sua·
1261 1286 1326 1358 per
1349 1261 1498 1332 salutem
1521 1259 1734 1331 seminarum
1758 1256 1914 1332 satisfieri
1930 1253 2007 1326 velle
2026 1277 2056 1322 se

498 1379 665 1452 insinuat.
695 1386 813 1468 Quem
837 1397 966 1480 potum
987 1384 1093 1455 etiam
1121 1381 1242 1455 cibum
1268 1407 1422 1454 vocans:
1447 1413 1464 1449 u
1476 1385 1571 1478 Ego,
1588 1408 1606 1446 >r
1635 1380 1804 1476 inquit,»
1826 1379 1940 1450 cibum
1959 1374 2055 1446 haheo

499 1503 724 1596 manducare
735 1528 843 1601 quem
864 1529 930 1576 vos
947 1506 1101 1577 nescitis.
1122 1534 1139 1573 n
1160 1510 1278 1594 Quem
1295 1504 1526 1604 postmodum
1541 1527 1724 1601 exponens
1741 1504 1878 1590 cibum,
1894 1498 2053 1596 adjungit:

501 1652 519 1689 u
532 1627 631 1694 Meus
646 1622 746 1695 cibus
761 1639 841 1713 est,
853 1638 893 1694 ut
910 1625 1035 1696 faciam
1054 1624 1276 1696 voluntatem
1297 1625 1409 1695 Patris
1424 1625 1512 1712 mei,
1529 1651 1546 1689 n
1565 1621 1660 1694 hanc
1676 1621 1840 1694 videlicet
1852 1621 1948 1720 quasi
1962 1619 2060 1712 singu-

500 1741 611 1812 larem
630 1743 685 1813 sui
698 1743 811 1813 Patris
824 1743 1046 1815 voluntatem
1064 1767 1140 1814 esse
1158 1745 1330 1832 innuens,
1347 1742 1409 1813 uhi
1427 1741 1473 1813 de
1486 1741 1599 1814 'salute
1618 1741 1731 1839 agitur
1744 1739 1946 1812 infirmioris
1961 1759 2056 1808 serus.
2106 1777 2107 1782 κ

501 1863 664 1958 legimus
674 1877 709 1934 et
718 1862 887 1934 familiare
897 1862 1209 1960 colloquiumcum
1222 1862 1418 1936 Nicodemo
1431 1862 1491 1934 illo
1501 1863 1704 1934 ludaeorum
1715 1862 1877 1961 principe
1889 1857 2059 1929 Dominum

500 1980 695 2071 hahuisse¹,
725 2006 800 2078 quo
822 1981 924 2054 illum
944 2008 1090 2079 quoque
1114 1982 1162 2054 ad
1187 2007 1225 2058 se
1249 1981 1389 2054 occulte
1411 1982 1611 2054 venientem
1638 1981 1685 2052 de
1707 1980 1818 2054 salute
1843 2005 1904 2052 sua
1929 1979 1997 2076 ipse
2017 1975 2060 2043 in·

498 2102 684 2191 struxerit,
708 2100 772 2174 scd
790 2101 882 2173 illius
899 2102 1068 2200 colloquii
1087 2127 1161 2174 non
1181 2116 1317 2174 tantum
1337 2107 1438 2173 tunc¹
1452 2101 1605 2174 fructum
1623 2125 1699 2174 esse
1716 2115 1957 2173 consecutum.
1981 2101 2063 2166 Hanc

499 2222 634 2319 quippe
660 2224 917 2294 samaritanam
947 2239 982 2294 et
1011 2223 1136 2321 spirim
1164 2222 1361 2321 prophetiae
1391 2222 1563 2320 repletam
1592 2247 1668 2294 esse
1695 2237 1781 2294 tunc
1814 2235 1973 2308 constat,
2004 2238 2062 2313 quo

500 2339 664 2412 videlicet
687 2340 865 2412 Christum
886 2357 920 2413 ct
941 2341 985 2413 ad
1008 2342 1148 2413 ludaeos
1162 2343 1236 2438 jam
1254 2343 1410 2430 venisse,
1432 2340 1534 2413 etad
1556 2356 1677 2439 gentes
1697 2357 1889 2414 venturum
1907 2364 1978 2412 esse
1992 2359 2064 2435 pro·

501 2459 590 2531 fessa
610 2475 684 2550 est,
707 2486 820 2558 quum
839 2461 1001 2533 dixerit⁸z
1023 2491 1041 2529 u
1054 2463 1135 2547 Scio
1154 2463 1238 2560 quia
1260 2462 1403 2534 Messias
1424 2463 1520 2533 venit
1540 2462 1602 2558 qui
1624 2460 1752 2533 dicitur
1772 2445 1942 2534 Christus.
1963 2461 2065 2546 Quum

501 2605 586 2678 ergo
609 2581 764 2670 venerit,
786 2581 845 2654 ille
862 2581 967 2654 nobis
985 2582 1211 2654 annuntiabit
1229 2584 1367 2673 omnia,
1382 2611 1401 2650 n
1418 2598 1454 2654 et
1472 2583 1603 2654 multos
1626 2608 1670 2654 er
1691 2583 1832 2654 civitate
1858 2582 1916 2655 illa
1940 2591 2067 2678 propter

501 2700 651 2774 verbum
664 2703 821 2775 mulieris
836 2702 883 2775 ad
896 2702 1075 2775 Christum
1087 2704 1304 2793 cucurrisse,
1325 2719 1361 2776 et
1378 2705 1415 2776 in
1429 2728 1513 2776 eum
1524 2703 1736 2792 credidisse,
1757 2718 1793 2777 et
1809 2705 1928 2801 ipsum
1946 2697 2069 2772 duobus

500 2819 626 2892 diebus
644 2821 742 2918 apud
755 2847 792 2896 se
809 2823 1016 2914 retinuisse,
1036 2824 1098 2922 qui
1115 2839 1234 2896 tamen
1252 2823 1336 2896 alibi
1353 2823 1535 2923 discipulis
1548 2826 1633 2895 ait⁸:
1658 2829 1729 2897 «ln
1751 2826 1846 2896 viam
1865 2825 2071 2922 gentiumne

500 2939 677 3030 abieritis,
711 2956 747 3012 et
777 2942 814 3012 in
842 2942 999 3030 civitate:
1032 2945 1336 3016 Samaritanorum
1365 2968 1412 3015 ne
1444 2943 1667 3015 intraveritis.
1691 2972 1709 3010 n
1739 2943 1858 3016 Refert
1884 2941 1966 3015 alibi
1989 2939 2072 3011 idem

393 3123 396 3132 .
499 3063 654 3132 loannes
671 3059 848 3158 quosdam
861 3085 910 3132 ‘er
928 3061 1138 3158 gentilibus,
1164 3063 1226 3160 qni
1244 3064 1474 3135 ascenderant
1495 3063 1778 3160 Hierosolymam
1791 3077 1831 3134 ut
1844 3063 2031 3140 adorarent
2044 3057 2075 3126 in

500 3179 558 3252 dr'e
572 3181 681 3271 festo,
696 3207 762 3280 per
775 3181 981 3282 Philippum
989 3200 1025 3256 et
1038 3184 1216 3257 Andrearn
1231 3185 1373 3257 Christo
1389 3187 1589 3275 nuntiasse,
1610 3185 1709 3283 quod
1720 3209 1803 3257 eum
1812 3185 1948 3258 vellent
1955 3181 2073 3256 ridere.
2201 3267 2202 3298 1

501 3303 599 3372 Non⁸
623 3317 744 3373 tamen
768 3327 830 3375 eos
854 3327 930 3376 esse
955 3303 1130 3376 admissos
1156 3321 1444 3394 commemorat,
1478 3329 1545 3377 nec
1572 3304 1640 3377 illis
1667 3304 1933 3404 postulantibus
1959 3315 2077 3376 tantam
2201 3357 2202 3396 ,

502 3419 631 3492 Christi
643 3423 785 3520 copiam
798 3448 875 3496 esse
887 3431 1114 3515 concessam,
1129 3438 1301 3523 quantam
1313 3424 1397 3497 huic
1411 3427 1636 3498 Samaritanae
1648 3450 1878 3524 nequaquam
1892 3427 1930 3499 id
1944 3421 2076 3525 petenti.

501 3544 619 3640 Aqua
637 3543 760 3638 ejusin
778 3544 943 3641 gentibus
961 3544 1165 3644 praedicatio
1181 3546 1330 3645 coepisse
1347 3545 1500 3636 videtur,
1520 3571 1630 3643 quam
1648 3547 1860 3621 uon'solum
1879 3545 2078 3626 convertit⁷3
2201 3533 2202 3543 ¹

502 3662 652 3760 sedper
675 3688 776 3754 eam,
800 3679 840 3737 nt
864 3665 1092 3754 dictumest,
1116 3666 1248 3738 multos
1269 3667 1465 3764 acquisivit.
1501 3666 1692 3740 illuminati
1718 3667 1835 3739 statim
1860 3695 1928 3768 per
1959 3665 2081 3740 stellam

503 3783 617 3879 magi,
638 3797 675 3854 et
696 3784 743 3858 ad
763 3784 943 3857 Christum
968 3787 1151 3878 conversi,
1179 3785 1312 3859 multos
1338 3785 1586 3859 exhortatione
1604 3812 1668 3858 sua
1685 3787 1741 3858 rel
1760 3787 1926 3861 doctrina
1944 3787 1989 3860 ad
2011 3807 2084 3858 eum

503 3902 648 3974 traxisse
666 3904 887 3997 referuntur,
911 3905 974 3978 sed
991 3905 1059 3978 soli
1075 3908 1290 3980 accessisse⁸.
1319 3910 1371 3978 Ex
1384 3931 1458 4005 quo
1476 3907 1583 3978 etiarn
1597 3906 1708 4004 liquet
1726 3925 1897 4004 quantam
1915 3934 1936 3980 a
1954 3907 2084 3980 Christo

505 4023 652 4118 gratiam
680 4024 717 4094 in
747 4019 910 4121 gentibus
935 4026 1063 4100 mulier
1092 4029 1137 4098 sit
1166 4027 1312 4125 adepta,
1337 4052 1416 4124 quae
1445 4051 1681 4126 praecurrens,
1707 4042 1743 4099 ct
1767 4029 1900 4102 civitati
1929 4029 2087 4102 nuntians

505 4141 582 4236 ejus
605 4140 821 4232 adventum,
848 4157 884 4215 et
909 4169 987 4240 quae
1011 4145 1172 4217 audierat
1188 4145 1402 4243 praedicans,
1432 4161 1505 4248 tam
1531 4171 1684 4246 propere
1711 4149 1785 4245 ipsa
1804 4149 1939 4222 multos
1965 4149 2011 4220 de
2030 4169 2088 4245 po·

504 4261 591 4359 pulo
620 4287 686 4334 suo
716 4277 769 4334 est
797 4262 942 4335 lucrata.
975 4263 1084 4351 Quod
1113 4265 1141 4336 si
1169 4266 1305 4338 Veteris
1332 4267 1546 4338 Testamenti
1576 4267 1632 4338 vel
1666 4268 1878 4364 evangelicae
1906 4273 2089 4368 Scriptura

504 4383 651 4480 paginas
669 4383 913 4476 revolvamus,
939 4409 1079 4456 summa
1097 4385 1156 4456 illa
1174 4384 1220 4457 de
1242 4386 1454 4458 resuscitatis
1472 4390 1623 4458 mortuis
1641 4387 1814 4480 beneficia
1836 4391 2000 4466 divinam
2022 4411 2091 4486 gra·

504 4502 590 4574 tiam
618 4502 757 4576 feminis
789 4505 968 4603 praecipue
1000 4503 1201 4577 videbimus
1232 4505 1474 4605 impendisse,
1508 4532 1576 4579 nec
1607 4510 1675 4580 nisi
1711 4511 1795 4608 ipsis
1835 4511 1892 4584 vel
1930 4511 1979 4584 de
2015 4510 2094 4607 ipsis

504 4620 580 4694 haec
605 4624 774 4696 miracula
800 4624 889 4696 sacta
923 4624 1041 4695 suissc.
1074 4625 1193 4696 Primo
1219 4627 1352 4727 qnippe
1375 4651 1439 4725 per
1464 4625 1600 4700 Eliam⁹
1624 4645 1659 4700 et
1679 4629 1842 4704 Elisaeum
1857 4635 1877 4671 ¹⁰
1907 4633 1958 4704 ad
1990 4633 2094 4704 inter·

505 4741 703 4815 cessionem
720 4760 876 4816 matrum
893 4743 985 4815 filios
1003 4745 1160 4842 ipsarum
1179 4747 1403 4820 resuscitatos
1426 4765 1461 4820 et
1477 4750 1528 4820 eis
1551 4750 1708 4822 redditos
1726 4754 1826 4823 esse¹¹
1845 4751 2040 4850 legimus¹¹.
2058 4753 2097 4819 Et

505 4860 682 4934 Dominus
702 4863 777 4961 ipsc
795 4864 909 4936 viduae
923 4863 1109 4960 cujusdam
1128 4864 1242 4938 filium
1260 4891 1384 4960 suum,
1410 4883 1445 4940 et
1469 4868 1737 4969 archisynagogi
1750 4871 1897 4963 titiant,
1914 4889 1954 4946 et
1972 4884 2096 4970 rogatu

541 5071 550 5100 ⁴
566 5072 648 5136 lom,
663 5089 718 5140 cap.
736 5091 777 5136 ru,
796 5092 819 5126 r.
836 5081 845 5126 t
859 5088 884 5128 et
897 5093 936 5144 sq.
949 5105 978 5114 -
989 5076 999 5104 ⁸
1010 5079 1080 5130 Hune
1100 5077 1151 5130 ttS.
1169 5077 1241 5131 tmb.
1256 5105 1284 5116 -
1317 5086 1385 5134 none
1396 5082 1424 5133 C.
1435 5107 1469 5123 -
1480 5083 1491 5110 ⁰
1503 5085 1564 5147 Ray.
1584 5084 1638 5146 lll,
1657 5101 1712 5153 cap.
1733 5102 1798 5144 rrrr,
1812 5102 1835 5136 r.
1848 5087 1934 5138 22J-
1944 5087 1969 5115 ⁴⁰
1982 5089 2047 5152 ssep.
2061 5083 2102 5145 tt,

480 5171 483 5179 ·
508 5154 519 5182 ⁸
531 5153 614 5218 lom..
624 5172 679 5224 cap.
690 5175 724 5221 rr,
734 5175 757 5210 r.
771 5161 813 5210 25.
823 5187 852 5197 -
864 5159 875 5188 ⁴
885 5161 984 5225 llum,
996 5179 1053 5230 cap.
1063 5180 1094 5221 r.
1106 5180 1130 5215 r.
1146 5165 1171 5216 5.
1182 5191 1213 5202 -
1223 5165 1234 5191 ¹
1246 5166 1286 5217 ct·
1318 5182 1374 5233 cap.
1395 5184 1429 5229 rr,
1445 5183 1468 5218 r.
1488 5170 1528 5218 22.
1542 5195 1574 5204 —
1586 5169 1605 5196 ¹¹
1622 5169 1663 5220 Sic
1674 5169 1722 5220 cu.
1733 5197 1750 5208 -
1759 5173 1792 5222 Et
1805 5175 1839 5222 etr
1850 5175 1961 5223 redditor
1974 5171 2066 5224 desum
2078 5170 2102 5220 in

508 5243 592 5294 utun
605 5239 655 5294 Cl).
668 5243 783 5296 -'Nec
799 5243 830 5296 DJ
843 5245 1054 5300 -¹Conatrterit
1071 5247 1161 5300 ctt.-
1175 5247 1286 5302 'Aecn-
1319 5250 1530 5316 Edd-⁴'Lne.,
1540 5267 1595 5319 cap.
1609 5269 1658 5313 ru,
1669 5270 1693 5305 r.
1709 5255 1811 5306 ltu-‘⁸
1821 5255 1977 5324 llarc.,cap.
1990 5273 2017 5318 r,
2027 5271 2052 5307 r.
2062 5255 2101 5304 ⁴2.
