4486 6100
445 642 517 715 3r8
1047 633 1173 704 PETlll
1203 628 1432 704 dBAELhRDl

536 781 613 850 Quos
626 797 641 832 a
657 775 741 830 domo
759 774 871 847 propria
1350 771 1425 825 Iram
1438 768 1498 840 ejus
1510 767 1609 822 sentiat

535 871 588 925 Per
601 877 687 922 semet
699 863 849 938 expulerit,
1351 859 1485 934 Quisquis
1498 859 1549 913 hos
1563 857 1703 912 reduxerit

1204 1479 1283 1559 lll.

495 1679 745 1809 Superioribus
769 1705 911 1782 duobus
934 1706 1060 1780 libellis
1088 1705 1317 1806 quotidianos
1347 1706 1512 1776 seriarum
1537 1703 1692 1801 hymnos
1713 1718 1748 1775 et
1770 1701 2033 1774 solemnitatum

446 1807 648 1902 divinarum
673 1831 838 1927 proprios
860 1829 1082 1926 digessimus.
1110 1831 1213 1898 Nunc
1237 1851 1323 1899 vero
1351 1839 1511 1923 superest
1536 1824 1583 1896 ad
1603 1823 1754 1897 coelestis
1776 1823 1925 1920 gloriam
1945 1823 2034 1920 regis

446 1967 481 2022 et
499 1974 728 2021 communem
742 1948 901 2020 fidelium
920 1948 1202 2020 exhortationem
1220 1947 1333 2044 ipsam
1353 1970 1498 2043 quoque
1514 1946 1660 2042 superni
1679 1945 1814 2016 curiam
1835 1943 1954 2041 palatii
1968 1942 2037 2014 de-

445 2069 527 2141 bitis
540 2069 779 2166 hymnorum,
799 2083 907 2166 prout
922 2092 1129 2166 possumus,
1151 2066 1276 2139 efferre
1293 2067 1491 2165 praeconiis.
1520 2069 1559 2136 ln
1580 2090 1654 2162 quo
1673 2063 1819 2166 quidem
1843 2086 1952 2161 opere
1969 2064 2037 2160 ipsi

448 2214 505 2261 me
517 2190 693 2287 praecipue
706 2187 876 2284 adjuvent
888 2188 1021 2260 meritis
1030 2211 1185 2285 quorum
1204 2186 1364 2284 gloriosae
1383 2186 1562 2258 memoriae
1573 2184 1877 2282 qualiumcunque
1887 2182 2037 2254 laudum

448 2308 659 2382 munuscula
684 2310 792 2406 cupio
814 2307 1036 2407 persolvere,
1066 2309 1165 2404 juxta
1188 2306 1288 2404 quod
1311 2307 1482 2406 scriptum
1510 2321 1563 2378 est
1591 2333 1598 2375 :
1621 2306 1828 2378 «Memoria
1850 2306 1936 2401 justi
1953 2328 2037 2374 cum

448 2429 590 2520 laude¹,
608 2459 625 2496 n
647 2445 683 2501 et
698 2431 826 2500 iterum
843 2457 850 2498 :
875 2459 891 2495 u
913 2429 1115 2500 Laudemus
1128 2429 1223 2500 viros
1236 2426 1425 2525 gloriosos,
1440 2433 1526 2500 etc.¹
1541 2455 1559 2494 u

498 2555 570 2620 Vos
589 2573 734 2647 quoque
753 2547 920 2639 obsecro,
942 2573 1083 2622 sorores
1107 2549 1295 2621 carissimae
1312 2548 1523 2644 Christoque
1541 2547 1683 2636 dicatae,
1702 2570 1858 2643 quorum
1883 2546 2040 2616 maxime

447 2669 612 2768 precibus
630 2668 701 2740 hoc
720 2693 812 2767 opus
825 2693 1007 2766 aggressus
1027 2694 1124 2760 sum,
1145 2685 1344 2742 vestrarum
1357 2668 1537 2766 adjungite
1555 2668 1784 2742 devotionem
1811 2668 2037 2754 orationum,

446 2791 539 2863 illius
565 2816 743 2864 memores
764 2790 957 2864 beatissimi
976 2791 1183 2890 legislatoris
1205 2793 1268 2889 qui
1289 2791 1370 2889 plus
1385 2791 1524 2863 orando
1547 2816 1656 2888 quam
1672 2789 1828 2889 populus
1849 2790 1967 2889 potuit
1985 2789 2040 2861 di-

449 2911 645 2983 micando³.
667 2915 710 2983 Et
724 2929 763 2983 ut
776 2913 959 2984 caritatem
972 2927 1126 2985 vestram
1139 2912 1176 2984 in
1190 2913 1395 2984 orationum
1408 2912 1512 3010 copia
1525 2909 1659 3008 largam
1677 2911 1873 2999 inveniam,
1890 2924 2040 3008 pensate

448 3030 634 3128 diligenter
650 3056 758 3128 quam
773 3031 960 3130 prodigam
984 3046 1100 3104 vestra
1120 3032 1244 3130 petitio
1270 3045 1427 3103 nostram
1442 3027 1572 3102 habeat
1589 3029 1801 3102 facultatem.
1821 3033 1916 3100 Dum
1940 3031 2041 3101 enim

448 3150 575 3223 divinae
589 3152 706 3247 gratiae
724 3151 847 3225 laudes
860 3178 927 3250 pro
945 3153 1058 3225 nostri
1075 3151 1258 3249 ingenioli*
1281 3152 1450 3250 prosequi
1468 3151 1708 3240 studeremus,
1729 3149 1829 3248 quod
1845 3149 1891 3222 de
1908 3165 2042 3221 ornatu

448 3269 547 3341 deest
574 3269 802 3366 eloquentiae,
825 3259 1176 3368 recompensavimus
1195 3270 1413 3367 hymnorum
1437 3268 1681 3360 multitudine,
1702 3269 1848 3366 singulis
1875 3267 2046 3340 videlicet

447 3389 665 3486 singularum
683 3389 948 3462 solemnitatum
966 3392 1150 3462 nocturnis
1175 3392 1339 3489 proprios
1352 3405 1609 3488 componentes
1621 3389 1793 3486 hymnos,
1813 3413 1927 3486 quum
1945 3413 2046 3460 unus

449 3510 678 3582 solummodo
693 3511 877 3608 hucusque
893 3509 1051 3607 hymnus
1068 3511 1105 3581 in
1126 3509 1221 3583 lestis
1235 3536 1380 3608 quoque
1403 3511 1493 3582 sicut
1510 3511 1548 3581 in
1569 3508 1663 3582 feriis
1672 3509 1719 3581 ad
1739 3524 1935 3582 nocturnos
1953 3533 2049 3606 prae·

451 3631 640 3704 cineretur.
1249 3629 1255 3640 '

499 3753 666 3836 Quatuor
690 3752 808 3848 itaque
830 3749 984 3848 hymnos
1012 3749 1158 3848 siugulis
1187 3751 1431 3824 festivitatibus
1454 3777 1497 3824 ea
1517 3753 1654 3823 ratione
1674 3750 1912 3838 decrevimus,
1942 3751 2048 3820 utin

453 3857 672 3968 unoquoque
695 3873 801 3943 trium
822 3888 1081 3945 nocturnorum
1101 3875 1269 3972 proprius
1287 3872 1495 3944 decantetur
1512 3872 1685 3970 hymnus,
1706 3887 1742 3943 et
1754 3870 1919 3942 laudibus
1936 3871 2051 3942 insu-

450 3977 709 4087 permatutinis
733 4015 806 4062 non
823 3992 916 4064 desit
932 4016 1028 4064 suus.
1049 3996 1099 4064 Ex
1121 3992 1251 4089 quibus
1268 4017 1390 4064 rursus
1411 4008 1565 4089 quatuor
1591 3992 1823 4080 instituimus,
1852 4004 1891 4061 ut
1909 3988 1989 4060 duo
2009 3991 2051 4060 in

451 4111 567 4207 vigilia
585 4136 652 4208 pro
666 4136 740 4182 uno
754 4114 1018 4210 conjungantur
1035 4112 1172 4209 hymno
1186 4127 1221 4184 et
1238 4111 1312 4184 duo
1328 4111 1454 4210 reliqui
1467 4112 1626 4185 similiter
1638 4111 1686 4183 ad
1703 4135 1867 4211 vesperas
1883 4112 1964 4208 ipso
1985 4111 2053 4182 die

449 4231 600 4303 solemni
630 4234 839 4324 recitentur,
869 4249 930 4305 aut
947 4235 996 4306 ita
1013 4233 1089 4304 bini
1105 4248 1141 4305 et
1160 4234 1235 4304 bini
1257 4234 1294 4304 in
1315 4233 1460 4331 singulis
1480 4235 1633 4332 vesperis
1657 4233 1875 4320 dividantur,
1903 4246 1944 4302 ut
1957 4256 2052 4302 cum

451 4351 593 4424 duobus
605 4353 782 4451 prioribus
794 4353 940 4452 psalmis
953 4379 1058 4445 unus,
1074 4369 1204 4426 etcum
1219 4353 1361 4426 duobus
1373 4354 1517 4451 reliquis
1527 4354 1615 4427 alius
1631 4354 1851 4427 decantetur.
1866 4355 1921 4423 De
1934 4376 2055 4423 cruce

380 4568 385 4576 Ι
451 4489 594 4556 autem,
618 4473 784 4562 memini,
808 4473 967 4570 quinque
985 4474 1178 4572 conscripti
1190 4489 1273 4546 sunt
1281 4474 1406 4570 hymni
1418 4499 1573 4571 quorum
1589 4475 1726 4572 primus
1743 4472 1888 4571 singulis
1900 4495 2057 4569 praepo-

451 4607 556 4664 natur
575 4592 690 4682 horis,
708 4595 861 4666 invitans
879 4592 1066 4667 diaconem
1081 4620 1225 4667 crucem
1241 4594 1287 4668 de
1305 4595 1405 4667 altari
1415 4595 1539 4669 tollere
1555 4611 1590 4668 et
1609 4597 1646 4667 in
1664 4595 1785 4668 medio
1796 4595 1896 4667 chori
1914 4595 2060 4667 afferre

451 4725 558 4807 atque
575 4711 708 4783 ibidem
728 4737 807 4784 eam
820 4715 921 4814 quasi
942 4713 1228 4820 adorandam'ac
1251 4713 1475 4788 salutandam
1495 4731 1665 4806 statuere,
1687 4731 1726 4788 ut
1743 4718 1778 4787 in
1800 4716 1875 4812 ejus
1893 4737 2061 4811 quoque

409 4911 414 4921 ι
452 4831 636 4926 praesentia
654 4846 728 4903 tota
748 4833 982 4929 persingulas
1000 4831 1107 4905 horas
1127 4849 1315 4931 peragatur
1330 4833 1546 4906 solemnitas.

424 5123 430 5134 “
487 5057 495 5083 ⁴
514 5057 599 5114 Pron,
612 5073 667 5123 cap.
681 5075 710 5119 x,
724 5077 747 5110 v.
759 5060 837 5133 t.-7¹
848 5063 938 5120 Eectt„
951 5079 1008 5128 cap.
1023 5078 1089 5124 xuv,
1098 5077 1122 5113 v.
1139 5065 1159 5113 1·.
1173 5091 1201 5100 -
1215 5063 1319 5122 'Num.,
1329 5079 1385 5130 cap.
1401 5079 1450 5115 xvu
1461 5102 1467 5125 ,
1477 5081 1500 5115 v.
1515 5065 1529 5114 8
1541 5075 1566 5115 et
1575 5079 1613 5130 sq.
1624 5091 1655 5101 -
1666 5063 1677 5092 ⁴
1687 5065 1733 5116 llic
1742 5080 1789 5115 vox
1799 5064 1893 5129 aliqua,
1903 5073 1929 5114 ut
1940 5069 2045 5116 virture
2056 5107 2063 5122 .

453 5142 539 5194 deesse
551 5143 654 5195 videtur.
