4590 6106
411 449 472 588 s

472 590 517 665 ,Ὦ
1013 582 1207 662 ANDREAE
1232 583 1508 675 QUERCETANl

472 734 592 803 reddita,
614 735 685 789 bicot
701 733 878 788 metuentia
893 740 921 786 te
932 730 1007 784 aelus
1021 744 1115 796 meus,
1129 726 1256 803 quandin
1270 725 1392 784 intellexi
1406 724 1434 782 ie
1450 737 1575 780 auersum
1589 721 1793 790 erroneum,
1809 722 1850 776 sic
1864 722 2052 796 requiesceret

470 829 498 882 iu
513 837 540 882 te
552 828 772 904 spiritnsmeus‘,
788 825 809 878 si
822 833 852 878 te
864 838 1059 898 cognoscerem
1071 821 1106 877 ad
1120 822 1276 877 doctrinam
1291 837 1383 876 sanam
1398 831 1561 875 conversum
1581 826 1611 872 et
1630 831 1780 871 reversum.
1794 812 1850 870 Sed
1868 814 1935 888 quia
1948 813 2006 868 scio
2024 823 2052 868 te

471 928 531 988 post
552 919 698 974 concilium
716 913 907 972 suessionense
921 917 951 972 in
964 913 1284 990 curribusqoorosadam
1302 929 1372 988 quos
1390 929 1499 968 mecum
1518 911 1590 968 bene
1610 910 1701 977 emti,
1720 909 1868 982 pristinam
1886 909 2051 963 sententiam

470 1022 545 1065 tuam
560 1011 739 1066 clandestinis
748 1009 985 1084 disputationibus
997 1008 1199 1064 studiosissime
1212 1005 1380 1074 defendisse,
1394 1013 1424 1062 et
1434 1004 1561 1062 eamdem
1574 1020 1659 1080 quum
1671 1003 1860 1075 abjuraveras,
1873 1013 1904 1057 et
1917 1001 1983 1056 alias
1994 1018 2051 1056 non

470 1103 562 1157 nilons
575 1105 683 1158 insanas
695 1103 863 1178 persuadere
875 1097 1015 1171 soluisse)
1027 1109 1081 1156 non
1096 1111 1187 1174 potest
1200 1101 1306 1156 intrare
1319 1101 1348 1159 iu
1361 1117 1409 1154 oor
1423 1115 1531 1166 meum,
1544 1096 1621 1173 quud
1633 1094 1726 1155 adbuc
1738 1094 1822 1152 fidem
1833 1103 1911 1150 tnam
1924 1111 2052 1150 correxe-

470 1195 520 1262 ris,
546 1195 623 1270 qnod
641 1213 733 1252 mores
748 1197 778 1251 in
794 1195 895 1252 melina
906 1196 1129 1251 commutaveris.
1143 1217 1156 1245 n
1169 1193 1305 1268 Denique·
1317 1193 1393 1268 quod
1414 1193 1569 1248 Aventinus
1589 1189 1625 1246 de
1644 1189 1808 1257 lluscelino,
1827 1188 1890 1244 sire.
1903 1187 2052 1246 Rosceliao

469 1287 577 1356 scribit,
593 1304 657 1343 eum
671 1288 815 1343 auctorem
835 1284 922 1343 fuisse
937 1285 1122 1343 nominalium
1132 1301 1142 1353 ,⁴
1161 1309 1175 1337 n
1186 1287 1237 1362 qui
1251 1287 1329 1342 ¹avari
1351 1300 1461 1352 rernm,
1482 1282 1594 1358 prodigi
1616 1284 1762 1338 nominum
1783 1292 1869 1357 atque
1883 1281 2049 1351 notionum,

471 1381 615 1436 verborum
628 1381 797 1436 ridebantur
807 1399 865 1437 esse
877 1391 1043 1454 assertores,
1055 1403 1068 1431 a
1081 1381 1117 1436 ab
1130 1381 1183 1436 hac
1194 1381 1278 1435 etiam
1294 1378 1395 1447 altera,
1408 1397 1492 1454 quam
1508 1377 1668 1434 rihelardus
1679 1377 1837 1432 adversario
1848 1393 1900 1432 suu
1908 1376 2050 1445 obtrudit,

399 1467 402 1476 ’
468 1473 626 1545 objectione
644 1471 700 1528 aon
719 1474 836 1529 omnino
847 1473 1038 1530 disconvenit:
1053 1473 1145 1539 «ilic,
1157 1495 1170 1523 a
1183 1471 1289 1547 inquit,
1300 1489 1319 1521 a
1331 1472 1404 1526 sicut
1416 1469 1700 1545 pseudodialecticus,
1714 1471 1752 1524 ita
1770 1478 1799 1524 et
1814 1469 2052 1542 pseudochristia-

469 1581 534 1634 nus,
548 1581 636 1640 quum
650 1565 834 1622 indialectics
851 1565 1025 1623 sualnullana
1046 1583 1105 1621 rem
1127 1575 1219 1640 par-tes
1237 1565 1342 1621 babere
1363 1566 1494 1631 estimat,
1519 1566 1557 1620 ita
1578 1563 1701 1619 divinam
1718 1563 1853 1636 pagiuam
1873 1562 2053 1638 impudenter

470 1661 616 1731 pervertit,
629 1670 661 1715 ut
673 1677 707 1715 eo
718 1659 781 1716 loco
790 1677 847 1735 qno
860 1659 965 1715 dicitnr
979 1659 1115 1715 Dominus
1128 1669 1235 1734 partem
1249 1659 1400 1733 piscisassi
1414 1658 1580 1726 comedisse,
1594 1667 1703 1732 partem
1722 1656 1807 1729 hujus
1827 1659 1916 1726 scm's,
1937 1673 1998 1733 qne
2009 1670 2052 1714 est

471 1754 825 1826 pestanensem-partem
838 1753 879 1808 rei
892 1751 1049 1826 intelligere
1067 1753 1330 1826 cogatnrssQnsre
1349 1751 1408 1807 non
1429 1752 1548 1818 mirum,
1568 1752 1593 1806 si
1613 1749 1742 1824 prelatus
1760 1749 1921 1805 bladardus
1938 1753 2052 1808 nomios

469 1844 615 1919 designare
627 1845 691 1920 quis
702 1847 756 1902 iste
768 1847 1026 1920 essetsupesllonm
1038 1845 1167 1913 duxerit,
1179 1863 1263 1920 quem
1280 1855 1323 1900 tot
1337 1845 1492 1918 singulares
1509 1855 1581 1900 note
1598 1842 1778 1918 singulariter
1797 1844 1947 1901 notabilem
1965 1847 2051 1902 facie-

470 1941 670 1997 locationes
679 1939 816 2015 quantum
830 1941 1051 2000 adscensionem
1065 1939 1252 2014 componendi
1267 1949 1404 1996 tractatus
1418 1939 1456 1995 de
1471 1941 1612 1996 Trinitate
1632 1937 1778 2014 sufficiam.
1792 1939 1886 2013 [Vide
1898 1959 1930 2000 ea
1944 1959 2004 2018 qne
2016 1941 2053 1998 de

468 2033 566 2089 rodem
578 2045 745 2107 argumento
758 2033 938 2091 edisserimus
952 2034 1038 2090 initin'
1046 2035 1139 2090 nostri¹
1147 2033 1263 2090 secundi
1277 2033 1440 2104 voluminis,
1455 2034 1503 2088 ubi
1516 2041 1649 2090 tractatus
1662 2033 1798 2094 Abelsrdi
1811 2031 1973 2110 rapadion]

1094 2233 1166 2288 Note
1182 2226 1299 2302 XXIX,
1314 2251 1378 2308 pag.
1395 2219 1443 2289 ⁴8.¹

509 2393 593 2462 Quem
607 2390 721 2464 paridem
734 2399 884 2458 tractatum
896 2389 1151 2455 manumiserunt
1164 2390 1298 2462 legissent
1309 2391 1439 2461 plurimi,
1458 2391 1543 2461 coepr't
1555 2392 1584 2450 io
1596 2407 1740 2449 commune
1754 2391 1884 2449 omsstm
1899 2393 2050 2463 plurimisos

467 2484 588 2551 plaeere,
601 2484 721 2556 —Cujus
734 2483 885 2551 sutem;sel
898 2483 988 2556 qualis
1000 2483 1190 2538 estimationis
1201 2482 1288 2538 luerit
1298 2482 1350 2538 iste
1360 2481 1445 2550 liber,
1458 2481 1573 2538 unicum
1583 2481 1668 2536 etiam
1682 2482 1769 2538 cocu
1782 2483 1916 2540 Bernsrdi
1927 2487 2052 2544 murno-

471 2576 548 2632 nium
560 2576 752 2644 dempnstrare
764 2586 863 2648 potens
875 2586 927 2630 est.
941 2574 1071 2632 Scribens
1082 2575 1157 2630 enirn
1169 2574 1203 2628 ad
1217 2575 1360 2650 episcopos
1376 2585 1406 2628 et
1418 2573 1572 2630 cardinales
1584 2575 1666 2630 curie
1680 2591 1801 2630 rontano
1812 2575 1910 2649 [epist.
1920 2595 2049 2647 crassae,

473 2667 556 2738 Opp,
571 2679 592 2736 t,
606 2669 628 2737 l,
639 2667 694 2737 cel.
708 2673 756 2734 ,ldl
766 2668 794 2742 ]:
811 2691 825 2718 n
836 2667 942 2740 Legite,
952 2690 966 2736 p
981 2666 1084 2742 inquit,
1099 2689 1113 2717 s
1124 2667 1147 2722 si
1160 2667 1259 2739 placet,
1275 2666 1378 2725 librum
1391 2667 1465 2722 Petri
1474 2665 1633 2734 ¹rllsrslardi,
1648 2684 1733 2741 quem
1742 2667 1812 2726 dicit
1823 2668 1993 2743 Tbeolcgiae.
2005 2672 2050 2730 sd

471 2779 582 2821 manum
593 2771 640 2824 est
650 2764 742 2830 enim,
758 2779 863 2835 quum,
877 2762 948 2818 sicut
961 2760 1112 2832 gloriatur,
1124 2778 1140 2814 a
1152 2760 1279 2832 pluribus
1292 2757 1436 2816 lectitetur
1452 2758 1482 2814 in
1496 2759 1583 2816 curia.
1596 2781 1610 2810 s
1625 2760 1661 2814 Et
1672 2759 1788 2834 epistola
1801 2778 1862 2816 osca
1871 2743 1967 2834 [Opp.,
1980 2773 2003 2818 t.
2015 2765 2050 2834 1,

470 2855 522 2922 ccl.
537 2856 602 2926 iil]
612 2879 618 2908 ι
630 2854 786 2922 ,assurrexit
798 2873 813 2910 a
827 2853 945 2922 mortuis
957 2853 1029 2911 liber
1043 2851 1104 2921 ille,
1116 2852 1232 2925 jamjam
1245 2852 1371 2914 extendit
1390 2852 1517 2926 palmites
1531 2869 1595 2910 snos
1609 2869 1698 2928 nsque
1714 2853 1750 2910 ad
1767 2872 1860 2922 mare,
1872 2865 1902 2912 ct
1914 2873 2003 2930 nsque
2014 2858 2053 2914 ad

469 2947 587 3012 Romam
606 2947 771 3020 propagines
789 2946 869 3018 ejus„
882 2945 954 3003 lieo.
965 2944 1094 3018 gloriatio
1112 2945 1237 3002 bominis
1248 2944 1342 3012 illiue,
1357 2945 1434 3018 quod
1454 2945 1526 3002 liber
1542 2961 1610 3000 sons
1623 2945 1654 3001 in
1667 2947 1745 3002 maria
1761 2930 1877 3005 morans
1897 2947 1983 3004 habet
2002 2951 2052 3008 ubi

469 3052 552 3113 caput
561 3057 642 3096 suum
654 3040 797 3112 reclinet.»
811 3037 866 3094 Sed
878 3039 944 3112 quia
956 3037 1022 3108 libri
1037 3038 1246 3094 Sententiarum
1256 3038 1334 3094 Petri
1345 3037 1495 3093 hembardi
1507 3038 1630 3111 episcopi
1644 3038 1802 3111 parisiensis
1814 3038 1845 3094 id
1857 3041 2048 3112 obtinuerunt,

470 3146 501 3189 ut
515 3133 565 3190 soli
579 3133 691 3188 tandem
705 3134 736 3188 in
753 3132 873 3206 publicis
884 3131 1032 3204 theologias
1045 3130 1147 3188 scbolis
1162 3131 1238 3203 legi,
1252 3130 1294 3187 vel
1307 3131 1343 3191 ab
1356 3131 1478 3205 antiquis
1490 3141 1568 3191 retro
1579 3133 1764 3206 temporibus,
1778 3137 1949 3207 meruerint,
1963 3137 2050 3212 pluri·

472 3243 550 3294 mum
561 3224 655 3280 adhuc
667 3225 755 3296 ipsam
772 3221 908 3294 Abelsrdi
922 3222 1108 3294 Theologiam
1122 3221 1328 3278 commendasse
1340 3222 1410 3277 mihi
1424 3223 1555 3294 videbor,
1568 3225 1592 3280 si
1600 3223 1707 3280 dictum
1721 3226 1908 3284 Lcmbardnm
1919 3248 1952 3286 es
1965 3233 2052 3304 potis-

471 3321 573 3374 simum
586 3317 615 3372 in
630 3315 836 3391 consponemlis
845 3315 900 3386 illis
911 3315 991 3386 libris
1004 3333 1084 3370 usum
1098 3316 1183 3387 inisse
1197 3314 1288 3389 palam
1300 3315 1401 3372 fecero.
1413 3315 1497 3388 Quod
1510 3329 1637 3392 prestare
1650 3337 1702 3376 nec
1715 3317 1840 3390 difficile,
1854 3323 2052 3399 necsliquibns

471 3411 593 3480 fortassis
604 3412 746 3485 ingratum
758 3409 853 3480 luerit.
864 3409 902 3464 -Id
912 3409 988 3464 enim
1000 3426 1034 3464 ex
1043 3407 1285 3481 Eulogioloannis
1298 3408 1507 3479 Cornubiensis,
1522 3410 1608 3484 ipsius
1617 3411 1767 3468 Lumbardi
1780 3412 1911 3488 discipuli
1923 3415 2051 3490 discitur,

442 3547 446 3556 .
471 3507 520 3562 ubi
530 3516 676 3579 postquam
686 3504 770 3560 dinc:
784 3502 937 3575 «Magister
947 3501 1222 3572 Petr·nsAbailardns
1233 3503 1264 3557 in
1277 3502 1431 3577 Theolcgia
1440 3522 1488 3558 sua
1499 3505 1539 3562 sic
1550 3504 1662 3562 disserit
1676 3525 1682 3556 :
1695 3505 1793 3578 aQuid
1801 3519 1844 3564 est
1855 3508 1950 3568 dicere
1961 3511 2052 3570 Deum

473 3599 555 3666 «lieri
568 3598 722 3664 hominem,
736 3595 788 3652 nisi
802 3594 923 3666 divinam
936 3595 1199 3669 substantiamque
1212 3595 1365 3667 spiritualis
1375 3607 1431 3665 est,
1442 3595 1604 3665 hurnanam,
1618 3615 1680 3672 qun
1691 3611 1892 3672 conponerent,
1906 3602 1958 3661 sibi
1972 3605 2054 3662 onire

474 3715 486 3742 ιι
498 3693 527 3746 ln
543 3709 690 3767 perscmm
703 3689 806 3745 unam?
818 3711 832 3740 s
844 3688 961 3762 Aliquot
975 3688 1147 3761 interpositis
1163 3687 1246 3756 lineis
1263 3687 1393 3764 adjungit
1410 3709 1416 3739 z
1434 3711 1447 3739 a
1460 3689 1544 3761 Quod
1563 3709 1631 3748 rero
1643 3709 1658 3748 a
1670 3694 1804 3766 magistro
1813 3694 1899 3752 Petro
1906 3696 2053 3754 Abelsrdc

472 3785 548 3840 hanc
566 3785 726 3857 opinionem
740 3800 817 3836 suain
835 3782 967 3855 magister
981 3783 1083 3851 Petrus
1099 3781 1270 3840 lombardus
1282 3783 1437 3855 acceperit,
1450 3800 1484 3838 eo
1498 3785 1586 3858 magis
1605 3786 1760 3858 suspicatus
1774 3803 1854 3856 sum,
1868 3789 1935 3864 quia
1947 3789 2054 3847 librum

472 3878 551 3934 illum
566 3877 727 3951 frequenter
743 3893 796 3949 pre
811 3875 939 3933 manibus
952 3874 1069 3942 habebat
1080 3898 1087 3942 ;
1100 3885 1130 3959 et
1142 3874 1215 3932 icrte
1231 3877 1325 3943 minus
1340 3873 1491 3950 diligenter
1506 3877 1613 3952 singula
1632 3889 1822 3952 perscrutans,
1838 3892 1870 3939 ut
1887 3884 1938 3957 qui
1954 3901 1987 3940 ex
2000 3901 2053 3942 suu

473 3970 569 4041 inagis,
583 3987 668 4044 quam
677 3987 711 4038 ex
722 3978 781 4024 arte
792 3966 954 4042 disputandi
965 3966 1093 4040 peritiam
1108 3967 1236 4036 liaberet,
1247 3967 1305 4024 lalli
1319 3978 1455 4040 poterat.»
1472 3967 1554 4026 Unde
1563 3980 1713 4050 etsauctns
1722 3971 1879 4030 bernardus
1891 3975 2054 4048 ignca-amer

472 4063 616 4120 ⁴bbrslardo
631 4063 686 4138 ipsi,
705 4061 811 4128 librum
823 4061 1030 4130 Sententiarum
1042 4060 1172 4116 attribuit
1188 4061 1219 4116 in
1230 4059 1346 4134 epistula
1363 4078 1485 4120 cassus.
1499 4063 1570 4118 Nam
1584 4074 1618 4118 ut
1629 4063 1703 4120 idem
1716 4064 1920 4129 ehamensis
1934 4068 2052 4124 Coeles·

472 4159 548 4222 sicne
566 4173 630 4223 sue,
640 4155 704 4221 fidei
720 4155 860 4222 declarat,
873 4177 886 4208 ι
898 4172 1041 4228 nunquam
1052 4153 1123 4210 bber
1136 4152 1237 4227 aliquis
1246 4154 1295 4228 qui
1304 4153 1514 4211 Sententiarum
1527 4155 1652 4229 dicatur,
1665 4176 1721 4216 ase
1731 4161 1850 4234 scriptus
1860 4161 2028 4234 reperietur.
2039 4187 2053 4216 s

476 4252 579 4311 Verum
592 4259 741 4322 antequam
755 4246 790 4302 ad
812 4247 866 4305 alia
884 4257 1070 4314 napseamus,
1089 4263 1179 4318 operas
1199 4247 1320 4318 pretium
1339 4246 1425 4304 inerit
1446 4247 1494 4304 bic
1510 4248 1682 4308 diffusiorem
1702 4270 1820 4326 operum
1835 4271 1867 4309 ac
1884 4255 2053 4330 scriptorum

471 4343 596 4412 omniurn
608 4341 692 4412 hujus
702 4339 844 4408 libelurdi¹
853 4339 1077 4413 disquisitionem
1087 4337 1234 4402 instituere
1241 4361 1250 4406 ;
1258 4340 1416 4412 presertim
1431 4357 1519 4414 quum
1534 4342 1748 4402 Tritbemiuset
1759 4344 1807 4403 alii
1817 4347 1866 4421 qui
1876 4345 1912 4404 de
1920 4365 1955 4406 ec
1966 4347 2052 4406 locuti

472 4448 554 4504 suut,
569 4453 654 4508 pauca
667 4443 777 4490 uatum
790 4432 837 4488 illa
851 4441 1012 4498 recenseant
1023 4447 1083 4504 que
1097 4439 1208 4486 sanctus
1222 4431 1380 4491 bernardus
1392 4435 1496 4506 attigit.

880 4571 884 4578 ¹
905 4572 907 4580 Ι
926 4657 932 4684 r
992 4569 1138 4650 ¹lileraclrus
1149 4598 1357 4680 operumlPetrr'
1367 4601 1526 4658 Abolardc'.

508 4731 673 4808 Gunaposuit
691 4735 780 4808 igitur
800 4731 959 4789 Abelardns
972 4733 1066 4805 primo
1080 4731 1273 4802 Dialecticam,
1288 4737 1369 4808 cujus
1382 4737 1511 4794 meminit
1529 4739 1612 4794 initio
1626 4739 1711 4812 bajus
1727 4739 1867 4812 epistolar,
1882 4749 1911 4795 et
1924 4738 1998 4796 libro
2010 4741 2055 4799 Ill

474 4827 634 4900 'l‘licologiae
652 4843 712 4880 sue.
731 4825 801 4881 Nam
816 4827 854 4881 ibi
869 4825 940 4881 male
954 4825 1174 4882 Gmmmsticam
1191 4825 1277 4882 babet
1295 4831 1501 4904 manuscriptus
1521 4831 1607 4887 codex
1623 4849 1675 4907 pro
1690 4831 1859 4904 Dialectics,
1880 4831 1927 4888 his
1942 4831 2053 4890 serbis:
2080 4833 2082 4836 ’

475 4947 488 4974 e
502 4921 586 4993 Quod
599 4930 693 4975 antem
705 4937 755 4974 nec
767 4919 827 4974 loco
840 4920 943 4975 moseri
956 4920 1045 4994 possit
1055 4919 1104 4995 qui
1117 4920 1232 4994 spiritns
1245 4931 1304 4989 est,
1318 4933 1375 4977 tam
1390 4923 1622 4998 pbilosophorum
1634 4943 1718 5000 quarn
1732 4935 1892 4982 sanctorum
1905 4928 2056 4985 assertione

473 5018 616 5082 docemur,
630 5013 702 5070 sicut
715 5011 750 5068 de
762 5011 926 5084 Quantitate
941 5023 1091 5070 tractantes
1107 5013 1280 5068 ostendimus
1293 5033 1379 5090 quum
1390 5017 1610 5075 Grammaticam
1625 5020 1837 5076 scriberemus.»
1850 5020 1952 5076 Ethec
1962 5019 2055 5078 Diale·

474 5113 559 5176 ctica,
574 5111 630 5163 sire
649 5109 749 5181 Logica
760 5149 769 5178 ,
782 5107 944 5181 propediem
962 5111 992 5163 in
1013 5108 1196 5184 philosophias
1211 5108 1423 5166 candidatorum
1440 5113 1556 5186 gratiam
1569 5113 1677 5170 favente
1689 5115 1748 5170 Deo
1761 5115 1875 5170 seorsim
1889 5113 2053 5173 excudetur.

474 5207 605 5260 Praeterea
618 5203 729 5276 scripsit
741 5200 830 5274 glosas
839 5202 868 5256 in
882 5201 1054 5259 Ezechielem
1067 5201 1248 5276 prophetam,
1260 5213 1289 5259 et
1300 5207 1432 5260 amatoria
1442 5207 1583 5277 Carmina,
1596 5225 1717 5282 qnorum
1729 5209 1814 5264 etiam
1827 5208 1969 5283 pleraque,
1982 5209 2055 5265 sicut
