4590 6106
677 613 871 689 tribum
895 613 1173 701 sufficerent
1197 615 1343 691 NOTAE.
1753 615 1802 688 39

223 755 297 810 illius
311 751 417 808 audire.
436 751 569 808 Attamen
589 749 735 825 impemvit
749 749 819 818 sibi,
838 762 870 806 ut
887 769 938 824 per
953 771 1056 807 sunum
1076 752 1244 809 lectionibus
1266 755 1353 827 ipsius
1373 753 1527 809 interesset.
1548 753 1611 808 Mon
1632 769 1699 826 ergo
1717 753 1802 808 socies

223 845 341 914 habere,
357 855 386 900 et
398 844 522 901 Parisios
536 843 626 918 pulum
643 841 792 899 disiectice
811 853 896 918 utque
912 843 1071 900 divinitatis
1088 845 1220 901 lectiones
1240 845 1306 902 dare
1326 846 1424 920 erepit,
1440 857 1468 900 et
1480 845 1559 901 facile
1573 861 1669 900 onmes
1681 845 1803 900 Frsncie

221 939 370 1014 magistros
380 939 408 994 iu
419 937 495 994 brevi
505 937 656 1011 supererit·
666 935 723 1008 Qui
734 953 822 1012 quum
836 936 871 992 de
883 937 1029 1011 quadrivio
1039 937 1111 994 nibil
1125 937 1261 1006 audisset,
1274 938 1346 996 uleus
1358 939 1491 1014 magistro
1504 938 1615 996 Tirrico
1626 939 1656 994 iu
1668 937 1801 1012 quasdam

222 1031 432 1090 mstbenrstious
445 1030 579 1090 lectiones
597 1029 790 1098 rumestat,
805 1029 835 1086 in
850 1030 954 1105 quibus
968 1047 1051 1104 supra
1063 1049 1147 1106 quum
1160 1032 1323 1104 emineret,
1334 1031 1451 1093 obtentu
1464 1030 1634 1096 difficultatis
1646 1031 1802 1088 intellectus

220 1125 360 1184 resiliebst
368 1123 518 1186 ordiendo
527 1123 585 1181 Cui
592 1122 677 1183 ssnsel
687 1121 790 1184 afflicto
801 1133 830 1178 et
841 1121 1001 1196 indignanti
1012 1141 1062 1198 per
1068 1124 1166 1196 jocum
1177 1123 1310 1197 megister
1322 1123 1449 1182 Tirricus
1460 1126 1499 1183 sit
1509 1148 1514 1178 :
1527 1124 1604 1196 Quid
1616 1125 1691 1180 canis
1704 1124 1802 1198 plenus

221 1219 274 1274 nisi
294 1217 405 1274 lordum
427 1215 520 1288 bajone
542 1216 705 1274 cousuevit?
725 1214 822 1287 bsjure
842 1225 936 1272 autem
957 1215 1066 1292 lingere
1086 1226 1138 1272 est.
1161 1215 1267 1274 Exinde
1284 1215 1445 1288 anolsrdus
1463 1215 1596 1290 sppdlsri
1609 1219 1703 1292 coepit.
1718 1217 1802 1286 Quod

219 1327 321 1369 nomeu
335 1319 467 1383 tauquam
478 1327 513 1364 es
523 1305 635 1367 deiectu
648 1307 771 1382 quodum
783 1307 835 1364 sibi
850 1307 1013 1382 impositum
1025 1325 1114 1384 quum
1126 1308 1285 1380 sbdicuret,
1300 1310 1352 1364 sub
1364 1308 1522 1366 litteratura
1534 1327 1590 1366 nou
1601 1309 1730 1366 dissimili
1744 1310 1801 1366 Hs-

221 1401 368 1458 belsrdum
381 1419 410 1457 se
423 1401 562 1458 nominari
574 1401 659 1472 fecit,
671 1403 750 1476 qussi
763 1401 812 1476 qui
825 1401 942 1462 haberet
957 1403 1060 1460 ortium
1072 1401 1148 1477 apud
1160 1419 1189 1460 se
1203 1421 1340 1460 summum
1352 1413 1382 1458 et
1393 1401 1513 1477 adipem.
1529 1426 1542 1458 s
1556 1404 1631 1460 Vere
1650 1413 1746 1460 utrum
1766 1421 1801 1460 sn

220 1492 345 1550 fabulose
358 1494 412 1550 ists
426 1492 594 1563 referuntur,
614 1493 702 1553 lector
718 1491 817 1552 rideat
831 1494 874 1552 ct.
889 1493 987 1568 Bsyle,
1003 1493 1123 1552 Ds'ctiors.
1138 1498 1211 1564 orit,
1224 1496 1254 1554 in
1269 1513 1329 1552 soc.
1345 1495 1482 1560 Asinssm
1500 1495 1636 1564 Niceten,
1652 1497 1801 1553 Meirsoires

219 1607 293 1662 pour
303 1589 423 1646 serviri
435 1587 575 1646 I'Histoire
588 1587 640 1644 des
653 1587 786 1646 ammes
798 1588 940 1657 illustres,
953 1599 975 1656 t.
993 1589 1047 1658 1v,
1060 1599 1089 1645 et
1101 1590 1238 1663 precipue
1249 1589 1352 1646 clsriss.
1369 1589 1421 1646 viri
1431 1591 1493 1646 Cur.
1508 1587 1642 1647 Renum
1655 1591 1802 1662 egregium

221 1681 672 1754 opus‚Aostard,s.1,p.tt.]
920 1671 923 1678 '

868 1841 941 1898 nota
959 1843 1021 1912 111,
1041 1803 1115 1918 ng?
1127 1845 1153 1900 s.

258 1973 384 2030 Historia
399 1973 604 2031 mummium
616 2001 647 2014 -
660 1973 811 2029 Geuuiuus
824 1973 946 2048 epistole
959 1972 1074 2044 titulus,
1088 1983 1116 2029 et
1128 1974 1164 2030 sb
1176 1983 1290 2030 auctore
1303 1975 1364 2047 ipso
1376 1973 1518 2046 prelixus,
1534 1973 1575 2028 uti
1591 1989 1641 2027 nos
1653 1972 1734 2026 docet
1751 1972 1803 2026 Pe·

224 2067 351 2128 trsrclis,
364 2067 482 2139 scriptor
492 2067 582 2139 gineis
594 2076 624 2122 et
635 2065 777 2139 eloquens,
792 2065 864 2122 libro
874 2068 902 2122 ll
914 2065 949 2122 de
961 2067 1028 2120 Vita
1040 2067 1167 2124 solitaria
1173 2109 1180 2135 ,
1196 2067 1241 2122 bis
1252 2065 1343 2121 verbis
1355 2089 1361 2120 ι
1375 2065 1517 2140 «iungam
1531 2073 1573 2120 tot
1583 2065 1724 2120 veteribus
1738 2065 1804 2137 phi·

224 2158 347 2232 losophis
359 2158 541 2213 recentiorem
553 2175 653 2226 unum,
665 2173 717 2212 neu
729 2155 808 2211 ratde
820 2167 957 2212 semotum
967 2157 1003 2212 sb
1014 2169 1092 2213 etste
1102 2169 1195 2212 nostra
1202 2200 1208 2226 ,
1220 2175 1303 2232 quum
1314 2168 1389 2214 reete
1398 2159 1506 2228 neseio,
1516 2157 1565 2213 sed
1573 2158 1648 2232 apud
1657 2159 1802 2232 quosdam,

224 2251 362 2318 utendio,
377 2249 597 2324 suspectefldei,
611 2259 641 2306 st
652 2249 778 2324 proiecto
793 2267 849 2306 non
864 2249 978 2306 bumilis
995 2249 1117 2323 ingenii,
1130 2251 1246 2306 Petrum
1259 2247 1339 2305 illum
1353 2252 1398 2305 eui
1411 2251 1561 2308 Absilardo
1575 2269 1730 2326 cognomen
1742 2264 1801 2308 est:

224 2344 272 2416 qui
286 2353 317 2397 ut
330 2343 359 2397 iu
370 2342 497 2400 Historia
508 2361 626 2400 suarum
640 2341 840 2397 θαὶωιιίιαιωιι
854 2341 936 2415 longe
952 2343 1081 2398 oratione
1091 2343 1151 2415 ipse
1163 2341 1309 2410 meminit,
1324 2341 1433 2400 invidie
1447 2341 1564 2409 cedens,
1577 2343 1735 2399 solitudinis
1751 2355 1805 2400 tre·

224 2439 311 2492 censis
325 2435 417 2492 sbdits
430 2435 601 2511 penest-usit,
614 2445 691 2491 etc.»
703 2435 783 2492 iisne
794 2445 889 2490 nutem
901 2445 931 2490 et
944 2444 1055 2491 cesterss
1063 2435 1194 2511 epistolas
1205 2434 1290 2494 luisse
1298 2436 1383 2492 certis
1395 2434 1524 2510 capitulis
1538 2435 1696 2506 distinctus,
1708 2438 1806 2492 usserit

227 2529 345 2584 Jmnnes
359 2528 575 2604 magdunensis,
588 2531 638 2604 qui
652 2527 770 2605 leges-st,
783 2527 829 2584 bis
844 2527 983 2584 versibus:

751 2668 763 2693 ι
772 2655 816 2694 Une
825 2655 964 2694 merveilleuse
973 2653 1049 2707 perulis

752 2729 1053 2784 wammam,

751 2805 794 2856 unt
804 2805 853 2848 tim
861 2805 990 2851 mustum
998 2805 1022 2848 ts
1032 2805 1160 2862 duplos-.-

793 3015 796 3024 .
875 2947 948 3005 Note
968 2949 1022 3018 lv,
1041 2966 1105 3022 psg.
1126 2951 1152 3004 3.

263 3090 375 3164 Oppido
383 3087 505 3162 quodum
517 3085 663 3156 oriundus,
673 3085 794 3161 qnod...
808 3085 949 3142 Palatium
958 3083 1243 3160 appellatus.-iude
1252 3095 1282 3144 et
1290 3085 1454 3142 Palatinum
1467 3103 1498 3141 ss
1507 3086 1537 3141 in
1550 3086 1662 3160 seriptis
1673 3086 1731 3141 suis
1743 3086 1804 3140 dia-

223 3181 344 3250 lecticis,
354 3199 416 3256 que
429 3197 511 3254 penes
520 3197 564 3237 me
572 3190 653 3248 sunt,
665 3189 820 3253 nuncupat.
835 3179 884 3236 Fet
895 3189 992 3236 sutem,
1000 3179 1055 3236 lios
1067 3177 1220 3254 oppidum,
1235 3188 1268 3234 ut
1280 3179 1342 3252 ipse
1353 3179 1489 3253 loquitur,
1504 3179 1533 3234 in
1546 3179 1674 3252 ingressu
1687 3178 1804 3234 minoris

224 3274 386 3341 Bnnnnte,
400 3271 491 3329 tribus
503 3272 561 3329 iere
574 3271 661 3328 bucis
672 3272 708 3329 sb
720 3271 791 3328 urbe
805 3273 952 3328 nsnuetics
964 3283 1123 3341 remotum,
1136 3272 1220 3347 vulgo
1233 3273 1342 3329 Puluis.

771 3507 773 3514 γ
876 3434 949 3490 Note
968 3434 1007 3504 V,
1025 3452 1089 3511 pag.
1109 3439 1136 3512 3.

260 3565 336 3620 Siout
350 3574 454 3620 natum
467 3571 551 3619 terra
563 3581 633 3619 mea
646 3563 697 3618 vel
706 3566 818 3637 generis
834 3565 927 3620 aninso
940 3561 1020 3631 levis,
1035 3567 1075 3618 ita
1089 3572 1116 3618 et
1128 3563 1239 3636 ingenio
1253 3557 1337 3619 estio
1353 3557 1395 3616 aci
1414 3563 1607 3617 litteratorium
1626 3561 1804 3635 disciplinam

216 3655 325 3727 facilis.
338 3685 376 3700 -
390 3654 473 3711 ilsud
490 3655 574 3730 longe
593 3653 674 3711 aliter
694 3653 774 3720 Otho
793 3655 978 3730 Frisiugensis
997 3655 1161 3729 episcopus,
1177 3651 1303 3709 libide
1319 3653 1387 3709 liet.
1410 3655 1497 3726 gestis
1517 3651 1661 3711 chlerici
1670 3655 1823 3728 limpem

225 3767 283 3821 cap.
296 3765 372 3803 mvn
383 3773 390 3803 z
406 3770 420 3799 s
432 3749 481 3806 Est
491 3747 582 3818 euim,
599 3749 708 3824 inquit,
724 3747 854 3824 predicta
866 3759 956 3818 terra,
972 3765 1074 3821 nempe
1086 3745 1246 3816 britsnnis,
1261 3743 1427 3802 clericorum
1439 3755 1519 3802 scuta
1534 3747 1645 3822 ingenia
1657 3759 1686 3804 et
1697 3749 1803 3805 artibus

225 3841 358 3916 applicata
370 3841 550 3910 habentium,
564 3841 612 3898 sed
626 3841 661 3897 sd
673 3841 727 3898 slis
739 3841 851 3916 negotia
862 3857 934 3916 pene
946 3838 1112 3896 stolidorum
1127 3838 1216 3905 ierem
1229 3839 1324 3913 quales
1337 3839 1452 3896 luerunt
1465 3839 1522 3894 duo
1536 3839 1635 3898 lesnes
1648 3841 1805 3899 bernardus

224 3934 467 4002 etheodorieus,
481 3935 532 3991 viri
544 3935 708 3992 doctissimi.
723 3960 736 3988 s
750 3935 839 3992 Porro
853 3935 1051 3990 Britannorum
1063 3949 1130 4008 gens
1143 3941 1186 3990 est
1197 3929 1243 3988 ills
1258 3949 1332 4008 que,
1348 3945 1381 3990 nt
1394 3933 1547 4003 Henrious,
1564 3935 1804 3992 antissiodorensis

226 4028 395 4096 monachus,
408 4026 505 4083 scribit
519 4052 526 4083 ε

688 4159 694 4172 .
709 4159 715 4171 .
730 4131 783 4172 intes
794 4131 886 4184 geminus
894 4129 999 4170 notissime
1008 4129 1111 4170 elenditur
1119 4141 1199 4174 smum,

686 4209 818 4250 Amoenus
829 4207 887 4262 prius
895 4207 960 4251 vesei
968 4208 1091 4260 semine
1099 4205 1164 4250 esen.
1182 4247 1185 4254 ,
1211 4241 1214 4250 ,
1251 4234 1254 4243 .

226 4329 285 4386 Nec
299 4329 453 4386 attinetbie
464 4308 568 4386 referre
580 4345 641 4403 quse
651 4327 771 4397 Plinius,
786 4325 859 4386 Beda
874 4325 1068 4400 Venerabilis,
1081 4337 1109 4383 et
1120 4325 1167 4382 alii
1179 4324 1214 4382 de
1225 4323 1367 4381 nononis
1379 4325 1477 4382 Gallie
1488 4327 1632 4401 scripsere.
1646 4328 1719 4386 Sunt
1729 4329 1805 4382 enim

226 4421 357 4478 omnibus
367 4421 521 4478 notissime.
1470 4436 1474 4442 ·
1523 4435 1527 4444 ’

873 4535 946 4590 Note
965 4533 1024 4604 vl,
1042 4551 1108 4609 pag.
1127 4537 1155 4591 ³.

260 4673 375 4729 Patrem
386 4682 479 4728 autem
491 4671 676 4728 habebam-
682 4669 882 4745 Berengsrium
896 4669 1023 4740 nomine,
1038 4671 1087 4744 qui
1101 4679 1194 4744 postes
1207 4667 1242 4724 ad
1255 4668 1432 4725 monasticam
1445 4667 1643 4740 professionem
1658 4684 1807 4723 conversus

227 4777 281 4834 est,
295 4777 329 4821 nt
345 4767 405 4840 ipse
419 4765 519 4822 Petrus
531 4763 630 4820 scribit
640 4763 722 4820 inire.

864 4883 936 4940 Nota
950 4881 1022 4953 Vll,
1045 4901 1107 4960 pag.
1130 4885 1157 4940 i.
1257 4869 1259 4877 ¹
1366 4859 1369 4869 Ι

262 5015 307 5070 Me
320 5016 414 5087 itaque
425 5017 649 5088 primogenitum.
663 5043 700 5060 -·
711 5012 798 5089 [sod.
813 5013 1020 5083 Queroetssus,
1033 5011 1101 5070 isles
1120 5013 1240 5068 lectione
1258 5012 1287 5068 iu
1301 5029 1426 5070 errorem
1440 5010 1586 5077 inductus,
1600 5013 1670 5068 male
1681 4973 1805 5086 suspice·

230 5104 309 5161 betur
322 5106 498 5164 noctur-dnm
511 5117 576 5164 usto
591 5109 730 5164 minorem
743 5123 803 5164 esse
815 5106 900 5165 intro
912 5106 974 5178 ejus
986 5105 1129 5178 liudulfo,
1143 5105 1223 5177 nujus
1236 5105 1341 5162 mentio
1362 5103 1393 5160 fir
1411 5105 1440 5160 in
1454 5103 1611 5161 calendario
1626 5106 1804 5178 praesoletensi

232 5197 272 5252 tris
287 5198 377 5256 serbis
391 5224 397 5256 :
413 5223 426 5251 ι
444 5217 464 5256 ιι
478 5217 544 5266 non.
561 5199 727 5274 septembris
733 5199 810 5286 ¹obiit
822 5197 968 5272 ltaduffiu
978 5201 1109 5274 magistri
1117 5201 1209 5256 nostri
1218 5198 1297 5256 Petri
1306 5215 1468 5271 germarus·
1483 5199 1510 5267 s]
