4606 6106
885 629 889 636 ’
931 634 1167 708 Epistola.
1396 662 1398 670 ⁴
1777 640 1846 710 att

314 778 373 844 Ex
390 779 540 844 Decreta
560 775 710 863 Gelasir',
732 801 810 872 cap.
833 799 896 846 ιιιι.
910 778 1115 848 a--Devotis
1133 769 1278 874 quoque
1292 776 1515 874 virginibus,
1528 778 1592 848 nisi
1617 788 1677 849 aut
1703 779 1739 847 in
1764 779 1846 876 llpi'·

267 892 419 990 pbania,
438 895 552 964 autin
571 894 666 966 Albis
684 895 923 1022 paschalibus,
944 913 1006 969 aut
1024 900 1059 968 in
1077 899 1321 997 apostolorum
1338 896 1525 990 natalitiis,
1541 881 1683 972 sacrorn
1701 899 1847 972 minime

268 1011 455 1084 velamen
446 1029 672 1110 imponatur3
698 1011 732 1086 ιι
751 1034 825 1086 ιιοιι
844 1030 926 1086 anta
943 1017 1104 1114 quinque
1125 1032 1161 1088 et
1178 1019 1301 1114 viginti
1319 1041 1450 1108 annos,
1463 1019 1539 1091 nist
1529 1003 1668 1111 'ibrte,
1691 1021 1781 1091 sicut
1803 1018 1850 1092 de

268 1131 478 1230 baptismate
500 1131 594 1204 diota
599 1157 636 1204 m
655 1150 727 1224 ast,
749 1137 846 1232 gravi
865 1135 1012 1232 langore
1029 1129 1212 1234 correptis.
1231 1141 1288 1209 Ne
1312 1137 1387 1208 sine
1405 1137 1476 1208 hoo
1496 1121 1648 1210 muriou‘e
1667 1139 1712 1267 de
1729 1138 1849 1210 seculo

269 1269 413 1344 exeant,
437 1253 711 1355 irnplorantibus
727 1277 801 1328 non
822 1271 981 1353 negetur.
1056 1275 1073 1305 ⁸²
1162 1273 1166 1281 '
1198 1247 1214 1282 '³
1265 1271 1269 1279 ’
1315 1272 1319 1282 ’
1390 1273 1393 1282 ’
1584 1267 1591 1290 ’·

317 1375 375 1443 Ea
388 1381 537 1464 Depreto
551 1371 611 1446 Pii
618 1399 739 1472 papea
731 1381 856 1446 -Ut
869 1377 1023 1474 virgines
1036 1398 1110 1462 non
1122 1376 1293 1448 velentur
1289 1391 1378 1458 ante
1385 1400 1547 1474 qumque
1558 1391 1594 1456 et
1605 1381 1727 1476 viginti
1739 1402 1853 1451 annos

265 1494 396 1583 aetatis,
426 1493 494 1566 nisi
484 1495 604 1566 forte
625 1493 832 1568 nauemitate
849 1495 1078 1594 periclitantis
1094 1487 1275 1592 virginalis
1291 1495 1493 1592 pudicitiae,
1514 1511 1549 1566 et
1572 1520 1645 1568 non
1665 1513 1747 1569 sunt
1763 1516 1851 1568 eou-

268 1613 471 1686 secrandae
461 1637 507 1686 ιιι
512 1615 581 1687 alio
600 1630 762 1714 tempore
782 1616 850 1686 nisi
864 1617 900 1686 in
920 1615 1134 1715 Epiphaniat
1152 1631 1187 1687 et
1200 1617 1237 1686 in
1253 1614 1348 1686 rtlbis
1360 1615 1596 1714 paschalibus,
1613 1618 1698 1690 etin
1713 1633 1853 1716 aposto-

269 1731 392 1826 lorum¹
405 1733 586 1824 natalitiis,
603 1736 669 1805 nisi
686 1759 791 1806 causa
806 1735 930 1806 mortis
946 1749 1103 1830 urgente.

319 1857 377 1923 Ila
395 1852 544 1924 concilio
555 1853 780 1941 aulonitana,
801 1877 879 1949 cap.
902 1877 984 1924 xxv.
998 1891 1049 1911 -η
1060 1857 1147 1924 ltem
1160 1853 1366 1951 placuit,·ut
1379 1855 1584 1951 quicunque
1603 1843 1853 1952 episcoporum

269 1973 475 2046 necessitate
487 1973 716 2072 periclitantia
729 1973 907 2070 pudicitiae
922 1971 1118 2070 virginalis,
1137 1994 1253 2069 ¹quum
1270 1973 1497 2072 velportitor
1508 1974 1723 2072 potebs‚·vel
1735 1989 1855 2073 raptor

267 2094 395 2191 aliquis
410 2093 640 2182 formidatur,
661 2093 717 2164 vel
731 2096 760 2164 si
773 2094 879 2166 etiam
896 2091 1090 2190 aliquando
1106 2095 1230 2164 rnortis
1241 2094 1443 2192 periculoso
1458 2094 1626 2193 scrupulo
1640 2109 1854 2192 compuncta

270 2213 389 2304 fuerit,
422 2238 468 2286 ne
502 2237 577 2285 non
599 2213 712 2288 velata
738 2215 930 2302 moriebar,
962 2229 1022 2285 aut
1048 2213 1271 2310 exigentibus
1295 2213 1502 2312 parentibus
1526 2227 1588 2286 aut
1617 2215 1658 2284 iis
1688 2213 1734 2292 ad
1764 2239 1855 2311 quo·

271 2357 349 2406 rum
362 2355 485 2406 curam
498 2333 672 2432 pertinet,
688 2331 814 2407 'velarit
833 2335 1027 2430 virginem,
1048 2353 1110 2405 sou
1124 2333 1252 2405 velavit
1271 2334 1362 2404 intra
1377 2335 1536 2431 quinque
1551 2347 1586 2404 et
1600 2333 1723 2430 viginti
1741 2357 1855 2405 anuos

271 2455 401 2545 artatis,
423 2478 498 2525 non
516 2453 662 2526 aiobsit
678 2454 871 2525 concilium
898 2453 1062 2550 quodde
1083 2451 1150 2526 isto
1169 2475 1322 2525 numero
1341 2458 1520 2525 annotant
1538 2455 1772 2526 constitutum
1788 2469 1853 2526 est.

320 2579 698 2671 Hieronymusmmm
715 2575 1060 2646 Jovr'nianum.-—·Si
1078 2575 1239 2673 nupserit
1256 2575 1374 2672 virga,
1395 2595 1469 2645 non
1487 2565 1647 2674 peccavit
1670 2601 1678 2644 ι
1702 2601 1776 2648 ιιοιι
1799 2575 1856 2646 illa

271 2695 371 2792 virgo
397 2717 477 2792 quae
500 2710 612 2766 semet
637 2694 748 2782 uultui
767 2697 833 2767 Dei
858 2694 1049 2777 dedioaait,
1084 2699 1219 2765 tiaram
1236 2694 1337 2766 enim
1361 2695 1391 2765 si
1410 2717 1496 2791 qua·
1511 2697 1686 2793 nupserit,
1713 2696 1858 2768 babebit

259 2815 559 2914 damnationem,
573 2815 679 2912 ·qnod
694 2817 848 2916 primam
868 2809 978 2887 iidem
990 2815 1126 2886 irritam
1144 2812 1236 2886 lauit.
1252 2816 1288 2885 Si
1299 2829 1425 2889 'atnam
1440 2813 1511 2887 boo
1524 2817 1570 2888 de
1587 2817 1704 2888 viduis
1721 2818 1858 2889 dictum

272 2937 484 3033 objecerint,
505 2953 640 3036 quanto
658 2939 769 3035 magis
789 2939 838 3009 de
855 2937 1049 3034 virginibus
1065 2937 1286 3036 prevalebis,
1310 2952 1423 3034 quum
1441 2926 1550 3009 ¹etiarn
1573 2941 1614 3010 iis
1637 2956 1711 3011 non
1732 2939 1855 3028 liceat,

274 3057 404 3154 mnibus
421 3052 790 3156 aliqnandoliottetlt?
811 3058 971 3155 Virgines
988 3059 1104 3144 anun,
1127 3081 1206 3154 qaae
1227 3045 1856 3158 postconsemationem‘nupsenrnt,

275 3201 350 3248 non
368 3193 440 3249 tarn
459 3177 626 3250 adulterae
645 3203 755 3275 quarn
775 3179 915 3250 incestae
935 3192 1029 3248 sunt.

319 3304 382 3368 Ex
394 3304 542 3369 Decreta
555 3299 740 3369 Eutieiant'
746 3321 872 3395 papae,
891 3321 969 3394 cup.
985 3295 1484 3370 xn1.-ttihilorninusettam
1498 3300 1861 3397 ln'quibusdamloois

275 3418 428 3490 inditum
447 3403 649 3490 invenimus
674 3441 779 3489 usum
796 3416 950 3488 stultitiae
975 3416 1143 3516 plenum,
1175 3431 1212 3487 et
1237 3415 1479 3489 ecobsiastioae
1502 3423 1701 3492 auctoritati
1722 3436 1862 3495 eontra·

276 3537 382 3628 rium,
396 3537 614 3610 eovidelicet
626 3537 727 3635 quod
739 3535 922 3608 nonnulla
934 3535 1139 3627 abbatissae,
1159 3552 1195 3608 et
1211 3535 1336 3634 aliquoe
1348 3559 1393 3611 ex
1405 3539 1736 3620 sanctimonialibus
1746 3541 1862 3612 viduis

276 3671 311 3728 et
325 3657 455 3757 puellis
473 3653 665 3754 virginibus
684 3668 810 3728 contra
832 3656 883 3728 fas
905 3655 1025 3727 valum
1042 3657 1228 3754 imponere
1246 3672 1489 3754 presumant,
1508 3671 1546 3729 at
1572 3657 1654 3729 ideo
1681 3660 1862 3732 nonnulla

276 3778 404 3873 injuste
423 3778 544 3849 velatae
563 3791 692 3876 putant
709 3800 748 3848 se
769 3776 914 3848 liberius
940 3777 1012 3847 suis
1040 3772 1241 3848 carnalibus
1267 3776 1452 3847 desideriis
1475 3767 1582 3876 posse
1611 3777 1803 3868 inservire,
1828 3797 1863 3853 et

276 3921 355 3970 suas
381 3897 582 3973 voluntates
606 3895 761 3995 eaplere.
792 3893 1249 3994 Quapropterstatuimus,
1271 3911 1311 3968 ut
1324 3897 1358 3967 -si
1382 3895 1581 3988 abbatissa,
1611 3913 1672 3970 aut
1697 3900 1863 3997 quaelibet

276 4016 554 4090 sanctimonialis
571 4032 654 4115 post
669 4016 765 4088 bano
791 4014 1069 4087 diffinitionem
1059 4035 1095 4085 m
1117 4029 1252 4086 tantam
1281 3994 1468 4087 audaciam
1490 4021 1712 4117 proruperit,
1736 4036 1775 4092 ut
1803 4037 1862 4092 aut

277 4137 421 4212 viduam
448 4153 510 4210 aut
534 4136 691 4237 puellam
719 4137 924 4233 virginem¹
920 4133 1041 4206 velare
1067 4147 1277 4234 prasumat,
1305 4134 1443 4230 judioio
1463 4129 1647 4210 roanoirico
1678 4140 1860 4236 usquead

276 4257 554 4331 satisfactionem
561 4255 771 4328 subdatur.¹
1854 4299 1856 4306 ι

324 4379 531 4476 Bonisaer'us
548 4394 688 4473 martyr·
700 4373 947 4447 Halteribalbo²
961 4400 1033 4474 rega
1030 4375 1147 4512 ,ingl
1144 4399 1261 4444 orant:
1269 4375 1434 4473 *alpad
1451 4379 1644 4449 (ιιιιιῡιιιι
1657 4381 1857 4466 Romanos,

276 4523 377 4599 quan
366 4499 653 4599 blasphemiam
674 4498 779 4568 Deo
769 4513 976 4594 rrrogaeset,
997 4497 1059 4592 qai
1073 4495 1116 4566 in
1132 4496 1202 4567 boo
1219 4491 1383 4587 retranit,
1402 4511 1443 4568 at
1458 4498 1605 4596 proprie
1619 4497 1668 4570 de
1689 4497 1764 4569 boc
1781 4520 1862 4596 pec-

277 4637 358 4694 oato
382 4636 465 4694 ante
481 4617 747 4692 ordinationem
771 4619 1027 4713 interrogatus,
1054 4617 1083 4687 si
1100 4616 1315 4688 ··raus=luerit
1331 4616 1498 4688 inventus
1508 4665 1524 4708 ,-
1537 4608 1578 4688 ul
1594 4641 1678 4695 oum
1695 4616 1809 4691 uelata
1821 4633 1863 4689 ret

277 4753 481 4812 consecrata
509 4762 581 4810 una
606 4735 876 4826 concubuisset,
908 4735 954 4806 ab
985 4735 1085 4806 omni
1108 4735 1219 4832 gradu
1253 4735 1480 4807 sacerdotum
1505 4737 1572 4808 Dei
1597 4736 1858 4835 prohiberetur.

279 4863 428 4960 Propter
439 4857 524 4949 boc,
536 4856 586 4928 fili
603 4857 823 4947 elaarissiane,
843 4854 993 4926 sollicite
1003 4851 1305 4926 oonslderandum
1319 4853 1503 4953 estqno'nti
1516 4851 1687 4955 ponderis
1700 4855 1773 4928 boc
1782 4855 1863 4956 p'ec-

277 4993 397 5052 eatum
420 5003 498 5050 ease
524 4975 667 5049 videtur
689 4991 772 5049 ante
793 4975 918 5047 oculos
938 4975 1060 5047 aterni
1080 4972 1230 5071 judicis,
1250 4975 1349 5071 quod
1373 4971 1559 5050 iaciebte'm
1575 4979 1671 5049 inter
1694 4973 1866 5050 idolatriae

313 5255 320 5282 ¹
340 5253 516 5307 Erebebatdo?
527 5253 582 5305 vid.
595 5253 699 5306 Fabricii
722 5254 785 5304 aut.
798 5257 861 5304 med.
877 5255 956 5318 etius.
967 5253 1032 5312 lat„
1045 5262 1063 5303 t.
1075 5251 1100 5314 l,
1113 5268 1139 5319 p.
1157 5251 1212 5300 259.

399 5357 409 5402 l
