4536 6102
457 547 528 622 636
909 588 914 597 ·
1052 545 1181 620 PETRI
1207 542 1439 620 luetluet

332 765 340 780 ,
460 689 576 776 tebat,
594 701 630 758 et
646 710 725 784 quae
740 685 974 784 postmodum
989 711 1055 785 per
1070 687 1238 760 ellectum
1254 713 1406 787 operum
1423 687 1471 762 ad
1486 689 1604 762 lucent
1620 689 1738 787 erupit
1762 713 1771 757 ε
1795 683 1896 783 quod
1915 698 1967 756 est
1981 683 2036 756 di·

459 831 539 881 cere
557 838 565 878 :
585 809 682 878 Sicut
703 808 801 905 prius
819 819 940 878 urente
963 807 1148 904 concepit,
1173 808 1224 878 ita
1247 807 1480 905 postmodum
1505 829 1615 906 opere
1637 805 1920 892 consummarit,
1940 804 2036 898 juxta

429 947 432 956 '
459 927 558 1024 quod
573 928 746 1025 scriptum
762 929 833 998 est¹
852 955 859 997 :
879 954 897 996 u
912 925 1023 1014 Quod
1039 923 1174 998 sactum
1187 941 1252 1016 est,
1272 926 1310 996 in
1327 927 1405 1024 ipso
1421 927 1497 999 vita
1515 941 1603 1000 erat.
1619 954 1637 994 x
1657 927 1768 1014 Quasi
1783 925 1881 996 enim
1897 923 1944 996 de
1958 924 2037 996 sinu

457 1048 618 1146 quodam
635 1049 760 1122 secreti
778 1049 832 1119 sui
847 1045 986 1143 singula
997 1051 1093 1120 Deus
1108 1045 1293 1145 producit,
1312 1046 1400 1119 dum
1412 1047 1557 1120 exhibet
1571 1071 1681 1147 opere
1696 1046 1798 1145 quod
1809 1061 1893 1118 ante
1908 1067 2035 1117 conce·

458 1185 559 1265 perat
573 1186 714 1257 ruente;
733 1193 800 1240 nec
817 1193 839 1240 a
854 1181 1031 1266 conceptu
1049 1167 1198 1240 dissidet
1213 1191 1323 1265 opus,
1342 1168 1431 1240 dum
1447 1168 1545 1268 quod
1563 1184 1684 1242 mente
1700 1169 1904 1268 disponitur
1930 1191 2036 1265 opere

457 1285 671 1384 completur.
685 1291 807 1374 Quum
820 1288 941 1385 itaque
951 1299 1026 1358 tam
1038 1309 1185 1386 voepere
1194 1309 1304 1385 quam
1315 1309 1422 1358 manc
1436 1301 1552 1378 totam
1561 1288 1769 1361 divinorum
1780 1309 2034 1385 operumsum·

371 1481 374 1488 ,
459 1399 572 1498 marn,
591 1425 632 1480 ut
648 1410 785 1480 dictum
801 1423 874 1498 est,
889 1409 1193 1508 comprehendat,
1211 1423 1285 1482 taur
1310 1409 1477 1482 videlicet
1500 1425 1761 1510 conceptorum
1785 1423 1906 1482 mente
1930 1431 2036 1506 quam

458 1529 699 1602 exhibitorum
716 1553 839 1629 opere,
856 1529 951 1602 bene
970 1529 1108 1602 dictum
1124 1545 1178 1603 cst
1193 1530 1269 1602 dies
1285 1555 1378 1602 unus
1394 1533 1514 1630 petius
1530 1555 1640 1629 quarn
1656 1531 1732 1603 dies
1748 1531 1907 1628 primns,
1926 1553 2035 1626 quum

458 1656 580 1724 omnia
601 1650 886 1752 comprehendat
902 1673 1031 1750 opera,
1050 1651 1169 1724 nullus
1185 1666 1238 1724 est
1254 1675 1406 1752 operum
1421 1654 1498 1728 dies
1513 1668 1677 1754 respectu
1692 1651 1793 1748 cujus
1818 1653 1956 1749 primus
1979 1651 2035 1722 hic

431 1773 529 1844 dici
554 1776 679 1871 possit.
700 1773 824 1845 Unitas
845 1795 933 1846 vero
959 1772 1034 1845 haec
1058 1771 1129 1844 dici
1151 1757 1330 1870 magnam
1344 1775 1551 1847 divinornm
1576 1797 1728 1873 operum
1749 1771 1984 1844 concordiam
2003 1787 2034 1843 et

458 1894 747 1966 convenientiam
760 1892 1003 1982 demonstrat,
1017 1893 1054 1964 in
1066 1883 1126 1964 illa
1143 1893 1276 1966 scilicet
1292 1908 1367 1966 tcta
1382 1909 1457 1968 tam
1472 1895 1698 1968 diversorum
1713 1891 1869 1991 operurrr'
1882 1915 2032 1964 summa.

459 2017 562 2084 Hunc
579 2037 666 2084 vero
683 2035 797 2083 unum
814 2012 912 2084 diem
931 2035 1124 2110 magnum,
1142 2026 1260 2084 totum
1275 2013 1442 2088 videlioet
1457 2029 1600 2113 tempus
1614 2013 1703 2086 illud
1719 2011 1927 2084 divinorum
1951 2037 2034 2110 ope·

458 2157 540 2202 rum
555 2134 630 2230 ipse
647 2134 683 2204 in
700 2132 932 2229 sequentibus
944 2131 1124 2232 propheta
1139 2131 1296 2206 declam
1312 2133 1435 2206 dicens
1451 2161 1460 2203 :
1479 2162 1497 2202 u
1509 2138 1586 2205 lstae
1597 2147 1681 2204 sunt
1696 2132 1945 2229 generationes
1960 2131 2034 2204 coeli

458 2268 494 2323 et
518 2268 640 2342 terra,
667 2252 815 2350 quando
839 2267 966 2326 creatu
992 2267 1092 2344 sunt,
1121 2254 1158 2324 in
1180 2251 1239 2324 die
1260 2278 1335 2351 quc
1356 2253 1440 2325 lecit
1461 2253 1638 2326 Dominus
1656 2251 1788 2325 coelum
1804 2267 1840 2324 et
1854 2267 1988 2326 terram
2002 2268 2034 2324 et

459 2395 567 2441 omne
583 2370 777 2467 virgultum
793 2373 888 2468 agri,
906 2387 975 2443 etc.
992 2400 1010 2440 »
1029 2375 1150 2459 Quum
1167 2393 1254 2443 vero
1271 2373 1308 2442 in
1324 2371 1555 2470 sequentibus
1576 2370 1663 2445 dicit
1679 2371 1776 2444 diem
1792 2369 1991 2444 secundum
2001 2386 2033 2444 et

461 2491 627 2577 tertium,
645 2505 732 2578 etc,
747 2489 843 2561 diem
859 2490 1018 2587 primum
1034 2489 1198 2588 intelligit
1212 2513 1287 2588 quo
1301 2490 1434 2563 coelum
1448 2506 1487 2563 et
1502 2506 1596 2564 terra
1616 2505 1736 2563 creata
1750 2503 1852 2578 sunt,
1871 2491 1963 2562 sicut
1978 2489 2033 2561 di-

459 2623 558 2682 ctum
572 2623 642 2680 est:
666 2635 684 2676 u
700 2613 738 2678 ln
755 2609 933 2708 principio
949 2611 1085 2682 creavit
1099 2615 1195 2682 Deus
1211 2608 1343 2683 coelum
1358 2627 1394 2684 et
1410 2627 1565 2703 terram,
1583 2639 1602 2680 n
1621 2612 1659 2684 in
1681 2635 1755 2710 quo
1772 2611 1882 2683 etiam
1904 2611 1961 2684 lux
1982 2626 2032 2683 est

458 2743 576 2802 creata
599 2729 655 2801 vel
676 2729 871 2804 atenebris
893 2729 1018 2802 divisa
1042 2730 1096 2803 Ad
1112 2753 1222 2829 opera
1243 2732 1379 2832 quippe
1400 2733 1525 2831 prim
1549 2733 1621 2806 diei
1645 2732 1722 2806 sole
1741 2734 1877 2804 creatio
1903 2731 1982 2804 coeli
1998 2746 2032 2803 et

458 2861 559 2919 terrae
579 2848 733 2946 pertinet
753 2873 833 2946 quae
852 2849 971 2947 primo
993 2849 1064 2920 diei
1090 2848 1298 2948 deputanda
1322 2866 1393 2941 est,
1417 2866 1582 2952 respectu
1606 2853 1707 2949 cujus
1726 2850 1892 2924 videlicet
1916 2853 2032 2951 prime

458 2969 529 3041 diei
538 2971 717 3042 secundus
726 2985 787 3044 aut
796 2971 922 3043 tertius
933 2969 1009 3042 dies
1027 2969 1167 3043 dicatur
1182 2999 1191 3045 ε
1206 2985 1246 3045 ut
1257 2973 1328 3045 tale
1344 2975 1410 3047 sit:
1426 2979 1465 3045 ln
1480 2975 1658 3073 principio
1671 2975 1819 3062 creavit,
1836 2997 1877 3045 ac
1893 2975 1922 3045 si
1936 2973 2034 3046 dice·

457 3105 574 3162 retur:
587 3097 626 3162 In
639 3092 756 3188 prima
771 3091 843 3180 die,
859 3090 930 3162 hoc
940 3105 1087 3163 estante
1095 3106 1222 3166 caetera
1232 3117 1312 3192 quse
1324 3109 1523 3192 sequuntur
1531 3115 1655 3192 opera.
1669 3095 1769 3165 Prius
1782 3093 1913 3195 quippe
1926 3107 2034 3165 mate·

457 3212 547 3283 riam
563 3214 675 3283 creari
694 3213 855 3310 oportuit
871 3235 980 3310 quam
997 3213 1157 3286 formari.
1175 3215 1211 3285 Si
1227 3216 1307 3312 quis
1322 3230 1444 3288 tamen
1461 3214 1562 3314 quod
1583 3215 1728 3303 dicitur,
1748 3242 1766 3282 u
1782 3227 1819 3285 et
1835 3214 1968 3286 lactum
1984 3229 2034 3285 est

457 3355 604 3429 vespere
620 3347 657 3403 et
672 3355 778 3403 mane
791 3331 868 3403 dies
884 3355 995 3422 unus,
1013 3361 1030 3400 u
1049 3331 1096 3405 ad
1112 3357 1204 3432 opus
1219 3334 1450 3408 solummodo
1466 3319 1590 3434 primae
1605 3333 1676 3406 diei
1687 3331 1819 3406 referre
1835 3331 1933 3420 velit,
1946 3332 2033 3402 sicut

457 3453 546 3522 etin
564 3454 698 3522 caeteris
719 3451 846 3523 (liebus
865 3452 912 3522 de
928 3452 1098 3550 operibus
1116 3477 1244 3525 eorum
1259 3454 1317 3545 lit,
1338 3455 1428 3528 nihil
1444 3455 1618 3555 impedit:
1635 3477 1722 3527 narn
1740 3469 1775 3526 et
1791 3455 1907 3552 ipsam
1925 3467 2031 3524 mate·

459 3572 548 3642 riam
566 3573 657 3642 sicut
674 3587 709 3642 ct
725 3572 912 3644 materiata
923 3573 1022 3670 prius
1037 3573 1074 3643 in
1091 3587 1212 3646 mente
1225 3578 1320 3648 Deus
1333 3576 1479 3667 habuit,
1497 3575 1647 3649 velutin
1663 3597 1824 3674 vespere,
1844 3587 2032 3672 anteqrrem

457 3715 523 3787 per
539 3690 758 3761 creationem
775 3689 991 3788 produceret
1007 3690 1044 3762 in
1060 3715 1180 3765 mane.

1089 3927 1134 3974 DE
1158 3928 1313 3978 annuum
1336 3929 1406 3978 nm.

509 4117 527 4156 r
542 4089 637 4159 Dixit
651 4106 796 4186 quoque
808 4091 918 4162 Deus.
931 4115 948 4158 a
969 4086 1175 4160 Notandum
1189 4114 1275 4162 vero
1292 4091 1391 4188 quod
1404 4090 1440 4162 in
1454 4090 1509 4162 his
1522 4089 1625 4164 dictis
1642 4089 1772 4162 divinis
1789 4103 1911 4160 nostra
1924 4103 2034 4162 trans-

457 4208 541 4281 latio
564 4207 673 4279 habet
696 4205 912 4306 aliquando,
934 4237 951 4277 r
968 4205 1056 4280 dixit
1072 4233 1217 4308 quoque
1239 4213 1355 4302 Deus,
1378 4240 1396 4278 >x
1419 4209 1614 4310 aliquando
1641 4239 1659 4278 u
1675 4209 1762 4282 dixit
1777 4233 1863 4280 vero
1882 4213 1995 4297 Deus;
2013 4237 2030 4274 u

384 4367 389 4378 ·
458 4331 513 4401 vel
533 4357 549 4398 u
565 4345 702 4418 autem,
718 4358 736 4396 u
752 4329 808 4401 vel
828 4359 846 4397 u
861 4330 968 4401 etiam
983 4357 1000 4398 n
1027 4329 1126 4428 quod
1143 4329 1239 4402 idem
1251 4347 1321 4422 est,
1336 4329 1531 4430 aliquando
1543 4333 1634 4404 sicut
1647 4331 1826 4429 superius,
1846 4357 1864 4396 u
1878 4328 2034 4426 dixitque

457 4455 571 4542 Deus,
588 4479 606 4519 n
627 4429 739 4548 quium
755 4447 924 4544 hebraica
944 4452 1074 4523 veritas
1089 4449 1223 4549 ubique
1239 4451 1387 4542 hebeat,
1409 4483 1427 4522 u
1442 4453 1600 4551 dixitque
1617 4455 1727 4524 Deus.
1749 4478 1766 4517 n
1784 4451 1872 4536 Qnre
1888 4448 2034 4545 quidem

457 4573 585 4642 veritas
602 4569 769 4643 hebraica
780 4571 880 4667 juxta
895 4571 1116 4669 superiorem
1132 4583 1292 4644 nostram
1311 4573 1570 4672 expositionem
1584 4571 1671 4644 huic
1685 4569 1767 4642 loco
1779 4569 1934 4640 maxime
1949 4593 2034 4640 con·

457 4691 570 4786 gruit,
587 4704 627 4760 ut
640 4689 804 4761 videlicet
820 4689 989 4761 dicatur«
1001 4689 1158 4789 dixitque
1170 4691 1279 4783 Deus,
1297 4720 1314 4760 n
1331 4693 1575 4792 potiusquam
1594 4719 1613 4761 <r
1629 4691 1717 4764 dixit
1730 4713 1876 4788 quoque
1890 4679 1997 4759 Deus.
2015 4718 2033 4756 x

456 4814 595 4899 Quum,
613 4825 653 4882 ut
669 4811 840 4901 diximus,
857 4811 895 4883 in
912 4810 991 4884 luce
1005 4811 1098 4886 sacta
1114 4811 1277 4884 omnium
1294 4815 1520 4913 sequentium
1533 4838 1684 4914 operum
1702 4810 1884 4884 distinctio
1910 4808 2035 4882 intelli·

457 4948 571 5027 gatur,
591 4957 819 5031 nequaquam
848 4935 993 5033 proprie
1017 4935 1083 5008 ista
1113 4934 1321 5031 conjunctio
1346 4965 1364 5004 a
1384 4961 1529 5035 quoque
1546 4963 1563 5003 »
1590 4931 1775 5033 quoddam
1801 4943 2034 5028 angmentum

489 5160 498 5188 ¹
516 5158 598 5220 loun„
608 5173 664 5222 cap.
674 5175 696 5222 ι,
706 5172 730 5209 r.
742 5161 765 5208 3.
