4520 6104
457 657 459 660 ’
486 649 559 722 tot
921 648 1048 719 rarat
1074 645 1305 720 semlant
1328 647 1384 720 tlt
1406 646 1633 724 HELOISSAE

485 790 618 863 ibidem
645 791 791 887 gratiam
814 803 887 860 tam
916 786 1014 886 apud
1033 791 1150 860 Deum
1175 811 1284 885 quam
1306 787 1404 886 apud
1430 788 1598 861 homines
1621 784 1771 884 adeptus
1799 800 1911 875 esset,
1941 785 2061 858 relicto

486 908 701 982 monasterio
724 907 873 979 civitatis
893 929 976 978 oum
993 905 1185 979 mobilibus
1203 903 1310 978 rebus
1328 905 1446 979 nudos
1466 931 1589 981 secum
1601 904 1648 978 ad
1657 904 1844 978 heremum
1861 905 1976 978 traxit.
1994 906 2061 992 Qui

484 1027 736 1126 postmodum,
766 1049 867 1098 more
885 1024 1060 1098 israelitici
1080 1024 1205 1124 populi
1223 1025 1392 1097 adversus
1410 1030 1569 1124 Moysem
1586 1024 1859 1122 conquerentis,
1885 1023 1985 1121 quod
2003 1047 2063 1096 eos

483 1148 589 1218 etiarn
607 1145 652 1220 de
671 1151 847 1244 AEgypto,
877 1145 1006 1217 relictis
1027 1144 1106 1216 ollis
1123 1145 1285 1217 carnium
1314 1160 1350 1216 et
1373 1144 1592 1218 mundantia
1619 1159 1740 1234 terne,
1771 1145 1808 1215 in
1835 1143 2062 1216 solitudinem
2137 1181 2140 1186 ·

482 1265 678 1358 eduxisset,
697 1279 960 1338 murmurantes
978 1265 1156 1336 incassum
1170 1263 1338 1338 dicebant
1354 1293 1362 1336 ε
1387 1295 1405 1334 u
1419 1264 1588 1362 Nunquid
1602 1263 1679 1336 sola
1691 1265 1728 1336 in
1739 1261 1887 1336 b‘eremo
1901 1263 2060 1351 castitas,

482 1388 613 1485 quaein
633 1387 782 1460 urbibus
799 1411 873 1459 non
892 1385 971 1457 est?
997 1389 1069 1456 Cur
1095 1386 1214 1484 itaque
1232 1410 1308 1458 non
1329 1387 1367 1458 in
1393 1387 1569 1460 civitatem
1596 1385 1828 1476 revertimur,
1856 1384 1903 1458 de
1925 1408 1997 1481 qua
2017 1383 2063 1454 ad

483 1519 623 1603 tempus
640 1505 837 1577 exivimus?
858 1508 908 1576 An
926 1505 966 1574 ‘in
983 1502 1170 1576 heremum
1189 1504 1307 1577 solum
1321 1509 1417 1578 Deus
1434 1505 1599 1578 exaudiet
1619 1503 1788 1577 orantes?
1806 1504 1895 1590 Quis
1907 1502 1989 1574 cibo
2003 1527 2068 1580 en·

482 1626 641 1722 gelorum
660 1626 780 1698 vivat?
800 1629 917 1713 Quem
934 1648 1109 1724 pecorum
1127 1639 1162 1697 et
1179 1625 1333 1698 serarum
1361 1626 1513 1700 delectat
1536 1625 1613 1698 lieri
1638 1623 1805 1698 socium?
1833 1627 1975 1711 Quanta
1997 1647 2064 1696 nos

480 1743 589 1817 babet
607 1745 795 1818 necessitas
814 1745 874 1816 bic
895 1744 1054 1817 morari?
1078 1749 1150 1817 Cur
1175 1746 1294 1844 itaque
1312 1771 1387 1820 non
1418 1747 1567 1844 regressi
1594 1747 1632 1818 in
1661 1745 1803 1834 locum,
1830 1745 1866 1816 in
1894 1765 1969 1841 quo
1990 1745 2064 1816 nati

481 1890 622 1955 sumus,
644 1865 887 1939 benedicimus
903 1865 1122 1938 Dominum?
1140 1895 1158 1934 u
1178 1867 1269 1939 Hinc
1283 1882 1318 1938 et
1330 1867 1484 1940 lacobus
1503 1867 1675 1940 admonet
1691 1864 1893 1965 apostolus¹
1916 1892 1924 1934 :
1953 1893 1971 1933 a
1986 1868 2065 1936 No-

481 1984 561 2077 lite,
582 2013 600 2052 u
619 1986 755 2083 iuquit,
779 2013 796 2054 a
810 1985 930 2084 plures
949 1986 1103 2084 magistri
1120 1985 1217 2076 fieri,
1238 1986 1361 2060 batres
1379 1988 1469 2078 mei,
1493 1987 1643 2059 edentes
1659 1985 1833 2083 quoniam
1845 1984 2066 2080 majusjudi

480 2105 575 2176 cium
593 2105 742 2177 sumitis.
757 2131 780 2173 u
802 2107 893 2178 Hinc
912 2129 1057 2203 quoque
1079 2106 1316 2203 Hieronymus
1342 2106 1390 2178 ad
1414 2107 1594 2178 Rustieaam
1610 2104 1828 2178 monachum
1850 2103 1896 2176 de
1920 2105 2063 2180 institu-

480 2225 577 2296 tione
596 2227 674 2298 vitae
690 2227 889 2298 scribens¹:
910 2255 927 2294 u
952 2227 1075 2318 Nulla,
1096 2257 1113 2296 u
1143 2229 1279 2326 inquit,
1309 2257 1326 2297 a
1342 2253 1398 2300 ars
1415 2229 1550 2326 absque
1572 2228 1740 2325 magistro
1764 2226 1922 2301 discitur.
1948 2227 2067 2302 Etiam

480 2361 579 2418 muta
594 2347 760 2419 annualia
778 2363 813 2419 et
830 2347 985 2419 ferarum
1003 2373 1126 2446 greges
1143 2348 1311 2423 ductores
1328 2363 1527 2446 sequuntur
1544 2369 1646 2420 suosr¹
1658 2353 1697 2420 ln
1711 2347 1838 2447 apibus
1854 2371 1964 2419 unam
1974 2373 2068 2446 prte-

479 2464 666 2539 cedentem
684 2467 829 2564 reliquae
847 2467 1124 2566 subsequuntur.
1145 2473 1259 2542 Grues
1277 2493 1391 2540 unum
1410 2483 1607 2567 sequuntur
1619 2469 1746 2542 ordine
1761 2469 1927 2541 litterato.
1948 2472 2067 2568 lanpe-

479 2601 575 2657 rator
603 2607 720 2679 unus,
742 2587 852 2684 judex
873 2613 967 2660 uuus
986 2591 1190 2688 provinciae.
1223 2594 1337 2663 Roma
1363 2605 1403 2662 ut
1419 2590 1564 2662 condita
1588 2605 1663 2680 est,
1688 2590 1781 2662 duos
1807 2589 1934 2662 iratres
1956 2590 2071 2662 simul·

476 2703 608 2779 habere
638 2733 737 2805 reges
766 2733 840 2781 non
870 2711 1009 2808 potuit,
1031 2726 1066 2782 et
1082 2710 1275 2808 parricidio
1295 2709 1492 2784 dedicatur.
1517 2715 1558 2782 lu
1583 2709 1750 2782 Rebeccae
1762 2725 1887 2802 tuero,
1918 2713 2068 2782 Esauct

475 2825 585 2896 Jacob
601 2825 694 2898 bella
713 2843 908 2925 gesserunt.
930 2828 1066 2926 Singuli
1083 2829 1312 2902 ecclesiarum
1325 2830 1503 2928 episcopi,
1519 2829 1648 2926 singuli
1665 2828 1970 2928 archipresbyteri,
1993 2830 2067 2902 sin-

476 2943 549 3040 guli
566 2937 829 3038 archidiaconi,
852 2961 886 3019 et
907 2947 1025 3020 omnis
1046 2947 1138 3020 ordo
1155 2948 1411 3020 ecclesiasticus
1429 2949 1501 3021 suis
1521 2947 1717 3020 rectoribus
1738 2948 1872 3020 nititur.
1904 2952 1946 3020 ln
1970 2972 2069 3022 nave

477 3089 569 3136 unus
589 3066 818 3163 gubernator.
841 3073 882 3138 ln
905 3067 1017 3141 domo
1043 3093 1137 3141 unus
1155 3069 1343 3140 Dominus.
1373 3073 1414 3140 ln
1441 3069 1604 3165 quamuis
1630 3068 1756 3164 grarmi
1775 3069 1930 3140 exercitu
1955 3069 2070 3142 unius

475 3185 615 3280 signum
634 3200 823 3284 spectatur.
852 3190 917 3257 Per
936 3186 1012 3258 haeo
1026 3188 1156 3272 ,omnia
1174 3186 1221 3258 ad
1238 3186 1324 3258 illud
1349 3186 1462 3258 tendit
1481 3189 1619 3277 oratio,
1644 3201 1684 3260 ut
1701 3187 1850 3260 doceam
1863 3202 1896 3260 te
1909 3212 1986 3263 non
2000 3204 2068 3262 tuo

476 3302 620 3400 arbitrio
640 3303 915 3395 dimittendum,
933 3303 995 3377 sed
1010 3295 1129 3378 vivere
1147 3305 1278 3377 debere
1296 3307 1331 3376 in
1351 3307 1567 3378 monasterio
1586 3305 1653 3378 sub
1676 3307 1780 3378 unius
1799 3305 1988 3404 disciplina
1999 3333 2071 3405 pa-

477 3421 538 3492 tris
556 3424 812 3520 consortioque
833 3423 1042 3494 nualtorum.
1065 3452 1083 3490 >r

524 3547 571 3612 Ut
588 3543 694 3639 igitur
710 3545 745 3614 in
766 3543 934 3616 omnibns
955 3543 1149 3617 concordia
1168 3547 1298 3618 servari
1325 3548 1453 3644 possit,
1484 3571 1592 3618 unam
1614 3545 1782 3619 omnibus
1805 3571 1953 3645 pmessa
1971 3573 2069 3620 eou-

477 3665 594 3754 venit,
616 3665 674 3735 cui
685 3688 751 3763 per
762 3665 885 3736 omnia
905 3689 1031 3738 omnes
1050 3665 1232 3738 obediant.
1247 3665 1321 3737 Sub
1337 3665 1404 3738 bac
1416 3668 1521 3738 etiam
1534 3668 1634 3764 quasi
1646 3668 1869 3763 magistratus
1881 3669 2079 3764 quosdam.

476 3782 666 3855 nonnullas
680 3782 764 3855 alias
780 3808 972 3883 personas,
993 3800 1100 3883 prout
1117 3786 1193 3883 ipsa
1209 3785 1427 3877 decreverit,
1448 3787 1616 3858 constitui
1639 3800 1792 3885 oportet.
1819 3789 1907 3872 Quae
1929 3787 2073 3883 quibus

476 3901 600 3974 officiis
611 3903 687 4000 ipsa
701 3904 927 4002 praeceperit,
949 3918 984 3975 et
1004 3919 1177 4001 quantum
1197 3904 1359 3994 voluerit,
1382 3905 1545 4003 praesiut,
1566 3905 1686 3976 utsint
1698 3904 1861 3976 videlicet
1875 3906 1947 3977 istae
1957 3911 2072 4004 quasi

474 4022 584 4095 duces
602 4023 658 4096 vel
675 4023 840 4096 consules
857 4027 893 4096 iu
914 4026 1068 4097 exercitu
1089 4024 1296 4097 dominico:
1314 4026 1458 4123 reliquae
1475 4041 1595 4098 autem
1606 4049 1731 4097 omnes
1745 4041 1913 4122 tanquam
1929 4027 2077 4102 milites

473 4143 529 4215 vel
548 4144 707 4244 pedites,
730 4146 878 4217 istarum
896 4171 981 4218 cura
1001 4147 1052 4218 eis
1071 4145 1307 4245 praevidente,
1327 4147 1495 4220 adversus
1514 4147 1708 4244 malignum
1726 4149 1873 4244 ejusque
1893 4149 2075 4224 satellites

473 4262 583 4336 libere
600 4281 772 4363 pugnent.
795 4268 937 4364 Septem
957 4291 1043 4338 vero
1060 4290 1230 4364 personas
1248 4291 1291 4339 ex
1316 4267 1418 4338 vobis
1437 4268 1483 4340 ad
1507 4292 1653 4340 omnem
1676 4269 1881 4340 monasterii
1901 4269 2074 4344 admini-

470 4386 677 4457 strationem
694 4386 909 4460 necessarias
927 4411 1003 4458 esse
1021 4385 1199 4458 credimus
1217 4401 1322 4484 atque
1342 4387 1505 4462 sufficere
1522 4415 1529 4458 :
1547 4389 1763 4487 portariam³
1782 4387 1934 4478 scilicet,
1958 4391 2079 4465 celle·

472 4506 621 4595 rariam,
642 4507 864 4595 vestiariam,
880 4505 1135 4596 infirmariam,
1158 4508 1350 4580 cantricem
1364 4511 1393 4597 ⁸,
1424 4509 1626 4600 sacristam,
1648 4524 1684 4580 et
1701 4509 1747 4581 ad
1766 4525 1966 4582 extremum
1985 4511 2078 4588 dia·

472 4628 670 4717 conissam,
694 4651 806 4724 quam
823 4651 920 4698 nunc
939 4625 1153 4699 abbatissam
1177 4628 1377 4700 nominant.
1407 4633 1446 4699 ln
1474 4629 1530 4700 his
1553 4631 1672 4727 itaque
1698 4631 1841 4720 castris,
1873 4646 1907 4702 et
1935 4631 2078 4710 divina

472 4745 628 4840 quadam
648 4745 786 4836 militia,
805 4745 895 4816 sicut
918 4747 1089 4844 scripturn
1109 4750 1181 4817 est'
1206 4774 1213 4816 :
1239 4746 1388 4818 «Militia
1407 4763 1460 4818 est
1476 4749 1546 4820 vita
1564 4748 1721 4821 hominis
1742 4764 2025 4847 superterram,
2055 4787 2077 4825 u

473 4877 507 4934 et
524 4862 649 4935 alibil:
669 4863 875 4936 «Terribilis
894 4879 933 4935 ut
951 4879 1148 4936 castrorum
1164 4867 1255 4938 acies
1272 4865 1456 4956 ordinata,
1476 4895 1492 4934 u
1518 4869 1633 4940 vicem
1650 4869 1896 4966 imperatoris,
1918 4873 1977 4942 eui
1993 4899 2081 4971 per

509 5175 794 5244 'lacob.,cap.ur,v.
812 5175 896 5226 t.-¹
916 5175 1061 5242 Epicurea,
1082 5179 1143 5241 opp.
1166 5188 1182 5227 t.
1206 5177 1246 5235 tv,
1280 5179 1323 5230 sed
1338 5180 1543 5240 male—'loa
1561 5196 1617 5248 cap.
1637 5198 1723 5245 vu,r.
1745 5183 1925 5244 t.-·cam.,
1944 5202 2001 5254 cap.
2031 5209 2088 5258 vr,

472 5278 497 5328 p.
511 5261 567 5310 775.
582 5287 611 5298 -
623 5260 633 5288 ¹
644 5261 777 5312 Ianitorem
788 5260 860 5311 ttttS.
870 5287 893 5295 -
908 5258 1091 5312 ‘correctricem
1104 5261 1153 5311 MS.
1165 5261 1248 5322 emb„
1281 5279 1304 5313 v.
1318 5264 1343 5312 3.
