4520 6104
464 601 536 671 238
989 593 1215 666 HELOlSSAE
1239 596 1536 668 PROBLEMATA

467 738 721 840 responderem
743 751 881 807 rectum
905 733 1073 833 putabat,
1092 760 1160 807 nec
1184 736 1261 807 sine
1281 738 1419 808 ratione
1442 735 1669 836 praejudicata
1690 737 1787 836 apud
1813 762 1893 810 eam
1916 739 2048 814 valebat

468 861 676 947 auctorias3
694 855 757 927 sed
783 853 1009 928 examinabat
1027 855 1175 945 omnia,
1200 870 1235 927 et
1255 857 1371 953 sagaci
1387 871 1508 930 mente
1526 857 1689 930 universa
1714 856 1904 956 pensabat,
1933 875 1973 932 ut
1996 883 2048 934 me

468 979 635 1051 sentirem
654 1001 728 1047 non
749 991 823 1046 tam
846 972 1059 1072 discipulam
1074 973 1207 1046 babere
1226 1000 1335 1071 quam
1349 975 1521 1073 judicem.
1541 1005 1559 1044 n
1582 981 1723 1075 Exque
1742 979 1865 1076 utique
1880 980 1999 1053 studio
2016 983 2047 1053 in

468 1115 607 1170 tantum
624 1122 704 1169 eam
719 1094 910 1195 profecisse
927 1109 1097 1184 noverat,
1120 1109 1159 1166 ut
1177 1096 1292 1193 ipsam
1306 1098 1440 1168 caeteris
1458 1095 1589 1171 eodem
1607 1097 1725 1169 studio
1737 1097 1898 1171 discendi
1915 1101 2048 1173 serven·

344 1268 353 1281 ,
469 1219 562 1290 tibus
583 1218 788 1315 magistram
806 1229 1041 1313 praeponeret.
1070 1213 1176 1286 Unde
1197 1229 1232 1286 et
1257 1215 1305 1286 ad
1323 1217 1539 1314 Principiam
1558 1217 1731 1314 virginem
1755 1219 1931 1312 scribens,
1963 1223 2050 1293 inter

468 1355 591 1412 caetera
607 1339 658 1409 sic
676 1337 838 1416 meminit
856 1335 1073 1405 documenta
1088 1337 1120 1403 ¹:
1145 1363 1164 1402 a
1178 1335 1295 1406 Habes
1308 1335 1358 1406 ibi
1371 1336 1408 1406 in
1426 1335 1544 1408 studio
1560 1337 1823 1436 scripturarum
1836 1354 1871 1410 et
1883 1341 1920 1410 in
1933 1342 2050 1412 sancti·

469 1459 590 1530 monia
605 1457 736 1528 mentis
754 1470 789 1527 et
806 1454 967 1553 corporis
986 1452 1186 1525 Marcellam
1203 1469 1238 1526 et
1255 1454 1426 1545 Asellam,
1448 1480 1601 1552 quarum
1615 1455 1729 1528 altera
1749 1472 1785 1529 te
1805 1483 1870 1558 per
1887 1474 1986 1556 prata
2006 1460 2050 1530 ri·

469 1577 583 1649 rentia
593 1591 629 1648 et
641 1575 757 1646 varios
771 1573 976 1646 divinorum
990 1574 1214 1645 voluminum
1225 1574 1333 1646 flores
1349 1573 1457 1645 ducat
1468 1574 1514 1645 ad
1531 1599 1633 1666 eum,
1649 1577 1713 1672 qui
1725 1575 1812 1648 dicit
1824 1579 1860 1648 in
1874 1579 2027 1650 cantico¹
2041 1609 2047 1648 :

472 1705 580 1796 «Ego
599 1700 666 1770 flos
684 1700 821 1796 campi,
842 1696 1006 1770 etlilium
1023 1696 1265 1788 convallium3
1286 1696 1430 1768 »altera
1448 1697 1525 1794 ipsa
1542 1697 1610 1770 llos
1628 1699 1774 1769 Domini
1792 1712 1911 1770 tecum
1924 1723 2051 1772 merea·

470 1839 527 1894 tur
541 1819 685 1892 audire⁸
701 1847 709 1890 :
727 1849 744 1886 r
761 1824 808 1890 Ut
821 1817 934 1890 lilium
946 1819 984 1888 in
997 1817 1117 1891 medio
1132 1818 1331 1915 spinarum,
1345 1817 1396 1888 sic
1407 1817 1570 1916 proxima
1583 1842 1664 1888 mea
1676 1819 1714 1888 in
1728 1817 1848 1891 medio
1863 1817 2049 1891 filiarum.»

471 1945 652 2027 Quorsum
669 1955 788 2011 autem
805 1941 891 2029 ista,
911 1936 1039 2009 dilecte
1056 1937 1198 2027 multis,
1219 1936 1282 2008 sed
1299 1937 1525 2008 dilectissime
1542 1935 1675 2007 nobis?
1694 1941 1774 2008 Non
1793 1953 1876 2009 sunt
1892 1938 1968 2010 haee
1985 1938 2053 2011 do-

471 2073 660 2148 cumenta,
692 2057 755 2130 sed
784 2058 947 2130 monita:
969 2072 1009 2128 ut
1026 2083 1067 2129 ex
1086 2056 1142 2128 his
1164 2056 1252 2154 quid
1276 2054 1407 2128 debeas
1433 2055 1653 2146 recorderis,
1678 2071 1714 2128 et
1737 2056 1899 2129 debitum
1920 2058 2053 2132 solvere

472 2204 546 2251 nou
566 2180 751 2278 pigriteris.
774 2176 924 2248 Ancillas
942 2175 1089 2268 Christi,
1110 2200 1152 2248 ac
1170 2175 1343 2276 spiritales
1364 2173 1453 2246 filias
1471 2190 1548 2247 tuas
1571 2177 1607 2246 in
1626 2177 1783 2249 oratorio
1801 2178 1950 2276 proprio
1968 2203 2054 2250 con-

473 2299 645 2396 gregasti,
665 2323 707 2369 ac
728 2298 850 2368 divino
869 2297 1078 2395 mancipasti
1097 2295 1293 2394 obsequi03
1315 2294 1444 2366 divinis
1457 2320 1525 2367 nos
1542 2295 1727 2367 intendere
1739 2295 1873 2387 verbis,
1893 2322 1935 2368 ac
1953 2299 2055 2370 sacris

474 2417 688 2491 lectionibus
711 2442 857 2517 operam
884 2417 992 2506 dare,
1016 2416 1211 2514 plurimum
1228 2440 1371 2512 semper
1390 2414 1570 2487 exhortari
1588 2416 1815 2490 consuevisti.
1832 2415 1971 2504 Quibus
1997 2443 2055 2490 sae·

472 2540 553 2638 pius
566 2539 605 2610 in,
619 2553 758 2612 tantum
767 2539 1065 2636 scriptumne
1078 2537 1279 2610 doctrinam
1293 2535 1566 2626 commendasti,
1583 2551 1623 2608 ut
1639 2539 1857 2610 eam-animae
1873 2538 2055 2636 speculum

473 2659 614 2748 diceus,
636 2683 710 2756 quo
728 2659 837 2731 decor
853 2659 929 2754 ejus
947 2657 1002 2729 vel
1023 2657 1228 2730 delonnitas
1244 2672 1499 2755 cognoscatur,
1516 2656 1651 2729 nullam
1665 2657 1793 2730 Christi
1806 2681 1975 2758 sponsam
1989 2660 2056 2731 hoc

473 2803 594 2851 carere
612 2778 757 2877 speculo
776 2777 1026 2877 permittebas,
1051 2778 1081 2849 si
1099 2779 1150 2868 ei,
1169 2779 1228 2849 cui
1245 2803 1283 2849 se
1301 2777 1507 2868 devoverit,
1531 2777 1671 2877 placere
1689 2778 1873 2850 studuerit.
1897 2779 2056 2852 Addebas

473 2900 618 2996 insuper
634 2899 682 2970 ad
699 2897 983 2971 exhortationem
997 2913 1176 2988 nostram,
1197 2899 1311 2997 ipsam
1329 2897 1517 2996 Scripturae
1529 2896 1720 2969 lectionem
1737 2922 1810 2969 non
1823 2898 2054 2988 intellectam,

474 3045 549 3092 esse
567 3020 667 3117 quasi
685 3019 870 3118 speculum
889 3019 1002 3092 oculis
1019 3044 1095 3091 non
1112 3018 1264 3090 videntis
1282 3019 1498 3116 appositum.
1517 3017 1655 3106 Quibus
1668 3017 1814 3115 quidem
1830 3021 1974 3092 monitis
1987 3035 2057 3092 tam

473 3163 540 3236 ego
557 3163 666 3236 quam
685 3163 825 3211 sorores
843 3154 973 3210 nostrae
990 3139 1186 3235 plurimum
1203 3138 1375 3228 incitatae,
1402 3153 1500 3210 tuam
1523 3137 1560 3209 in
1578 3137 1650 3209 hoc
1669 3163 1815 3235 quoque
1831 3139 1954 3234 quoad
1978 3165 2058 3237 pos·

474 3283 597 3330 sumus
623 3259 811 3357 implentes
839 3257 1102 3346 obedientiam,
1131 3255 1219 3327 dum
1238 3256 1323 3327 huie
1343 3281 1492 3354 operam
1511 3256 1631 3328 studio
1652 3254 1799 3346 damus,
1822 3281 1866 3329 eo
1897 3256 2058 3328 videlicet

475 3401 598 3449 amore
614 3377 811 3449 litterarum
830 3391 1023 3475 correptae,
1047 3377 1092 3448 dc
1111 3399 1185 3473 quo
1204 3375 1392 3472 praedictus
1417 3375 1546 3448 doctor
1564 3375 1725 3472 quodam
1743 3375 1825 3448 loco
1849 3378 2014 3448 meminit
2025 3381 2054 3446 ⁸:

479 3523 497 3562 a
514 3499 601 3567 huia
622 3496 806 3566 scientiam
824 3496 1109 3593 Scripturarum,
1134 3507 1169 3565 et
1185 3495 1301 3564 carnis
1323 3494 1407 3565 vitia
1431 3519 1505 3566 non
1533 3493 1691 3584 amabis,
1709 3523 1728 3563 n
1757 3495 1875 3566 multis
1895 3497 2060 3591 quaestio·

477 3614 582 3686 nibus
604 3615 839 3714 perturbatae,
860 3587 1032 3717 pigriores
1055 3613 1228 3685 efficimur
1250 3613 1288 3684 in
1306 3613 1479 3705 lectione;
1500 3629 1535 3687 et
1556 3613 1655 3711 quod
1673 3615 1710 3685 in
1727 3615 1833 3685 sacris
1852 3615 1971 3686 verbis
1990 3641 2060 3687 ma·

476 3738 529 3832 gis
547 3737 771 3833 ignoramus,
792 3735 910 3807 minus
926 3734 1073 3832 diligere
1088 3732 1277 3831 cogimur,
1298 3734 1386 3805 dum
1406 3735 1665 3806 infructuosum
1687 3733 1848 3805 laborem
1864 3737 2057 3824 sentimus,

477 3857 535 3926 cui
569 3879 716 3953 operam
749 3855 887 3928 damus.
915 3854 1069 3927 Proinde
1095 3853 1367 3952 quaestiunculas
1395 3855 1567 3951 quasdam
1590 3853 1771 3952 discipulae
1789 3854 1951 3946 doctori,
1985 3855 2062 3927 frliae

477 3974 569 4071 patri
596 3973 834 4064 destinantes,
855 3971 1093 4072 supplicando
1120 3997 1313 4070 rogamus,
1333 3971 1779 4071 rogandorsupplieamas,
1803 3989 1980 4070 quatenus
2006 3974 2062 4045 his

478 4095 659 4166 solvendis
675 4095 860 4167 intendere
876 4119 952 4167 non
968 4095 1192 4192 dedigneris,
1210 4095 1314 4190 cujus
1322 4093 1488 4184 hortatu,
1504 4094 1618 4165 immo
1630 4109 1665 4166 et
1673 4095 1788 4191 jussu,
1801 4095 1873 4166 hoc
1883 4097 2063 4195 praecipue

478 4218 644 4290 studium*
654 4241 823 4315 agga-esse
836 4243 973 4290 sumus.
988 4223 1028 4288 ln
1045 4215 1175 4314 quibus
1185 4215 1346 4315 proiecto
1358 4215 1634 4313 questionibus,
1657 4241 1885 4314 nequaquam
1896 4217 2061 4290 ordinem

478 4340 665 4438 Scriptnrae
681 4353 864 4428 tenentes,
889 4353 997 4437 prout
1010 4335 1179 4436 ¹quotidie
1197 4335 1301 4408 nobis
1318 4353 1534 4426 occurrunt,
1555 4361 1614 4410 eas
1628 4339 1802 4436 ponimus
1818 4353 1857 4410 et
1872 4338 2062 4412 solvendas

477 4457 684 4556 dirigimus·

1055 4620 1236 4671 Paestana
1262 4623 1427 4673 motssls
1454 4625 1478 4671 l.

527 4781 626 4869 Quid
640 4782 810 4880 estquod
823 4782 1053 4859 Dominusin
1064 4780 1256 4882 Evangelio
1270 4782 1416 4854 loannis
1430 4781 1475 4854 de
1492 4781 1636 4880 Spiritu,
1658 4805 1766 4879 quem
1782 4782 1953 4854 missurus
1966 4798 2063 4873 erat,

478 4902 656 5000 promittit
671 4901 841 4976 dieenst:
863 4933 882 4972 a
900 4908 944 4975 Et
961 4929 1073 5001 quum
1094 4903 1231 4991 venerit
1246 4900 1324 4992 ille,
1352 4917 1476 5000 arguet
1497 4903 1674 4978 mundum
1692 4903 1738 4976 de
1757 4918 1929 5002 peccato,
1957 4921 1993 4976 et
2016 4904 2066 4976 de

514 5131 522 5157 ¹
541 5131 569 5181 T.
584 5131 623 5195 u,
637 5133 684 5184 eol·
695 5133 754 5184 682.
768 5159 798 5169 -
810 5131 819 5158 ¹
833 5134 938 5192 Cantic„
951 5147 1005 5201 cap.
1023 5151 1053 5196 u,
1071 5151 1092 5186 r.
1108 5141 1130 5187 1.
1142 5161 1171 5173 -
1182 5137 1192 5163 “
1203 5135 1277 5196 thid..
1296 5151 1320 5184 r.
1342 5139 1366 5184 2.
1376 5160 1408 5172 -
1419 5133 1429 5160 ⁸
1442 5135 1519 5200 Epist.
1534 5149 1592 5196 xcv,
1614 5135 1675 5198 Opp.
1688 5145 1706 5185 t.
1720 5134 1762 5196 lV,
1776 5135 1825 5186 col.
1842 5137 1900 5185 tta.
1913 5163 1943 5174 -
1958 5135 1969 5162 ⁸
1981 5135 2068 5192 loen..

483 5232 538 5284 cap.
550 5234 605 5278 ru,
618 5234 643 5270 r.
656 5221 681 5268 8.
