4536 6102
632 529 691 603 DE
715 527 886 602 sarlato
910 527 1078 600 JOANNE
1102 526 1311 600 Barrtsrs
1336 525 1496 596 stistte.
1716 580 1724 595 .
1784 523 1854 594 589

279 689 443 772 tompore
463 673 557 746 soliti
573 687 656 744 surtt
671 693 901 769 praesumere,
919 684 960 740 ut
974 668 1138 739 videlicet
1154 671 1305 740 Romam
1323 681 1522 763 pergentes,
1538 689 1650 762 quum
1667 665 1855 736 necessitas

278 794 433 888 exegerit
448 792 565 888 aliqua
581 805 622 862 ut
637 790 683 863 ad
699 813 879 860 summum
894 786 1100 884 pontificem
1112 785 1258 876 vadant,
1274 787 1391 883 ipsum
1407 809 1551 883 quoque
1565 785 1768 855 monasticae
1779 783 1854 856 reli·

277 887 395 1006 gionis
410 910 573 982 habitum
585 910 788 1007 deponant3
800 931 874 1003 quo
887 905 1032 978 liberius
1045 907 1082 976 in
1093 906 1151 977 via
1162 906 1229 978 sub
1242 904 1357 978 laicali
1372 903 1497 975 habitu
1512 903 1724 976 saeculariter
1734 904 1854 975 vivere

277 1031 453 1118 audeant,
476 1045 512 1102 et
535 1029 761 1102 simulatione
778 1027 932 1124 pessima
947 1050 985 1096 se
1005 1024 1043 1096 id
1058 1021 1134 1098 esse
1150 1025 1250 1122 quod
1271 1039 1355 1096 sunt
1371 1039 1447 1096 tam
1466 1049 1505 1094 re
1521 1047 1631 1119 quam
1646 1047 1736 1094 voce
1752 1048 1852 1096 men·

277 1129 422 1223 tiairtur.
443 1151 513 1236 Qui
529 1174 596 1221 nec
614 1149 799 1220 clericatus
815 1149 915 1243 signa
936 1148 1128 1220 retinentes
1145 1171 1289 1219 comam
1311 1147 1444 1244 pariter
1459 1160 1495 1216 et
1509 1144 1661 1218 barbam
1677 1145 1851 1234 nutriunt,

277 1294 350 1366 quo
375 1268 511 1340 leoffius
532 1269 710 1340 intuentes
733 1265 875 1354 fallant,
899 1281 1005 1363 atque
1024 1266 1134 1338 tutius
1156 1265 1223 1337 sub
1248 1263 1374 1337 habitu
1401 1263 1615 1353 lecatorum,
1638 1263 1802 1336 lecaciter
1817 1289 1855 1336 se

277 1402 419 1482 gerant,
439 1403 479 1458 ut
499 1401 572 1460 tam
596 1411 616 1458 a
637 1385 806 1460 monachi
826 1373 935 1482 quam
951 1385 1109 1483 episcopi
1124 1387 1310 1483 proposito
1327 1398 1585 1482 apostatantes,
1603 1408 1670 1455 nec
1686 1381 1854 1455 monachi

276 1507 444 1579 maritum
468 1507 643 1596 habeant,
666 1531 733 1577 nec
756 1506 915 1604 episcopi
940 1505 1177 1577 reverentiam
1201 1520 1355 1576 servent.
1385 1507 1484 1591 Quos
1508 1503 1696 1601 praedictus
1722 1527 1855 1598 onager

277 1643 398 1699 noster
414 1641 515 1698 tanto
529 1627 681 1726 amplius
697 1640 851 1716 accusat,
870 1640 1006 1723 quanto
1023 1609 1211 1722 perfectius
1224 1626 1300 1696 sine
1317 1624 1538 1721 professione
1554 1622 1758 1694 monasticae
1776 1621 1855 1693 reli·

274 1747 391 1842 gionis
407 1747 626 1820 monachum
643 1745 822 1835 exhibuit,
846 1761 883 1816 et
902 1744 1095 1844 episcopali
1111 1743 1276 1841 dignitati
1292 1745 1533 1817 austeritatem
1553 1742 1659 1839 hujus
1674 1744 1754 1814 vitae
1771 1765 1856 1838 praa-

275 1869 407 1962 posuit.
427 1869 492 1938 Cui
509 1891 576 1938 nec
592 1891 613 1938 a
629 1867 787 1939 Domino
804 1866 915 1961 gratia
935 1865 1190 1938 miraculorum
1211 1879 1265 1936 est
1286 1864 1434 1955 collata,
1457 1869 1534 1962 quo
1553 1863 1665 1958 magis
1687 1862 1854 1959 frequen·

275 1988 362 2058 tiam
377 1987 503 2084 populi
519 1985 726 2074 declinaret,
745 2010 858 2083 quum
874 1985 966 2083 ipse,
986 1985 1077 2056 sicut
1095 1985 1131 2057 in
1148 1987 1286 2056 loanne
1301 1985 1472 2082 scriptum
1490 1999 1560 2072 est,
1578 1981 1717 2054 nullum
1734 1982 1855 2054 fecerit

273 2107 428 2200 signum.
442 2110 530 2192 Quae
545 2105 692 2202 quidem
705 2106 816 2201 gratia
832 2119 1008 2202 quantum
1019 2105 1130 2201 quieti
1141 2119 1177 2176 et
1186 2103 1379 2176 humilitati
1395 2103 1657 2178 monachorum
1672 2103 1717 2174 sit
1733 2102 1851 2192 noxia,

275 2223 332 2296 ille
349 2223 537 2319 diligenter
556 2223 786 2313 attendebat,
805 2247 913 2321 quem
934 2222 1210 2296 Postbumianus
1230 2223 1277 2295 de
1292 2224 1578 2321 peregrinatione
1593 2247 1658 2296 sua
1673 2222 1851 2310 scribens,

274 2345 531 2442 inexemplum
552 2344 658 2440 hujus
676 2344 795 2439 gratiae
816 2368 890 2415 non
912 2343 1140 2441 appetendas,
1159 2345 1233 2416 imo
1251 2367 1479 2441 summopere
1496 2342 1601 2415 nobis
1617 2341 1792 2437 fugiendae
1807 2342 1854 2413 ad

207 2463 211 2472 ’
275 2463 433 2536 medium
458 2463 618 2536 deduxit.
647 2464 754 2558 Cujus
776 2465 944 2536 sanctitas
965 2488 1078 2560 quum
1094 2464 1187 2535 inter
1203 2478 1330 2536 caetera
1345 2464 1381 2534 in
1399 2460 1616 2560 expellendis
1632 2461 1855 2534 demontbus

272 2583 488 2678 singularem
513 2585 663 2679 gratiam
685 2598 777 2656 esset
799 2581 946 2680 adepta,
973 2599 1009 2654 et
1031 2583 1077 2654 de
1098 2583 1169 2654 hoc
1188 2607 1227 2654 se
1248 2583 1456 2679 inquietari,
1480 2598 1554 2654 tam
1573 2581 1765 2653 homiuum
1784 2581 1854 2652 fre·

273 2705 431 2801 quentia,
450 2728 560 2801 quam
575 2707 670 2774 vana'
684 2702 799 2797 gloria
812 2702 963 2791 rideret,
977 2703 1117 2796 rogavit
1131 2703 1342 2790 Dominum,
1361 2717 1402 2772 ut
1412 2702 1497 2799 ipsis
1512 2701 1749 2788 daemonibus,
1763 2726 1855 2796 quos

272 2823 482 2920 expellebat,
501 2823 538 2893 in
554 2823 712 2919 seipsum
724 2834 939 2918 potestatem
960 2820 1075 2908 daret,
1095 2818 1270 2916 simulque
1287 2821 1342 2892 his
1359 2819 1459 2892 fieret
1474 2820 1639 2892 videlicet
1656 2819 1851 2909 mensibus,

272 2967 364 3040 quos
376 2942 423 3013 ab
438 2942 507 3014 hac
522 2912 756 3040 oppressione
771 2938 932 3012 curabat.
952 2937 1060 3025 Quod
1072 2947 1185 3035 quum
1201 2940 1424 3037 impetrasset
1440 2965 1459 3010 a
1474 2941 1650 3027 Domino,
1668 2955 1853 3037 correptus

272 3078 325 3134 est
341 3087 361 3134 a
377 3061 559 3146 daemone,
580 3073 700 3130 tentus
719 3059 757 3129 in
775 3057 944 3146 vinculis,
967 3059 1089 3130 omnia
1110 3057 1170 3129 illa
1191 3081 1269 3154 quae
1285 3060 1517 3154 energumeni
1532 3057 1650 3130 solent
1670 3057 1761 3130 ferre
1777 3085 1854 3158 per·
1979 3107 1983 3118 ·

272 3207 407 3278 pessus.
431 3181 566 3267 Quinto
583 3179 731 3251 demum
743 3202 865 3249 mense
879 3193 1048 3276 purgatus
1065 3192 1136 3267 est,
1158 3203 1233 3249 non
1250 3194 1370 3251 tamen
1387 3178 1568 3267 daemone,
1587 3179 1667 3267 sed,
1686 3179 1786 3277 quod
1803 3180 1853 3252 illi

272 3315 348 3376 eret
355 3299 475 3372 utilius
483 3312 590 3395 atque
599 3297 769 3394 optatius,
782 3297 951 3368 vanitate.
960 3296 1031 3368 Sed
1038 3294 1140 3385 mihi,
1149 3296 1266 3393 inquit
1276 3296 1562 3386 Postbumianus,
1575 3297 1641 3370 ista
1650 3297 1849 3396 replicanti,

272 3433 395 3491 nostra
419 3415 623 3504 infelicitas,
646 3430 769 3488 nostra
785 3414 941 3486 occurrit
961 3412 1161 3486 infirmitas.
1187 3416 1275 3500 Quis
1294 3413 1391 3486 enim
1416 3430 1580 3486 nostrum
1601 3432 1671 3506 est,
1694 3440 1803 3512 quem
1823 3420 1852 3489 si

271 3562 364 3609 unus
393 3534 634 3606 homunculus
664 3532 809 3606 humilis
840 3531 1062 3621 salutaverit,
1089 3533 1152 3604 aut
1176 3533 1309 3622 fatuus,
1338 3547 1443 3629 atque
1475 3533 1703 3606 adulantibus
1734 3534 1851 3608 verbis

271 3654 403 3726 femina
418 3679 492 3726 una
507 3652 723 3741 laudaverit,
742 3678 818 3724 non
835 3653 1010 3725 continuo
1027 3653 1139 3724 elatus
1154 3654 1200 3726 sit
1219 3653 1403 3752 superbia,
1422 3679 1497 3726 non
1514 3656 1633 3728 statim
1650 3653 1791 3726 inflatus
1807 3658 1852 3727 sit

271 3776 446 3848 vanitate?
462 3777 533 3845 Aut
547 3773 685 3846 etiamsi
701 3797 777 3844 non
794 3771 926 3846 habeat
942 3773 1199 3843 conscientiam
1219 3775 1431 3863 sanctitatis,
1450 3789 1570 3846 tamen
1587 3776 1672 3872 quia
1686 3775 1744 3846 vel
1763 3774 1850 3847 stul-

272 3913 391 3968 torum
413 3892 636 3980 adulatione,
659 3908 722 3964 aut
741 3892 899 3965 fortassis
922 3915 1061 3978 errore,
1084 3905 1228 3964 sanctus
1248 3915 1324 3964 esse
1345 3891 1501 3982 dicatur,
1524 3895 1785 3966 sanctissimum
1813 3919 1850 3968 se
1957 3935 1959 3938 ·

272 4012 430 4110 putabit?
451 4016 530 4082 lam
551 4035 639 4082 vero
659 4011 689 4080 si
709 4011 742 4081 ei
764 4033 915 4081 munera
930 4008 1057 4081 crebra
1078 4010 1282 4100 mittantur,
1305 4011 1372 4081 Dei
1390 4034 1428 4082 se
1444 4009 1706 4106 magnificentia
1726 4017 1850 4086 asserit

273 4128 461 4220 honorari,
485 4130 542 4202 cui
565 4128 759 4200 dormienti
780 4142 887 4224 atque
907 4127 1067 4200 resoluto
1088 4129 1285 4200 necessaria
1301 4129 1543 4200 conferantur.
1567 4127 1674 4214 Quod
1690 4129 1720 4200 si
1730 4131 1786 4202 vel
1802 4132 1848 4203 de

270 4251 416 4324 modico
433 4251 466 4322 ei
482 4250 600 4346 aliqua
614 4249 755 4322 virtutis
766 4249 866 4344 signa
881 4247 1126 4336 succederent,
1139 4247 1305 4344 angelum
1321 4273 1359 4318 se
1375 4263 1527 4347 putaret.
1547 4251 1720 4320 Ceterum
1736 4273 1847 4347 quum

271 4396 388 4468 neque
404 4393 527 4468 opere,
541 4393 658 4467 neque
674 4369 803 4440 virtute
815 4368 1030 4465 conspicuus
1045 4369 1106 4458 sit,
1123 4369 1153 4438 si
1169 4369 1248 4464 quis
1264 4367 1412 4439 clericus
1425 4367 1529 4438 fuerit
1545 4367 1706 4457 effectus,
1726 4368 1849 4443 dilatat

269 4489 443 4564 continuo
459 4487 619 4562 fimbrias
630 4512 724 4576 suas,
739 4487 870 4584 gaudet
884 4485 1167 4575 salutationibus,
1183 4485 1328 4558 inflatur
1344 4485 1625 4559 occursionibus.
1646 4492 1724 4584 lpse
1739 4489 1846 4562 etiam

271 4609 403 4706 ubique
419 4608 597 4680 discurrit.
617 4611 661 4678 Et
681 4607 842 4703 quiante
862 4605 1014 4704 pedibus
1035 4622 1096 4678 aut
1115 4605 1223 4680 asello
1244 4607 1295 4677 ire
1315 4620 1566 4694 consueverat,
1585 4631 1845 4704 spumeosque
1923 4597 1927 4604 ’

269 4726 444 4824 superbus
470 4725 661 4799 invehitur.
693 4728 804 4796 Parra
822 4726 923 4822 ‘prius
944 4749 985 4797 ac
1002 4725 1062 4796 viti
1082 4725 1209 4797 cellula
1224 4740 1414 4797 contentus
1434 4707 1613 4815 habitare,
1636 4727 1737 4822 erigit
1753 4726 1844 4800 celsa

270 4846 466 4943 laquearia,
485 4845 659 4916 construit
681 4843 792 4915 multa
812 4843 1015 4933 conclavia,
1034 4844 1162 4942 sculpit
1182 4845 1290 4933 ostia,
1311 4843 1426 4942 pingit
1446 4846 1615 4932 armaria,
1637 4861 1771 4917 vestem
1788 4872 1845 4918 re-

270 4967 366 5065 spuit
380 4965 609 5064 grossiorem,
621 4964 872 5038 indumentum
888 4963 997 5036 molle
1012 4963 1211 5037 desiderat:
1228 4981 1334 5062 atque
1346 4963 1421 5036 haec
1436 4955 1529 5036 caris
1543 4965 1671 5054 viduis,
1685 4991 1726 5038 ac
1743 4967 1844 5040 fami·

271 5083 416 5160 liaribus
427 5088 577 5161 mandat
586 5085 720 5176 tributa
731 5084 939 5180 virginibus.
951 5083 1012 5156 llla
1024 5100 1065 5158 ut
1073 5085 1211 5158 birrum
1223 5084 1413 5182 rigentem,
1428 5085 1502 5158 baec
1516 5100 1555 5158 ut
1568 5085 1738 5158 fluentem
1752 5101 1844 5160 texat
