4588 6106
471 627 541 700 480
903 622 1031 693 PE'llll
1058 622 1291 693 assAELlaul
1317 623 1373 693 ET
1397 621 1624 694 HELOlSSAE

468 765 628 865 prolecto
653 789 720 835 nec
741 761 787 835 ad
806 762 899 832 hanc
918 763 1187 834 meditationem
1207 762 1391 862 compulit.
1412 768 1678 860 Nonnunquam
1700 777 1818 834 tamen
1838 764 1867 833 si
1887 761 2048 834 doctrina

469 886 574 958 etiarn
590 898 714 955 cantus
728 907 819 980 opus
832 896 903 972 est,
925 882 1054 955 dehoc
1072 883 1233 953 similiter
1250 882 1513 981 providendum
1536 895 1588 954 est
1609 882 1651 952 iis
1671 881 1801 980 quibus
1819 907 1962 954 necesse
1980 895 2044 953 est.

469 1009 563 1077 Hora
575 1029 661 1075 vero
676 1003 861 1093 matutina,
878 1003 1066 1080 diestatim
1080 1004 1335 1092 illuscescente,
1349 1017 1550 1102 peragatur,
1565 1017 1600 1074 et
1613 1018 1738 1074 exorto
1752 1001 1913 1092 lucifero,
1925 1003 1954 1074 si
1966 1027 2047 1101 pro-

467 1124 579 1196 videri
597 1139 734 1224 potest,
756 1124 832 1221 ipsa
850 1123 1020 1222 pulsetur.
1040 1127 1120 1211 Qua
1134 1124 1312 1222 completa
1329 1139 1525 1196 revertatur
1541 1123 1587 1194 ad
1605 1123 1868 1195 dormitorium.
1892 1123 2001 1210 Quod
2018 1124 2045 1192 si

466 1259 565 1316 aestas
584 1244 702 1332 fuerit,
733 1244 817 1340 quia
845 1258 931 1314 tunc
949 1243 1057 1315 breve
1076 1258 1129 1315 est
1149 1259 1289 1341 tempus
1307 1259 1545 1332 nocturnum,
1575 1258 1610 1314 et
1633 1242 1784 1341 longum
1805 1245 2043 1330 matutinum3

465 1364 723 1462 aliquantulum
742 1379 823 1436 ante
840 1365 994 1462 primam
1016 1363 1172 1436 dormire
1193 1389 1266 1436 non
1288 1363 1540 1463 prohibemus,
1569 1363 1686 1436 donec
1708 1365 1826 1436 sonitu
1845 1362 1936 1435 facto
1954 1365 2045 1435 exci-

464 1497 594 1554 tentur.
622 1486 676 1554 De
702 1506 774 1579 qua
799 1481 906 1553 etiam
931 1482 1049 1579 quiete
1070 1497 1151 1580 post
1175 1482 1397 1554 matutinales
1422 1481 1587 1554 videlicet
1610 1480 1733 1554 laudes
1759 1482 1883 1555 beatus
1906 1485 2045 1579 Grego-

463 1603 536 1674 rius
562 1628 588 1673 11
615 1601 848 1698 Dialogornm
874 1601 1050 1699 capitulo,
1078 1627 1190 1699 quum
1217 1602 1264 1673 de
1291 1600 1485 1674 venerabili
1512 1603 1586 1672 viro
1616 1600 1796 1674 libertino
1826 1600 2042 1700 loqueretur,

463 1724 646 1811 meminit,
667 1723 809 1794 dicens¹
837 1749 844 1791 :
873 1752 890 1790 t<
907 1723 973 1793 Die
988 1747 1074 1794 vero
1093 1735 1169 1792 erat
1185 1721 1295 1794 altera
1313 1746 1381 1819 pro
1399 1721 1548 1794 utilitate
1567 1722 1773 1793 monasterii
1794 1744 1900 1792 causa
1921 1723 2048 1806 consti-

464 1857 550 1914 tuta.
576 1842 731 1941 Expletis
748 1842 855 1938 igitur
870 1841 1013 1938 hymnis
1032 1841 1317 1930 matutinalibus,
1338 1839 1538 1912 Libertinus
1555 1842 1601 1912 ad
1623 1841 1754 1912 lectum
1773 1839 1909 1911 abbatis
1926 1843 2042 1931 venit,

407 1955 415 1966 ’
463 1965 662 2036 orationem
680 1964 746 2035 sibi
762 1962 943 2052 humiliter
960 1963 1071 2062 petiit.
1089 1991 1107 2030 n
1125 1967 1206 2034 Haec
1223 1963 1328 2058 igitur
1344 1962 1446 2060 quies
1463 1961 1679 2034 matutinalis
1693 1987 1713 2032 a
1730 1961 1862 2033 Pascha
1877 1963 2044 2057 usquead

461 2085 713 2182 aequinoctium
729 2081 956 2171 autumnale,
976 2107 1018 2154 ex
1032 2107 1104 2180 quo
1122 2083 1245 2180 incipit
1258 2082 1354 2154 diem
1368 2083 1559 2172 excedere,
1581 2106 1655 2154 non
1670 2081 1876 2178 denegetur.
1892 2085 2045 2178 Egressae

462 2219 580 2275 autem
597 2204 643 2274 de
659 2202 871 2275 dormitorio
895 2201 1062 2291 abluant,
1087 2219 1122 2274 et
1143 2203 1296 2301 acceptis
1318 2201 1415 2274 libris
1432 2203 1469 2272 in
1486 2201 1638 2274 claustro
1655 2200 1802 2272 sedeant
1819 2201 1974 2296 legentes
1990 2201 2045 2274 vel

462 2339 660 2416 cantantes,
680 2324 797 2396 donec
809 2325 924 2423 prima
938 2324 1109 2421 pulsetur.
1127 2327 1210 2395 Post
1223 2324 1375 2422 primam
1389 2348 1474 2394 vero
1491 2324 1527 2394 in
1540 2323 1735 2421 capitulum
1750 2338 1870 2410 eatur,
1887 2338 1923 2395 et
1935 2325 2046 2394 omni·

460 2446 527 2517 hus
557 2445 606 2517 ibi
638 2444 874 2516 residentibus
908 2444 1012 2516 lectio
1043 2444 1293 2542 Marqrrologr'r'
1308 2444 1467 2541 legatur,
1496 2443 1581 2515 luna
1603 2459 1684 2515 ante
1711 2443 1950 2542 pronuntiata.
1978 2443 2045 2516 Ubi

461 2565 692 2663 postmodum
718 2563 773 2635 vel
793 2564 913 2661 aliquo
931 2565 1106 2635 sermonis
1125 2562 1275 2635 aedificio
1300 2563 1381 2651 fiat,
1409 2562 1465 2635 vel
1489 2562 1622 2660 aliquid
1644 2562 1690 2635 de
1714 2562 1830 2660 regula
1855 2563 1990 2659 legatur
2011 2578 2045 2633 et

460 2697 669 2782 exponatur.
693 2682 830 2754 Deinde
848 2684 877 2753 si
895 2707 974 2780 quae
992 2682 1201 2779 corrigenda
1219 2698 1324 2772 sunt,
1350 2682 1406 2754 vel
1424 2681 1671 2781 disponenda,
1700 2683 1867 2780 prosequi
1888 2696 2041 2781 oportet.

507 2804 699 2875 Sciendum
716 2828 803 2874 vero
825 2818 895 2893 est,
923 2827 990 2874 nec
1006 2803 1263 2874 monasterium
1282 2827 1349 2874 nec
1367 2801 1519 2873 domum
1535 2802 1692 2900 aliquam
1718 2801 1959 2874 inordinatam
1977 2802 2045 2874 dici

457 2923 612 3015 debere,
637 2924 665 2994 si
691 2949 761 3021 qua
787 2924 837 2995 ibi
858 2923 1060 2995 inordinate
1079 2923 1185 3011 fiant,
1215 2922 1278 2994 sed
1302 2923 1331 2994 si
1357 2947 1470 3020 quum
1489 2923 1580 2994 iacta
1602 2922 1769 3012 luerunt,
1796 2947 1870 2992 non
1897 2921 2044 2994 sollicite

456 3047 690 3142 corrigantur.
713 3047 801 3133 Quis
819 3047 914 3117 enim
933 3045 1035 3116 locus
1051 3070 1073 3117 a
1090 3061 1240 3143 peccato
1260 3046 1400 3142 penitus
1417 3043 1568 3143 expers?
1588 3044 1695 3131 Quod
1717 3042 1904 3140 diligenter
1920 3041 2044 3114 beatus

456 3165 642 3237 attendens
662 3165 895 3260 Augustinus,
909 3189 1022 3260 quum
1038 3164 1174 3235 clerum
1187 3189 1291 3234 suum
1310 3165 1520 3250 instrueret,
1540 3163 1576 3233 in
1593 3162 1751 3260 quodam
1765 3162 1849 3232 loco
1861 3163 2041 3253 meminit,

458 3284 622 3356 dicem':
647 3313 664 3352 ιι
680 3289 863 3371 Quantum
890 3284 975 3355 libet
997 3285 1094 3356 enim
1113 3285 1232 3380 vigilet
1249 3283 1434 3383 disciplina
1453 3283 1583 3355 domus
1607 3308 1717 3372 meae3
1744 3281 1857 3354 homo
1884 3307 1986 3372 sum,
2010 3297 2044 3354 et

460 3407 550 3477 inter
576 3404 741 3476 homines
768 3406 863 3476 vive.
885 3409 957 3476 Nec
976 3405 1063 3475 mihi
1089 3429 1254 3502 arrogare
1282 3404 1398 3476 audeo
1424 3419 1462 3477 ut
1486 3405 1616 3476 domus
1634 3429 1714 3476 mea
1732 3403 1860 3475 melior
1875 3404 1918 3474 sit
1937 3427 2043 3500 quam

459 3548 542 3596 arca
557 3528 632 3595 Noe
644 3527 674 3611 ⁸,
705 3522 766 3594 ubi
785 3539 906 3595 tamen
925 3525 1018 3596 inter
1035 3539 1117 3596 octo
1136 3524 1301 3596 homines
1319 3550 1411 3596 unus
1429 3527 1594 3597 inventus
1612 3539 1665 3596 est
1681 3525 1874 3624 reprobus3
1896 3539 1958 3594 aut
1970 3548 2043 3595 me-

461 3644 527 3715 lior
545 3645 591 3714 sit
607 3667 715 3740 quam
733 3643 864 3714 domus
880 3642 1043 3734 Abrahae,
1064 3642 1125 3715 ubi
1141 3643 1277 3714 dictum
1294 3646 1365 3716 est*
1382 3670 1389 3714 ι
1409 3675 1427 3712 «
1443 3645 1537 3740 Ejice
1557 3645 1719 3717 ancillam
1734 3660 1769 3716 et
1785 3643 1897 3716 filium
1917 3643 2009 3739 ejus;
2024 3671 2041 3708 ιι

460 3779 521 3836 aut
553 3762 679 3835 melior
710 3787 820 3860 quam
854 3762 984 3834 domus
1011 3767 1138 3834 Isaac·
1165 3791 1172 3832 :
1210 3795 1227 3832 u
1249 3762 1359 3835 Jacob
1392 3763 1518 3851 dilexi,
1548 3768 1639 3834 Esau
1666 3763 1753 3835 odio
1776 3763 1913 3852 habui;
1936 3790 1953 3830 ιι
1986 3777 2044 3835 aut

462 3887 587 3958 melior
605 3909 714 3983 quarn
732 3885 863 3956 domus
880 3882 1019 3974 Jacob⁶,
1042 3883 1103 3956 ubi
1120 3883 1253 3956 lectum
1270 3885 1380 3983 patris
1395 3884 1486 3956 filius
1505 3885 1706 3973 incestavit3
1725 3897 1786 3955 aut
1798 3883 1925 3955 melior
1936 3903 2042 3979 quam

377 4097 389 4110 ·
460 4005 591 4078 domus
607 4004 755 4094 David⁷,
779 4005 880 4101 cujus
899 4003 991 4075 filius
1014 4028 1106 4075 unus
1124 4029 1208 4075 cum
1225 4027 1350 4076 sorore
1366 4003 1582 4094 concubuit,
1601 4004 1689 4075 alter
1707 4017 1832 4074 contra
1850 4003 1958 4100 patris
1972 4017 2042 4074 tam

460 4141 619 4198 sanctam
637 4123 950 4196 mansuetudinem
968 4122 1167 4213 rebellavit;
1188 4137 1249 4195 aut
1265 4121 1392 4194 melior
1407 4147 1517 4219 quam
1530 4122 1747 4195 cohabitatio
1761 4121 1914 4221 apostoli
1933 4121 2039 4201 Pauli.

459 4257 522 4354 qui
538 4257 566 4326 si
591 4256 684 4326 inter
698 4254 815 4325 honos
830 4253 1006 4326 habitaret
1023 4278 1098 4325 nou
1120 4251 1294 4324 diceret⁸2
1319 4281 1336 4320 ιι
1348 4252 1447 4322 Foris
1463 4277 1607 4351 pugnae,
1627 4253 1722 4324 intus
1735 4251 1898 4340 timores;
1920 4281 1937 4318 u
1957 4252 2044 4322 nec'

461 4377 665 4474 loqueretur
686 4402 693 4445 :
718 4380 864 4447 «Nemo
883 4390 936 4446 est
953 4373 1065 4444 homo
1090 4374 1151 4470 qui
1171 4395 1337 4470 germane
1355 4370 1401 4443 de
1417 4372 1521 4444 vobis
1540 4372 1710 4444 sollicitus
1735 4373 1790 4442 sit.
1813 4374 1949 4444 Omnes
1966 4395 2042 4468 quae

464 4527 481 4566 ι
502 4523 565 4570 sua
590 4513 673 4568 sunt
695 4511 877 4594 quaerunt3
897 4525 915 4563 ιι
941 4509 1002 4567 aut
1019 4493 1147 4566 melior
1163 4517 1271 4593 qnam
1293 4491 1510 4565 cohabitatio
1529 4493 1638 4594 ipsius
1660 4493 1809 4581 Christi,
1829 4493 1867 4562 in
1890 4517 1962 4588 qua
1979 4516 2042 4562 un·

461 4618 578 4690 decim
595 4617 683 4689 boni
700 4616 879 4715 perfidum
898 4630 933 4688 et
951 4616 1065 4687 lurem
1082 4613 1211 4684 ludam
1229 4613 1492 4686 toleraverunt:
1512 4629 1573 4684 aut
1589 4613 1715 4684 melior
1734 4628 1916 4712 postremo
1935 4635 2042 4709 quam

462 4740 613 4829 coelum,
634 4736 730 4810 unde
745 4736 860 4833 angeli
873 4735 1089 4808 cecideruut.
1109 4763 1127 4803 ιι
1148 4734 1219 4822 Qui
1231 4735 1340 4807 etiam
1356 4759 1423 4805 nos
1440 4735 1487 4806 ad
1505 4733 1729 4832 disciplinam
1748 4733 1953 4804 monasterii
1967 4731 2042 4829 plu-

496 5011 601 5072 ‘nau
621 5011 665 5062 lib.
687 5013 710 5072 1,
733 5027 788 5080 cap.
809 5028 840 5072 u,
867 5012 928 5076 Opp.
952 5021 971 5064 t.
995 5009 1035 5072 ll,
1058 5011 1106 5062 col.
1132 5013 1234 5062 160.·-
1265 5016 1353 5060 utet
1364 5027 1413 5077 sq.;
1430 5025 1485 5077 cap.
1498 5009 1726 5061 xv.-'Corintlt.
1739 5007 1777 5068 tt,
1796 5021 1852 5074 cap.
1872 5023 1958 5066 ιιι,ι.
1973 5007 2042 5054 5.-

463 5099 473 5124 '
484 5097 564 5162 Epist.
577 5113 681 5158 nunu,
693 5097 754 5160 opp.
766 5107 784 5148 t.
799 5097 837 5158 ll,
848 5097 896 5147 col.
909 5099 994 5146 tao.-
1004 5094 1015 5122 ⁸
1025 5098 1121 5156 Genea,
1130 5111 1185 5162 cap.
1198 5111 1233 5146 rx.
1267 5093 1381 5162 'Legitur
1389 5096 1455 5160 apud
1464 5094 1620 5160 hugusuhum
1631 5113 1636 5143 ε
1647 5093 1717 5143 «Nec
1727 5091 1820 5143 diceret
1829 5105 1902 5157 quum
1912 5089 1944 5138 de
1952 5088 2039 5140 sancti-

465 5181 517 5220 -⁴
532 5182 629 5240 Genea„
644 5194 699 5246 cap.
711 5197 767 5240 ιιι,
782 5195 804 5231 ι.
821 5182 858 5231 10.
868 5180 923 5217 -⁸
936 5179 1050 5241 datach„
1067 5195 1122 5246 cap.
1142 5197 1164 5238 ι,
1180 5197 1204 5230 ιι.
1217 5181 1233 5228 2
1268 5189 1316 5230 tate
1326 5191 1350 5230 et
1360 5180 1409 5231 lide
1416 5179 1536 5230 Timothei
1544 5177 1853 5245 loquereturx-Ptutpp„
1864 5191 1917 5240 cap.
1930 5191 1955 5232 ιι,
1966 5189 1990 5222 ι.
2001 5173 2043 5233 to,

464 5277 488 5317 et
501 5265 579 5316 3.-’
593 5265 689 5324 Genea„
700 5279 756 5330 cap.
770 5280 846 5325 xxxv,
858 5281 881 5315 ι.
895 5265 968 5314 22-
981 5263 1020 5313 'll
1033 5265 1105 5328 lien,
1115 5280 1171 5331 cap.
1181 5281 1234 5326 xm,
1268 5264 1309 5315 21.
