4522 6102
465 669 536 740 us
893 633 1020 740 raum
1048 669 1280 741 nentrum
1306 669 1361 740 nr
1385 671 1610 744 unnorssm

466 841 484 877 u
506 813 638 884 Exerce
665 825 784 882 autem
806 824 842 880 te
861 810 979 909 ipsum
1005 809 1051 880 ad
1077 809 1261 907 pietatem,
1282 834 1367 882 nam
1394 812 1588 909 corporalis
1613 813 1814 886 exercitatio
1840 815 2032 890 admodum

464 932 557 1004 utilis
581 946 634 1003 est
654 961 661 1001 :
683 933 794 1029 pietas
825 944 946 1001 autem
972 929 1018 1000 ad
1050 931 1171 1002 omnia
1195 929 1289 1002 utilis
1319 947 1389 1020 est,
1409 933 1685 1029 promissionem
1704 932 1840 1006 habens
1859 936 1938 1007 vitae
1958 961 2033 1034 qua

462 1077 558 1124 nunc
587 1068 656 1140 est,
686 1067 721 1124 et
742 1053 878 1123 firturae.
898 1053 1111 1139 »Quoniam
1137 1053 1195 1150 pia
1221 1054 1348 1124 mentis
1370 1054 1408 1124 in
1426 1057 1542 1125 Deum
1565 1054 1728 1146 devotio,
1753 1071 1789 1128 et
1809 1056 1867 1128 hic
1893 1057 2031 1157 abipso

462 1161 617 1244 meretur
645 1173 859 1262 necessaria,
888 1186 924 1243 ct
949 1173 987 1243 in
1014 1171 1133 1244 futuro
1155 1188 1337 1270 perpetua.
1363 1163 1500 1261 Q'uibus
1522 1173 1668 1271 quidem
1694 1175 1918 1250 documentis
1949 1181 2033 1276 quid

460 1292 558 1363 aliud
571 1291 745 1364 docemur
763 1316 871 1388 quam
892 1290 1081 1362 christiane
1098 1315 1240 1389 sapere,
1257 1304 1292 1362 et
1309 1316 1391 1363 cum
1410 1292 1520 1364 Jacob
1538 1291 1584 1365 de
1604 1293 1807 1367 domesticis
1824 1297 2033 1370 animalibus

459 1411 686 1483 resectionem
701 1413 792 1509 patri
809 1411 1015 1509 providere,
1037 1435 1111 1482 non
1123 1435 1206 1481 curn
1218 1414 1308 1481 Esau
1322 1411 1368 1483 de
1380 1410 1594 1483 silvestribus
1604 1437 1727 1484 curam
1745 1439 1885 1488 sumere
1896 1421 1924 1506 ¹,
1944 1432 1980 1488 et
1996 1417 2031 1489 in

459 1533 693 1604 exterioribus
702 1531 894 1627 judaizare.
911 1531 1001 1602 Hinc
1015 1545 1049 1602 et
1064 1530 1150 1602 illud
1164 1545 1216 1601 est
1231 1530 1452 1602 Psalmistae¹:
1470 1560 1488 1599 u
1499 1537 1538 1602 ln
1554 1558 1611 1604 me
1624 1549 1728 1624 sunt,
1737 1537 1847 1625 Deus,
1864 1549 1945 1608 vota
1958 1550 2030 1626 ma,

459 1651 719 1748 quae⁸reddam
738 1651 959 1723 laudationes
972 1650 1047 1722 tibi.
1067 1677 1085 1718 n
1105 1649 1158 1722 Ad
1176 1649 1247 1720 hoc
1261 1675 1406 1747 quoque
1419 1650 1507 1724 illud
1520 1652 1673 1750 adjunge
1685 1655 1887 1753 poeticum*
1902 1683 1909 1725 :

1072 1835 1117 1892 Ne
1131 1840 1161 1892 te
1175 1831 1352 1912 quaesiveris
1366 1840 1462 1894 extra.

408 1997 414 2008 ’
507 2017 617 2088 Multa
637 2031 769 2088 suntet
786 2014 1140 2088 innumerabilitatem
1155 2013 1366 2088 secularium
1381 2040 1488 2112 quam
1509 1979 1824 2096 ecclesiasticorum
1845 2020 2032 2094 doctorum

460 2137 679 2226 testimonia,
697 2135 827 2233 quibus
843 2161 885 2206 ea
905 2160 982 2231 quae
1000 2138 1103 2206 sunt⁸
1121 2135 1271 2206 exterius
1286 2149 1321 2205 et
1332 2134 1586 2207 indifferentia·
1598 2153 1785 2229 vocantur,
1801 2164 1875 2212 non
1889 2165 2036 2238 magno·

458 2280 542 2353 pere
562 2253 720 2326 curanda
743 2279 818 2324 esse
844 2253 1028 2325 docemur.
1050 2253 1215 2349 Alioquin
1241 2245 1326 2348 leg'is
1348 2277 1476 2350 opera,
1505 2269 1540 2326 et
1560 2257 1736 2328 servitutis
1754 2258 1850 2354 ejus,
1881 2259 1970 2331 sicut
1987 2261 2036 2330 ait

457 2377 610 2462 Petrus⁷,
630 2371 856 2470 importabile
867 2372 991 2476 jugum
1007 2370 1215 2467 evangelicae
1226 2347 1377 2442 libertati
1391 2387 1482 2442 esset
1492 2373 1768 2471 preferendum,
1791 2391 1826 2448 et
1838 2379 1936 2448 suavi
1947 2379 2035 2476 jugo

455 2495 602 2583 Christi,
619 2508 655 2565 et
663 2493 738 2588 ejus
750 2494 850 2564 oneri
864 2491 944 2564 levi.
962 2492 1014 2563 Ad
1031 2491 1131 2588 quod
1148 2491 1294 2587 quidem
1312 2516 1419 2562 suave
1433 2493 1559 2588 jugum
1578 2509 1614 2564 et
1627 2519 1719 2566 onus
1737 2495 1813 2568 leve
1826 2522 1892 2596 per
1908 2514 2037 2570 semet·

454 2615 572 2710 ipsum
585 2612 744 2684 Christus
758 2635 824 2682 nos
837 2612 1007 2682 invitans:
1024 2610 1198 2701 «Venite,
1217 2638 1235 2676 n
1249 2611 1363 2706 inquit
1373 2613 1396 2700 ⁸,
1411 2639 1428 2678 u
1441 2612 1503 2708 qui
1513 2611 1679 2684 laboratis
1693 2628 1728 2686 et
1745 2616 1883 2687 onerati
1900 2619 1992 2688 estis.
2012 2645 2032 2682 n

455 2734 558 2805 Unde
579 2749 614 2804 et
631 2732 819 2830 predictus
844 2729 1026 2828 apostolus
1043 2729 1221 2827 quosdam
1235 2730 1309 2825 jam
1330 2731 1375 2802 ad
1396 2729 1572 2801 Christum
1591 2754 1803 2823 conversos,
1826 2733 1888 2805 sed
1913 2733 2036 2805 adhuc

452 2879 562 2953 opera
579 2853 665 2952 legis
682 2852 844 2924 retineri’
855 2865 1039 2922 censentes
1052 2850 1282 2922 vehementer
1296 2848 1507 2947 objurgans,
1529 2852 1618 2921 sicut
1636 2852 1673 2922 in
1692 2852 1836 2924 Actibus
1848 2852 1996 2949 Apmtol
2019 2893 2036 2908 ·

451 2999 530 3045 rum
549 2973 721 3072 scriptum
739 2985 791 3043 est
802 2974 834 3063 ¹⁰,
850 2971 920 3042 ait:
942 2999 959 3038 u
975 2969 1049 3039 Viri
1063 2967 1199 3060 fratres,
1214 2968 1302 3064 quid
1313 2969 1455 3040 tentatis
1468 2973 1584 3040 Deum
1595 2971 1780 3067 imponere
1788 2971 1913 3067 jugum
1926 2995 2039 3070 super

395 3163 399 3172 ,
449 3094 624 3165 cervicem
635 3090 909 3189 discipulorum,
931 3089 1032 3186 quod
1050 3113 1167 3185 neque
1182 3102 1300 3185 patres
1315 3089 1426 3158 nostri
1445 3112 1563 3184 neque
1581 3113 1648 3159 nos
1667 3103 1810 3186 portare
1822 3091 2036 3188 potuimus?

448 3214 511 3286 sed
523 3239 588 3311 per
602 3215 750 3310 gratiam
765 3211 911 3282 Domini
922 3215 1002 3281 lesu
1019 3209 1196 3280 credimus
1208 3209 1346 3298 salvari,
1362 3209 1668 3305 quemadmodum
1681 3225 1717 3282 et
1729 3209 1789 3281 illi.
1802 3239 1820 3276 n
1834 3213 1879 3281 Et
1890 3225 1929 3282 tu
1940 3211 2034 3308 ipse,

449 3333 620 3423 obsecro,
644 3357 719 3404 nou
747 3330 866 3402 solum
885 3329 1033 3417 Christi,
1054 3351 1180 3400 verum
1205 3329 1311 3399 etiam
1333 3328 1440 3438 hujus
1465 3328 1622 3400 imitator
1644 3323 1795 3438 apostoli
1819 3329 2037 3404 discretione

449 3454 538 3524 sicut
552 3468 586 3525 et
601 3451 766 3540 nomine,
788 3451 838 3521 sic
857 3474 1008 3548 operum
1022 3463 1196 3548 praecepta
1210 3447 1414 3538 moderare,
1433 3463 1472 3518 ut
1486 3449 1634 3520 infirmae
1650 3452 1817 3526 convenit
1831 3465 1978 3540 naturae,
1998 3467 2039 3523 et

452 3588 490 3643 ut
516 3573 644 3644 divinae
669 3571 783 3642 laudis
805 3569 1000 3668 plurimum
1028 3592 1151 3640 vacare
1173 3569 1350 3666 possimus
1375 3567 1513 3640 officiis.
1540 3573 1658 3657 Quam
1684 3569 1831 3666 quidem
1853 3571 2034 3662 hostiam,

450 3691 682 3764 exterioribus
704 3689 873 3762 omnibus
901 3687 1079 3761 sacrificiis
1106 3688 1322 3786 reprobatis,
1343 3689 1519 3760 Dominus
1545 3690 1804 3762 commendans
1829 3691 1931 3761 ait²¹:
1955 3721 1974 3758 u
1995 3694 2040 3763 Si

448 3813 646 3902 esurirem,
675 3835 748 3882 non
769 3811 886 3882 dicam
903 3808 988 3899 tibi,
1010 3833 1111 3881 meus
1129 3823 1181 3880 est
1206 3810 1302 3882 enim
1314 3808 1411 3880 orbis
1424 3825 1545 3899 terrae,
1566 3824 1601 3882 et
1621 3808 1806 3908 plenitudo
1825 3811 1912 3907 ejus.
1935 3815 2042 3883 Nun-

449 3931 536 4029 quid
563 3929 789 4002 manducabo
813 3954 937 4001 carnes
963 3945 1168 4018 taurorum,
1189 3945 1250 4000 aut
1269 3930 1477 4028 sanguinem
1501 3929 1684 4000 hircorum
1707 3929 1863 4027 potabo?
1882 3932 2044 4004 immola

449 4056 525 4123 Deo
545 4050 757 4122 sacrificium
775 4049 906 4141 laudis,
923 4063 959 4121 et
971 4049 1083 4121 redde
1102 4049 1273 4120 altissimo
1287 4064 1370 4120 vota
1389 4053 1466 4138 tua,
1482 4062 1517 4120 et
1535 4049 1662 4121 invoca
1678 4072 1737 4120 me
1757 4049 1794 4120 in
1808 4050 1866 4121 die
1884 4049 2044 4123 tribula-

447 4172 568 4261 tionis,
584 4185 757 4241 eternam
775 4183 827 4258 te,
850 4183 885 4240 et
902 4167 1155 4240 honorificabis
1173 4191 1242 4238 me.
1265 4195 1282 4232 n
1296 4172 1368 4239 Nec
1385 4167 1424 4238 id
1442 4167 1588 4264 quidem
1601 4169 1648 4239 ita
1663 4167 1856 4266 loquimur,
1877 4184 1917 4243 ut
1932 4169 2044 4242 labo-

448 4315 523 4362 rem
537 4315 688 4389 operum
703 4287 944 4386 corporalium
966 4310 1190 4384 respuamus,
1211 4310 1324 4383 quum
1338 4288 1526 4358 necessitas
1544 4287 1785 4385 postulaverit.
1811 4287 1881 4359 Sed
1902 4312 1948 4360 ne
1964 4289 2044 4360 ista

446 4423 749 4508 maguaputemus
756 4433 836 4505 quae
847 4408 991 4506 corpori
1003 4407 1179 4494 seruiunt,
1192 4420 1227 4477 et
1238 4403 1346 4476 officii
1358 4407 1469 4477 divini
1481 4405 1756 4479 celebrationem
1764 4407 2043 4506 praepediunt¹¹3

447 4531 640 4626 praesertim
657 4554 770 4642 quum
789 4553 832 4599 ex
849 4529 1058 4599 auctoritate
1071 4525 1266 4623 apostolica
1283 4525 1320 4596 id
1340 4527 1515 4624 praecipue
1533 4526 1671 4598 devotis
1684 4527 1863 4598 indultum
1876 4529 1920 4598 sit
1932 4527 2049 4599 femi-

450 4649 522 4738 nis,
544 4661 584 4717 ut
604 4645 725 4716 alienae
743 4647 1003 4742 procurationis
1021 4659 1262 4718 sustententur
1280 4643 1404 4716 officiis
1423 4647 1553 4744 magis,
1574 4669 1682 4743 quam
1703 4645 1748 4718 de
1767 4669 1876 4743 opere
1893 4649 2049 4744 proprii

449 4768 593 4840 laboris.
611 4765 715 4838 Unde
728 4764 775 4836 ad
787 4763 1014 4835 Timotheum
1026 4760 1154 4833 Paulus
1163 4766 1201 4831 ¹⁸:
1219 4791 1237 4830 u
1249 4767 1284 4833 Si
1298 4765 1377 4859 quis
1387 4764 1501 4835 tidelis
1514 4765 1621 4836 habet
1631 4763 1770 4852 viduas,
1785 4763 2051 4840 subministret

483 5014 491 5042 ⁶
512 5017 608 5074 Genea,
620 5029 677 5078 cap.
691 5027 767 5062 xxuu.
778 5037 809 5048 -
821 5011 831 5040 ⁸
844 5011 931 5062 Psalrn.
947 5027 984 5074 uu,
999 5027 1021 5060 r.
1040 5013 1080 5060 12.
1090 5009 1142 5048 -⁸
1156 5011 1222 5070 Quas
1255 5011 1327 5060 Amb.
1337 5037 1365 5047 -
1378 5009 1400 5038 ‘⁰
1412 5015 1466 5062 Act.
1477 5015 1572 5075 apuu,
1582 5027 1637 5076 cap.
1650 5026 1693 5074 xv,
1703 5028 1727 5064 r.
1741 5015 1779 5063 tt).
1792 5039 1821 5050 -
1830 5013 1851 5041 ‘¹
1861 5014 1950 5065 Psalm.
1961 5031 2053 5081 xm,

451 5099 499 5151 llS.
515 5096 646 5150 umba-⁴
660 5098 727 5148 Pers.
746 5106 792 5146 sat.
806 5113 830 5158 t,
846 5112 869 5146 r.
881 5099 906 5148 t.
920 5096 974 5136 -⁸
989 5098 1060 5146 Fiunt
1073 5095 1102 5146 l).
1116 5119 1146 5131 -
1161 5094 1223 5144 ‘Ex
1255 5109 1279 5144 r.
1293 5095 1337 5154 12,
1351 5098 1378 5144 ta
1389 5105 1414 5145 et
1427 5093 1523 5145 tt.-¹¹
1537 5095 1728 5158 impediautllS.
1742 5097 1872 5148 amn-¹·
1887 5099 1994 5151 Tbnoth.
2013 5104 2054 5166 1,

447 5186 607 5249 indifferentia
617 5183 637 5234 G
648 5193 674 5233 et
683 5181 734 5232 llS.
747 5179 878 5232 amu-¹
892 5181 990 5244 nutu,
1002 5197 1057 5246 cap.
1072 5197 1146 5239 xxnr,
1159 5195 1182 5229 v.
1196 5181 1221 5229 l.
1256 5195 1310 5244 cap.
1322 5195 1347 5239 r,
1361 5195 1383 5230 r.
1397 5181 1434 5230 lli.

447 5295 480 5308 -·
494 5268 504 5296 ⁸
519 5267 614 5327 batth..
635 5283 691 5334 cap.
708 5281 748 5326 ιι,
763 5281 787 5315 r.
802 5265 844 5314 28.
855 5291 885 5303 -
896 5263 956 5314 'Sic
966 5264 1144 5316 C.-ltettnerc
1156 5261 1222 5313 Edit.
