4520 6104
551 585 641 718 CUll
665 647 792 718 PETlll
820 647 1049 762 temtatur
1075 646 1397 720 SOLUTlONlBUS.
1692 649 1762 720 257

189 787 325 883 justum
344 811 386 858 ex
405 786 476 858 vita
494 801 530 858 et
549 775 716 885 operibus
733 788 808 882 ejus
824 789 987 884 ignorare
1004 813 1078 859 non
1095 804 1280 886 poterant,
1303 815 1369 862 nec
1386 790 1473 880 ista,
1496 815 1574 886 quae
1591 789 1761 879 faciebat,

189 933 255 1008 per
268 909 437 1008 Spiritum
455 923 621 1002 sanctum¹
636 908 725 980 sacta
744 933 833 980 esse.
849 911 970 996 Quum
989 933 1073 1006 ergo
1091 924 1218 982 contra
1236 911 1488 982 conscientiam
1507 934 1607 981 suam
1620 909 1696 981 baec
1714 909 1766 980 di·

190 1043 312 1101 oerent
323 1053 389 1128 per
406 1027 599 1126 malignum
620 1007 800 1126 spiritum,
821 1053 900 1125 quae
917 1027 994 1099 fieri
1007 1053 1081 1098 non
1100 1028 1309 1100 dubitabant
1319 1054 1384 1127 per
1395 1030 1564 1128 Spiritum
1583 1043 1765 1117 sanetum;

190 1148 350 1246 profecto
364 1149 514 1220 scienter
533 1149 742 1219 mentientes
762 1150 877 1246 ipsum
894 1149 1062 1246 Spiritum
1080 1163 1242 1219 sanctum
1265 1148 1486 1238 asserebant,
1510 1174 1586 1220 esse
1606 1150 1768 1248 spiritum

191 1266 399 1364 malignum.
424 1271 463 1338 ln
484 1291 557 1362 quo
575 1265 681 1362 longe
700 1267 809 1362 magis
834 1267 1096 1363 praesumpsisse
1114 1267 1281 1338 videntur
1304 1267 1533 1356 mentiendo,
1559 1291 1667 1364 quam
1695 1267 1770 1338 dia·

89 1445 92 1452 ,
191 1386 296 1458 holus
313 1384 565 1483 superbiendo.
581 1385 751 1456 Diabolus
769 1387 902 1484 quippe
919 1386 1080 1482 quamvis
1099 1387 1285 1484 appetierit
1298 1391 1375 1458 Deo
1394 1385 1516 1459 similis
1534 1411 1631 1476 esse,
1653 1401 1688 1458 et
1708 1410 1772 1484 per
1801 1397 1809 1414 “

191 1530 229 1576 se
246 1529 396 1602 reguum
422 1503 583 1576 obtinere
605 1533 612 1574 :
637 1529 711 1576 non
731 1505 901 1576 tamenin
922 1489 1059 1576 tantum
1079 1505 1127 1576 ibi
1145 1507 1332 1577 excessisse
1358 1504 1557 1577 credendus
1575 1522 1651 1594 est,
1675 1521 1713 1578 ut
1736 1508 1771 1580 in

193 1640 327 1698 tantam
347 1647 581 1722 prorumpere
599 1623 857 1721 blasphemiam
877 1625 1045 1713 auderet,
1076 1640 1114 1695 ut
1132 1629 1246 1696 Deum
1268 1626 1410 1696 mentiri
1428 1651 1501 1730 es&
1520 1625 1652 1696 malum
1672 1629 1774 1709 susti-

194 1757 305 1816 neret.
328 1742 432 1814 Unde
452 1741 671 1841 blasphemia
692 1745 840 1814 istorum
859 1768 932 1814 non
953 1745 1071 1814 minor
1087 1745 1252 1842 superbia
1271 1744 1434 1833 illorum,
1456 1745 1518 1816 sed
1538 1747 1642 1816 etiam
1664 1747 1773 1841 magis

192 1861 397 1935 execrabilis
415 1862 576 1952 videtur,
596 1877 635 1933 ut
654 1864 804 1933 omnino
821 1887 841 1937 a
856 1864 956 1934 venia
974 1862 1113 1934 excludi
1132 1864 1175 1934 sit
1194 1863 1312 1958 digna.
1336 1868 1565 1960 Nequaquam
1585 1878 1702 1934 tamen
1721 1865 1773 1934 di-

193 1987 307 2056 cimus
325 1984 423 2080 quod
441 1983 646 2080 poenitentia
665 1983 807 2068 talium,
836 1984 865 2056 si
882 1999 992 2072 esset,
1013 1982 1269 2079 indulgentiam
1288 2009 1362 2054 non
1382 1985 1585 2080 impetraret
1611 2011 1619 2054 ε
1650 1984 1712 2055 sed
1732 2009 1774 2055 ex

194 2103 369 2174 sententia
385 2101 530 2172 Domini
549 2125 676 2172 omnes
691 2101 779 2173 tales
796 2103 975 2173 credimus
995 2103 1042 2171 ita
1058 2103 1225 2198 Spiritum
1244 2104 1309 2172 Dei
1326 2101 1574 2191 exacerbasse,
1596 2117 1635 2173 ut
1652 2104 1690 2172 in
1712 2128 1774 2174 sua

195 2220 363 2293 obstinati
376 2219 520 2310 malitia,
537 2223 679 2318 penitus
692 2220 823 2292 exclusi
835 2221 964 2292 luerint
978 2247 998 2292 a
1011 2221 1131 2317 gratia.
1147 2225 1247 2291 Hanc
1260 2235 1378 2291 autem
1393 2221 1614 2292 manifestam
1627 2223 1775 2318 gratiam

194 2343 285 2432 Dei,
313 2365 445 2437 quaese
466 2341 502 2410 in
521 2339 661 2411 Christo
680 2365 745 2438 per
764 2340 930 2411 ellectum
948 2340 1201 2411 miraculorum
1221 2339 1371 2428 revelat,
1398 2345 1508 2411 Lucas
1526 2343 1687 2437 superius
1711 2367 1775 2438 per

195 2461 346 2558 digitum
369 2461 434 2532 Dei
461 2457 640 2556 designat,
664 2461 742 2557 ipso
770 2459 910 2530 dicente
933 2461 1110 2530 Domino¹
1141 2488 1148 2528 ε
1174 2489 1191 2526 τ
1221 2464 1332 2530 Ροττο
1356 2461 1385 2530 si
1403 2461 1438 2529 in
1459 2460 1568 2557 digito
1586 2462 1649 2532 Dei
1675 2463 1776 2556 ejicio

194 2582 393 2671 daemonia,
419 2608 438 2648 n
459 2604 586 2652 manus
608 2581 740 2678 quippe
761 2581 832 2652 sive
855 2581 1011 2669 dextera,
1033 2579 1088 2650 vel
1105 2578 1291 2651 brachium
1312 2581 1377 2651 Dei
1397 2580 1503 2651 Filius
1524 2582 1599 2676 ejus
1626 2581 1773 2672 dicitur3

194 2705 232 2773 in
247 2701 316 2773 hac
334 2725 441 2773 manu
455 2699 584 2798 digitus
595 2715 647 2772 est
664 2699 848 2770 manifesta
861 2699 1023 2797 qualibet
1036 2701 1144 2773 sancti
1162 2700 1310 2798 Spiritus
1325 2702 1496 2797 operatio.
1515 2703 1632 2798 Digito
1644 2705 1777 2801 quippe

195 2823 352 2894 maxime
370 2821 504 2893 utimur
526 2821 563 2890 in
584 2820 888 2891 demonstratione
910 2820 1149 2919 corporalium
1168 2844 1287 2890 rerum
1310 2847 1317 2888 ε
1341 2819 1436 2892 unde
1457 2821 1606 2915 digitum
1623 2824 1686 2892 Dei
1705 2825 1780 2919 Spi-

194 2945 307 3012 ritum
325 2939 401 3035 ejus
421 2939 527 3030 dicit,
546 2963 658 3035 quum
674 2939 821 3035 gratiam
849 2963 950 3010 suam
970 2963 1034 3036 ρετ
1061 2939 1215 3035 aliquem
1247 2937 1411 3008 ellectum
1437 2937 1599 3009 beneficii
1617 2955 1779 3036 patenter

195 3061 360 3150 exhibet,
382 3074 509 3131 utnon
530 3060 597 3130 nisi
616 3060 682 3129 Dei
703 3084 793 3156 opus
811 3058 900 3130 illud
917 3058 1102 3150 credatur,
1127 3059 1190 3129 etsi
1213 3057 1376 3129 nonnulli
1400 3084 1464 3156 per
1484 3058 1654 3130 invidiam
1679 3085 1779 3160 more

194 3183 456 3282 pharisaeorum
479 3180 563 3252 illud
584 3180 855 3252 calumnientur.
879 3185 922 3251 Et
941 3181 1012 3252 hoc
1033 3195 1085 3252 est
1107 3179 1178 3250 hoc
1197 3195 1383 3278 peccatum
1402 3179 1628 3279 blasphemiae
1646 3183 1682 3252 in
1704 3184 1780 3279 Spi-

115 3317 124 3334 ’
194 3305 310 3374 ritum
338 3316 521 3391 sanctum,
551 3325 616 3398 per
644 3324 751 3397 quem
781 3302 939 3372 remissio
959 3300 999 3372 fit
1016 3316 1267 3399 peccatorum,
1295 3300 1531 3373 irremissibile
1556 3327 1777 3400 permanere.

192 3421 310 3509 Quod
334 3435 453 3492 autem
474 3420 609 3522 dictum
639 3435 714 3491 est:
739 3437 757 3486 a
778 3421 990 3516 Quicunque
1016 3420 1142 3490 dixerit
1163 3419 1310 3490 verbum
1328 3435 1453 3490 contra
1472 3419 1585 3492 filium
1601 3421 1779 3511 hominis,

191 3544 402 3612 remittetur
419 3539 475 3628 ei;
500 3567 517 3604 n
542 3539 598 3610 sic·
611 3539 755 3636 accipe,
779 3538 878 3633 quod
901 3537 1043 3628 nullus,
1069 3539 1152 3634 qui,
1180 3553 1220 3608 ut
1238 3537 1373 3609 dictum
1395 3555 1467 3627 est,
1498 3564 1571 3610 non
1597 3565 1662 3638 per
1684 3542 1782 3611 mali-

191 3663 313 3747 tiam,
345 3658 408 3730 sed
433 3683 498 3757 per
520 3682 678 3729 errorem
709 3657 900 3729 detraxerit
927 3659 1058 3730 honori
1083 3658 1233 3747 Christi,
1257 3639 1404 3755 propter
1428 3658 1498 3730 hoc
1519 3658 1746 3731 damnabitur
1770 3691 1777 3730 :

188 3803 315 3876 quum
335 3776 409 3848 haec
430 3777 628 3873 ignorantia
645 3775 856 3868 invincibilis
874 3775 1026 3846 similem
1042 3801 1124 3847 eum
1152 3776 1253 3846 saciat
1280 3775 1347 3846 illis
1373 3802 1451 3874 pro.
1463 3778 1591 3872 quibus
1607 3780 1783 3850 Dominus

186 3904 230 3972 in
255 3899 426 3998 passione
444 3920 520 3986 sua,
541 3897 614 3967 sive
634 3895 833 3994 Stephanus
848 3896 1011 3965 oraverit.
1033 3891 1153 3964 Pietati
1172 3897 1304 3991 quippe
1322 3893 1429 3992 alque
1448 3898 1576 3967 rationi
1595 3901 1780 3988 convenit,

183 4036 228 4090 ut
254 4019 465 4115 quicunque
483 4016 560 4113 lege
580 4016 730 4086 naturali
756 4031 952 4086 creatorem
974 4015 1136 4082 omnium
1158 4037 1199 4084 ac
1220 4030 1525 4086 remuneratorem
1549 4020 1665 4088 Deum
1686 4043 1785 4090 reco-

179 4151 428 4234 gnoscentes,
449 4151 547 4206 tanto
564 4134 614 4204 illi
632 4134 708 4206 zelo
729 4133 931 4220 adhaerent,
956 4147 995 4202 ut
1013 4157 1075 4227 per
1094 4155 1326 4231 consensum,
1355 4133 1414 4228 qui
1434 4135 1578 4232 proprie
1597 4153 1783 4232 peccatum

180 4257 354 4345 dieitur,
395 4280 477 4326 eum
507 4255 664 4325 nitantur
692 4277 916 4350 nequaquam
950 4251 1154 4340 offendere,
1188 4251 1273 4322 tales
1302 4252 1515 4323 arbitremur
1539 4255 1686 4325 minime
1719 4255 1782 4326 da-

178 4375 380 4448 mnandos
400 4398 499 4463 esse,
526 4387 560 4444 et
579 4397 657 4469 quae
676 4371 774 4444 illum
793 4355 839 4442 ad
856 4351 1004 4442 s'alutem
1016 4394 1201 4440 necessum
1222 4386 1275 4441 est
1287 4369 1487 4472 addisoege,
1509 4386 1591 4442 ante
1609 4373 1688 4443 vitae
1713 4387 1783 4444 ter·
1899 4427 1904 4438 .

176 4500 340 4569 minum
360 4520 381 4566 a
398 4499 475 4564 Deo
496 4492 643 4564 revelari
668 4492 740 4562 sive
758 4516 823 4587 per
842 4490 1131 4588 inspirationem,
1160 4491 1233 4559 sive
1257 4515 1321 4587 per
1339 4489 1494 4585 aliquem
1516 4489 1691 4560 directum
1710 4516 1783 4586 quo

172 4617 229 4688 de
252 4615 321 4685 his
339 4614 551 4700 instruatur,
573 4612 662 4680 sicut
677 4609 715 4681 in
733 4609 899 4680 Cornelio
920 4608 1052 4678 factum
1069 4631 1145 4678 esse
1165 4607 1336 4704 legimus’
1353 4607 1398 4678 de
1417 4607 1487 4678 fide
1504 4606 1632 4678 Christi
1650 4632 1692 4679 ac
1704 4633 1784 4707 per·
1820 4646 1824 4654 ·

172 4737 369 4834 ceptione
399 4725 576 4830 baptismi.
598 4729 705 4816 Quod
724 4744 761 4800 et
781 4743 942 4826 patenter
967 4727 1025 4798 illa
1045 4726 1185 4798 videtur
1209 4741 1365 4798 astruere
1383 4729 1577 4800 sententia³
1599 4755 1606 4798 :
1636 4757 1654 4795 α
1669 4729 1705 4800 si
1723 4755 1786 4802 cor

172 4869 367 4926 nostrum
383 4875 456 4922 non
468 4848 736 4948 reprehenderit
753 4871 831 4936 nos,
852 4845 1019 4917 fiduciam
1037 4845 1208 4916 habemus
1226 4845 1270 4916 ad
1285 4851 1421 4936 Deum3
1442 4877 1459 4913 u
1480 4863 1514 4918 ct
1532 4873 1645 4944 quum
1664 4851 1786 4920 Domi-
1830 4923 1833 4927 ,

170 4998 255 5047 nus
271 4971 402 5043 dicat*
418 4997 425 5038 :
450 4999 467 5036 α
480 4969 650 5064 Majorem
669 4967 736 5038 hac
751 4966 977 5038 dilectionem
990 4989 1098 5036 nemo
1111 4964 1232 5062 habet,
1248 4979 1287 5035 ut
1298 4967 1453 5036 animam
1472 4990 1570 5038 suam
1584 4982 1695 5065 ponat
1707 4970 1786 5065 quis

210 5253 218 5278 ⁸
242 5250 339 5306 Luc.¹
351 5259 407 5311 cap.
418 5260 443 5294 xx
454 5259 492 5302 ,v.
504 5245 546 5292 tt).
559 5271 586 5279 -
602 5241 675 5291 'Act
689 5243 787 5304 apost,
800 5255 855 5306 cap.
873 5258 897 5292 x.
911 5267 940 5276 -
950 5239 960 5266 ⁸
972 5241 1043 5290 toan.
1060 5242 1141 5302 Epist.
1159 5242 1184 5298 l,
1199 5256 1254 5306 cap.
1272 5256 1312 5302 tu,
1327 5230 1348 5292 τ.
1365 5242 1405 5292 21.
1418 5241 1470 5278 -‘
1484 5211 1572 5304 laath,
1585 5255 1640 5304 cap.
1654 5255 1695 5301 ιτ,
1706 5256 1728 5290 τ.
1749 5243 1784 5290 ta.

323 5350 337 5392 1
1629 5329 1668 5390 33
