4574 6110
862 621 865 626 '
971 615 1181 689 ctRMtNl.

323 753 395 810 Solis
407 756 519 810 intuens
534 755 591 810 illic
603 754 696 810 radios

325 844 440 900 Summo
450 844 549 916 jubare
562 844 753 914 beatissimos,

325 935 427 992 Visum
441 935 544 1003 reiicit,
558 937 645 1009 pascit
657 935 763 991 oculos.

323 1065 362 1118 Ex
376 1065 529 1121 substantia
542 1065 606 1120 solis
619 1067 700 1137 ignea

323 1154 407 1210 Calor
418 1153 551 1227 prodiens
563 1165 592 1210 et
603 1155 650 1210 lux
669 1159 763 1229 genita

323 1245 517 1301 Oblectarnina
530 1247 653 1320 praebent
669 1249 799 1303 maxima.

322 1375 424 1448 Perpes
439 1375 543 1448 gloria,
561 1386 615 1431 etc.

631 1554 718 1610 LXX.

291 1706 294 1714 ·
322 1690 471 1764 Quadriga
486 1692 591 1749 Christi
615 1693 773 1749 vehiculum

321 1781 458 1838 Torcular
470 1793 559 1856 gestat
575 1781 762 1852 dominicum,

321 1873 386 1943 Quo
401 1871 500 1928 botros
513 1891 623 1946 pressus
638 1875 668 1929 in
682 1875 813 1949 poculum

321 1962 423 2018 Relicit
439 1962 522 2018 corda
539 1963 673 2022 fidelium.

320 2101 470 2185 Scriptura
486 2123 594 2168 textum
614 2114 760 2170 dominicae

320 2201 469 2276 Quadriga
481 2221 583 2277 corpus
598 2203 736 2278 intellige,

319 2293 383 2363 Qua
395 2293 446 2348 Dei
465 2292 584 2349 verbum
596 2295 749 2350 innumere

321 2382 449 2439 Delaturn
460 2395 559 2440 tenent
571 2384 700 2440 ecclesie.

320 2514 469 2589 Quadriga
481 2527 548 2572 rotae
564 2517 704 2572 volumina

319 2606 448 2675 Quatuor
461 2616 526 2661 sunt
539 2606 700 2680 Evangelia,

319 2696 448 2766 Quorum
466 2697 615 2769 scriptores
629 2696 778 2753 clarissima

318 2784 502 2841 promeruere
514 2785 656 2842 solemnia.

318 2914 417 2970 Gloria
428 2915 505 2970 Patri
517 2925 545 2970 et
559 2916 646 2986 Filio,

319 3006 492 3079 Spirituique
504 3005 654 3079 paraclito,

319 3095 376 3151 Uni
390 3107 446 3151 tarn
460 3097 519 3152 Deo
533 3115 618 3171 quam
632 3097 769 3168 Dornino,

222 3201 224 3206 ’
320 3186 414 3254 Quum
427 3188 485 3241 sint
497 3203 620 3259 persona
633 3195 688 3244 tres
701 3207 829 3248 numero.

832 3285 918 3338 Astur.

618 3446 720 3502 LXXI.
751 3463 752 3468 ’

318 3591 453 3647 Torcular
466 3610 534 3646 crux
552 3603 594 3648 est
612 3593 766 3664 dominica;

317 3683 432 3738 Botrum
447 3683 494 3737 hic
507 3683 652 3740 Christum
665 3687 824 3756 considera;

318 3773 406 3828 Vecte
420 3753 583 3846 susp'ensum
603 3775 679 3830 hunc
696 3778 810 3848 mystica

317 3862 504 3935 l’raeliguravit
519 3863 645 3919 historia.

316 3991 399 4046 Hunc
412 3990 569 4048 deserentes
583 3992 619 4047 ad
632 3995 767 4067 populum
798 4033 804 4046 .

316 4080 478 4136 Fertilitatis
490 4081 642 4152 indicium,

315 4170 353 4224 tti
366 4181 432 4225 suut
444 4172 493 4244 qui
511 4173 603 4226 erucis
616 4178 795 4246 mysterium,

315 4258 416 4314 Mundi
425 4259 553 4336 salutem,
564 4264 702 4334 aperiunt.

314 4391 394 4444 Prior
406 4409 463 4446 non
475 4391 571 4447 videus
583 4411 666 4468 quem
682 4394 787 4468 bajulat

314 4479 421 4535 Christi
434 4482 585 4556 prophotas
597 4485 742 4558 significat.

314 4568 341 4623 ls
353 4570 402 4643 qui
412 4570 536 4627 succedit
547 4583 579 4628 ut
591 4573 696 4642 videat,

315 4660 384 4715 VIsa
399 4673 543 4718 narrantes
555 4663 608 4719 hos
620 4664 743 4722 denotat.
777 4684 783 4699 ·

313 4788 411 4846 crosa
423 4761 516 4864 ratri,
532 4803 585 4848 etc.

606 4965 723 5025 LXXII.

313 5114 442 5183 Quatoor
453 5128 519 5173 sunt
532 5119 589 5174 hac
606 5119 735 5178 animalia

312 5203 406 5261 Variis
417 5205 515 5263 formis
532 5209 673 5268 distantia.
711 5215 716 5226 '

1141 776 1221 830 Visio
1241 776 1326 833 relert
1343 777 1507 851 prophetica

1137 866 1370 944 Apocalypsisque
1387 871 1512 958 mystica.

1135 1027 1160 1078 A
1178 1025 1284 1082 dextris
1300 1028 1386 1083 homo
1399 1029 1559 1101 concipitur

1136 1115 1227 1189 Eique
1239 1117 1283 1172 leo
1301 1119 1498 1192 conjungitur,

1137 1205 1236 1261 Vitulo
1253 1208 1316 1263 lara
1330 1208 1516 1276 conceditur,

1135 1295 1238 1369 Aquila
1250 1315 1333 1370 super
1347 1298 1499 1354 extollitur.

1134 1457 1194 1513 Alis
1209 1460 1352 1532 quaternis
1365 1459 1422 1514 haec
1439 1458 1554 1531 predita

1136 1547 1191 1604 Vel
1203 1547 1326 1604 faciebus
1336 1561 1402 1604 sunt
1420 1549 1545 1622 singulm
1650 1553 1654 1561 '

1136 1637 1234 1694 Oculis
1253 1639 1334 1712 plena
1350 1650 1417 1696 sunt
1428 1657 1560 1714 corpora,

1135 1727 1176 1782 Ut
1187 1747 1238 1784 nec
1258 1729 1303 1784 his
1319 1728 1402 1786 dorsa
1416 1731 1472 1784 sint
1485 1747 1578 1785 vacua.

1136 1875 1233 1932 Gloria
1246 1876 1335 1945 Patri,
1353 1888 1407 1933 etc.

1417 2089 1551 2146 LXXIII.

1051 2299 1052 2302 ,
1137 2249 1214 2304 Eunt
1227 2267 1291 2304 cum
1307 2247 1361 2303 illis
1374 2249 1505 2304 euntibus

1133 2339 1229 2413 Atque
1243 2349 1320 2394 stant
1331 2349 1399 2393 rotae
1411 2357 1475 2394 cum
1488 2339 1639 2408 stantibus;

1133 2430 1272 2486 Levantur
1285 2448 1350 2486 cum
1363 2430 1551 2498 elevantibus3

1132 2519 1205 2574 Cum
1217 2518 1262 2575 his
1276 2521 1336 2576 vite
1350 2521 1385 2576 sit
1399 2521 1524 2594 spiritus.

1131 2667 1219 2723 Pedes
1231 2686 1331 2724 eorum
1346 2668 1431 2742 pedes
1444 2669 1530 2738 recti,

1130 2757 1286 2833 Plantaque
1297 2759 1377 2833 pedis
1390 2769 1422 2814 ut
1435 2759 1515 2814 vituli

1133 2848 1280 2923 Tanquam
1292 2867 1327 2906 ex
1341 2869 1392 2905 aere
1404 2850 1460 2905 sint
1474 2848 1620 2919 candenti,

1133 2937 1265 2994 Scintilla
1277 2939 1339 2994 risae
1350 2950 1417 2995 sunt
1428 2939 1571 3013 progredi.

1131 3086 1295 3142 Carbonum
1307 3089 1395 3143 instar
1407 3088 1567 3145 ardentium

1133 3175 1306 3250 lampadum
1322 3177 1430 3235 habent
1443 3178 1651 3252 splendentium

1133 3265 1168 3319 ln
1180 3265 1297 3321 modum
1310 3268 1367 3322 visa
1380 3269 1544 3324 micantium

1133 3354 1179 3410 lre
1192 3355 1285 3412 redire
1300 3368 1366 3412 sunt
1380 3355 1531 3431 fulgorum.

1134 3504 1232 3560 Gloria
1245 3507 1336 3576 Patri,
1355 3518 1408 3562 etc.

1414 3715 1547 3793 cxxiv.

1238 3893 1283 3947 Ad
1296 3887 1413 3950 coelestis

1195 4017 1196 4020 =
1237 3981 1343 4037 Ortum
1357 3986 1447 4058 regis,

1237 4070 1296 4126 Rex
1308 4082 1436 4128 terrenus
1508 4097 1517 4112 ·

1234 4163 1285 4218 Jus
1298 4165 1401 4220 auferri

1193 4241 1195 4246 ¹
1236 4253 1331 4309 Timet
1342 4254 1395 4310 sibi

1235 4343 1422 4417 Principatus.

1237 4503 1400 4561 lnauditum
1497 4534 1502 4543 ·

1235 4593 1324 4650 Stellae
1340 4598 1452 4670 signum

1236 4685 1292 4741 Ubi
1305 4700 1437 4756 narrant,

1242 4777 1393 4836 Civitatem

1235 4872 1327 4943 Atque
1344 4889 1437 4944 regem

1234 4960 1308 5033 Magi
1326 4959 1449 5016 turbant.

1233 5109 1307 5164 Hinc
1321 5120 1477 5165 commotus

1233 5197 1292 5254 llex
1305 5199 1419 5274 iniquus
