4496 6102
429 581 501 654 430
742 591 744 596 '
1031 583 1161 656 PETRI
1188 581 1423 661 ABAELARDl

316 820 320 828 Ι
427 728 530 821 cujus
546 748 611 822 per
629 725 778 822 gratiam
795 725 922 796 mundi
938 727 976 796 in
993 750 1153 799 amorem
1171 728 1225 799 sui
1239 730 1416 803 Dominus
1428 730 1626 803 emollierat
1644 729 1780 802 corda?
1798 735 1903 804 Hunc
1920 731 2026 809 etiam

429 851 549 920 locum
569 863 739 943 tanquam
760 863 898 946 petram
916 849 1093 920 Dominus
1109 849 1350 942 inhabitabat,
1370 853 1407 923 in
1426 850 1585 951 quesibi
1604 866 1720 924 tutum
1743 876 1785 926 ac
1804 851 1949 928 firmum
1967 857 2028 930 ha·

429 968 625 1040 bitaculum
643 968 860 1065 providerat.
881 969 970 1040 lnde
986 970 1092 1066 igitur
1110 993 1242 1068 egnum
1258 995 1363 1042 suum
1381 973 1560 1044 Dominus
1577 971 1685 1043 mittit
1698 970 1744 1043 ad
1758 988 1920 1046 montem
1943 978 2026 1052 Sion

430 1088 509 1160 filiae
528 1112 619 1178 suae,
637 1088 785 1185 quando
800 1089 962 1162 Christus
975 1114 996 1161 a
1009 1089 1178 1188 praedicta
1191 1091 1350 1186 gentium
1362 1092 1502 1164 civitate
1513 1092 1612 1188 juxta
1625 1092 1807 1166 desertum
1821 1094 1888 1165 sita
1906 1093 2029 1168 Betha-

307 1203 311 1208 ’
432 1212 527 1280 niam
545 1211 664 1308 primo
683 1211 793 1282 venit.
816 1211 955 1283 Deinde
979 1235 1148 1309 passurus
1171 1210 1430 1309 lerosolymam
1453 1214 1616 1311 pervenit
1638 1213 1675 1283 in
1699 1228 1823 1284 monte
1850 1215 1936 1287 Sion
1962 1241 2028 1313 po·

431 1335 547 1404 sitam.
563 1335 680 1418 Quam
695 1333 856 1430 profecto
876 1334 1054 1405 civitatem
1073 1333 1174 1430 quasi
1191 1332 1300 1404 filiam
1315 1337 1412 1405 Deus
1428 1333 1512 1406 olei¹
1523 1333 1662 1427 habuit,
1678 1359 1792 1432 quum
1804 1359 1884 1406 eam
1897 1338 2029 1409 ueteris

432 1479 497 1553 per
515 1455 664 1549 gratiam
683 1455 822 1546 extulit,
848 1469 887 1525 ut
909 1453 1107 1552 specialiter
1123 1454 1198 1552 ipsa
1219 1468 1449 1551 nuncupetur
1468 1454 1590 1526 civitas
1611 1468 1749 1546 musta,
1777 1467 1852 1525 tam
1869 1454 2030 1527 videlicet

432 1574 497 1646 Dei
513 1573 650 1673 templo
667 1600 776 1674 qnam
795 1575 996 1646 sanctuario
1015 1573 1206 1662 adornata,
1227 1587 1262 1646 et
1280 1574 1317 1644 in
1337 1575 1452 1671 capite
1472 1575 1572 1672 regni
1591 1575 1796 1646 constituta.

394 1737 398 1746 ·
482 1700 571 1766 Ante
587 1719 647 1766 sex
662 1695 739 1766 dies
753 1694 895 1767 Paschae
907 1695 1003 1766 venit
1021 1692 1247 1776 Bethaniam‚
1265 1692 1349 1765 inde
1366 1694 1403 1764 in
1421 1694 1593 1784 crastino,
1613 1693 1650 1765 id
1668 1695 1860 1792 estquinto
1877 1692 2029 1766 dicante

434 1814 568 1886 Pascha
593 1840 826 1915 processurus
853 1814 1131 1912 lerosolymam3
1159 1830 1197 1886 ut
1219 1830 1382 1912 tempore
1406 1839 1481 1913 quo
1511 1813 1662 1887 decebat
1690 1815 1828 1912 mystici
1850 1815 1932 1912 agni
1951 1839 2030 1914 per·

433 1949 553 2032 ageret
572 1953 809 2028 sacramenta,
830 1938 921 2008 sicut
930 1937 1005 2032 jam
1019 1938 1182 2036 superius
1197 1937 1233 2007 in
1248 1935 1318 2008 alio
1331 1961 1497 2008 sermone
1516 1935 1757 2008 meminimus.
1773 1941 1894 2025 Quum
1910 1949 2030 2007 autem

435 2058 611 2128 Dominus
637 2057 843 2130 Bethaniam
873 2059 1045 2148 venisset,
1075 2059 1236 2130 fecerunt
1251 2059 1283 2129 ci
1305 2081 1446 2130 coenam
1471 2055 1542 2149 ibi,
1571 2072 1606 2128 et
1630 2056 1767 2128 Martha
1794 2055 2026 2128 ministrabat.

435 2181 585 2250 Lazarus
600 2203 686 2250 vero
701 2192 778 2249 erat
793 2203 885 2249 unus
897 2203 939 2250 ex
959 2177 1266 2250 discumbentibus
1279 2203 1363 2249 cum
1378 2188 1435 2250 eo.
1452 2179 1560 2248 Maria
1572 2202 1657 2275 ergo
1672 2179 1808 2277 accepit
1821 2177 1949 2250 libram
1964 2203 2030 2249 un·

435 2301 556 2394 guenti
572 2299 676 2372 nardi
690 2300 805 2398 pistici
819 2300 985 2402 pretiosi,
1004 2315 1038 2372 et
1052 2301 1152 2372 ttnxit
1163 2300 1274 2397 pedes
1287 2305 1368 2371 lesu
1376 2353 1386 2387 ,
1403 2315 1438 2372 et
1451 2302 1593 2371 extersit
1606 2299 1741 2398 capillis
1754 2301 1839 2391 suis,
1853 2315 1890 2373 et
1901 2300 2031 2374 domus

436 2419 582 2518 impleta
600 2436 652 2492 est
671 2445 713 2492 ex
734 2420 848 2491 odore
869 2422 1053 2518 unguenti.
1080 2422 1151 2508 Qui
1167 2444 1254 2492 vero
1274 2444 1413 2492 coenam
1433 2422 1536 2492 istam
1555 2422 1774 2520 paraverint,
1798 2420 1858 2493 ubi
1881 2426 2030 2494 lazarus

437 2542 657 2632 convivatur,
680 2541 818 2614 Martha
839 2541 978 2632 cibum,
999 2543 1108 2613 Maria
1122 2542 1297 2614 ministrat
1314 2555 1558 2638 unguentum,
1579 2541 1791 2640 evangelista
1813 2567 1889 2614 non
1912 2543 2031 2641 expri-

437 2661 518 2750 mit3
540 2661 624 2756 quia
641 2685 706 2759 per
723 2660 789 2731 has
805 2685 976 2760 personas
997 2684 1085 2758 quas
1101 2661 1266 2732 nominet
1282 2662 1365 2733 satis
1382 2661 1601 2731 insinuatum
1618 2659 1792 2757 intelligit.
1811 2657 1857 2731 Ut¹
1872 2663 1969 2733 enim
1985 2661 2030 2734 de

436 2783 569 2850 Lazaro
587 2795 784 2870 taceamus,
808 2803 1036 2877 nequaquam
1058 2803 1259 2876 congruum
1282 2793 1377 2867 erat,
1404 2794 1442 2850 ut
1458 2794 1587 2852 sanctae
1605 2779 1744 2850 femiuae
1760 2779 1798 2849 in
1816 2779 1928 2851 domo
1948 2779 2031 2851 alte·

436 2901 524 2990 rius,
540 2902 596 2973 vel
609 2900 655 2974 de
669 2901 791 2974 alienis
805 2902 1046 2974 ministrarent
1064 2898 1278 3000 sumptibus.
1296 2901 1515 2970 Convivatur
1531 2905 1682 2972 Lazarus
1695 2924 1780 2970 cum
1797 2902 1954 2972 Domino
1967 2915 2031 2988 ,¹ut

434 3026 520 3097 bina
546 3023 622 3119 ejus
646 3021 820 3121 probetur
838 3022 1062 3093 resurrectio.
1085 3020 1190 3092 Unde
1208 3034 1244 3090 et
1263 3019 1502 3114 Hieronymus
1523 3020 1560 3090 in
1580 3023 1610 3088 ll
1632 3021 1765 3089 Contra
1788 3023 2025 3106 Joniru'anwn,

436 3146 483 3217 de
500 3147 580 3244 ipso
600 3145 758 3215 Domino
779 3143 873 3213 ait¹2
893 3171 910 3210 r
927 3140 1091 3213 Comedit
1110 3140 1257 3238 quidem
1276 3153 1359 3237 post
1381 3141 1697 3230 resurrectionem,
1716 3155 1755 3212 ut
1773 3142 1956 3213 veritatem
1977 3141 2029 3212 sui

436 3265 598 3364 corporis
622 3261 886 3361 comprobaret.
915 3265 1003 3332 Nam
1021 3262 1308 3357 quotiescunque
1327 3274 1511 3331 mortuum
1533 3261 1730 3351 suscitavit,
1749 3261 1854 3357 jussit
1874 3261 1907 3332 ei
1930 3283 2028 3331 man-

338 3464 340 3470 ,
438 3383 569 3455 ducere
590 3380 690 3470 dari,
712 3405 759 3451 ne
776 3379 996 3450 resuscitatio
1014 3377 1227 3477 phantasma
1246 3393 1442 3475 putaretur.
1465 3381 1509 3450 Et
1530 3383 1682 3451 lazarus
1703 3396 1786 3478 post
1804 3381 2029 3452 resurrectio·

438 3525 522 3572 nem
549 3499 598 3572 ob
618 3500 712 3570 hanc
732 3523 876 3570 causam
901 3497 1067 3570 scribitur
1090 3522 1173 3569 curn
1197 3498 1354 3568 Domino
1377 3498 1484 3570 inisse
1509 3499 1766 3570 convivium.»
1794 3505 1890 3571 Bene
1912 3513 2029 3570 autem

440 3623 623 3714 mulieres,
644 3647 722 3719 quac
738 3621 935 3692 Dominum
956 3620 1153 3718 suscipiunt
1169 3643 1277 3716 quem
1298 3620 1363 3690 viri
1378 3635 1653 3718 persequuntur,
1670 3636 1802 3694 etcum
1821 3622 1966 3719 insuper
1979 3643 2030 3690 re·

438 3744 610 3834 ficientes,
623 3741 786 3839 generale
796 3742 973 3838 majorum
988 3741 1167 3813 Christum
1176 3742 1467 3839 persequentium
1479 3766 1553 3814 non
1569 3759 1735 3816 verentur
1749 3743 1918 3816 edictum.
1929 3747 2027 3834 Quae,

438 3884 477 3941 ut
495 3867 665 3955 diximus,
682 3864 823 3936 Christo
842 3865 1100 3955 ministrantes,
1121 3864 1228 3936 fratre
1244 3865 1401 3962 ipsarum
1423 3867 1553 3936 Lazaro
1570 3847 1819 3958 recumbente,
1838 3879 1939 3936 tanto
1959 3863 2031 3936 leli·

438 3989 513 4060 cius
528 3987 563 4056 in
579 3985 698 4057 anima
711 3985 938 4056 insinuantur
949 3985 1142 4073 suscitatae,
1159 3996 1295 4080 quanto
1308 3983 1445 4078 majore
1458 3982 1598 4056 Christo
1612 3985 1774 4056 assistere
1788 3998 2031 4056 monstrantur

439 4105 643 4177 devotione.

489 4228 655 4324 Legimus
672 4226 870 4296 Dominum
891 4224 1107 4296 ministrasse
1129 4223 1261 4294 mensis
1279 4221 1556 4322 discipulorum,
1574 4225 1664 4296 sicut
1686 4223 1811 4321 etipse
1828 4221 2029 4322 profitetur,

439 4346 578 4419 dioens⁸
597 4373 604 4416 :
630 4375 647 4413 a
663 4345 837 4442 Nunquid
852 4344 967 4440 major
979 4359 1032 4416 est
1045 4345 1107 4442 qui
1121 4343 1315 4434 recumbit,
1332 4367 1378 4414 an
1389 4344 1452 4440 qui
1465 4343 1664 4416 ministrati
1678 4348 1806 4416 Nonne
1819 4343 1881 4441 qui
1894 4367 2033 4415 recum

438 4467 514 4539 bit?
534 4471 609 4562 Ego
632 4480 753 4537 autem
776 4466 814 4536 in
837 4463 958 4536 medio
982 4479 1140 4537 vestrum
1158 4487 1258 4553 sum,
1282 4463 1372 4536 sicut
1389 4465 1451 4560 qui
1477 4464 1665 4536 ministret.
1685 4491 1702 4531 n
1723 4461 1823 4535 Soles
1841 4477 1961 4534 autem
1982 4463 2032 4535 fe·

439 4587 554 4657 minas
567 4585 749 4687 Scriptura
761 4599 1023 4656 commemorat
1035 4584 1193 4654 Domino
1209 4583 1435 4656 ministrasse.
1450 4584 1621 4656 Novimus
1634 4598 1668 4656 et
1680 4583 1799 4682 ipsum
1809 4581 1921 4681 pedes
1930 4581 2033 4655 disci·

439 4708 608 4807 pulcrum
619 4705 788 4797 abluisse,
804 4706 943 4778 nullum
955 4720 1074 4778 autem
1085 4705 1246 4776 virorum
1255 4705 1325 4776 hoc
1339 4705 1373 4776 ei
1384 4703 1596 4803 obsequium
1609 4704 1827 4796 exhibuisse,
1840 4704 1905 4776 sed
1916 4703 2029 4776 solam

440 4827 672 4924 peccatricem
687 4824 803 4916 illam,
820 4851 898 4923 quae
911 4825 1129 4925 poenitentiae
1145 4823 1309 4920 lacrymis
1327 4824 1437 4923 pedes
1455 4826 1531 4921 ejus
1549 4825 1652 4916 lavit,
1673 4823 1808 4922 capillis
1826 4825 1941 4914 tersit,
1963 4847 2030 4896 un·

442 4949 583 5046 guentis
600 4949 785 5020 recreavit.
800 4952 873 5021 Nec
889 4949 1013 5020 solum·
1021 4946 1149 5046 pedes,
1159 4969 1289 5020 ‘verum
1303 4947 1409 5020 etiam
1430 4962 1546 5046 caput=
1556 4947 1666 5046 ipsius
1679 4947 1809 5020 mulier
1826 4948 2026 5044 inungens,

360 5261 365 5272 .
474 5217 482 5243 ⁴
498 5217 561 5270 olem
573 5227 640 5268 cene
650 5215 790 5282 legendum.
805 5243 832 5252 —
845 5215 854 5242 ¹
867 5218 928 5282 Opp.
946 5228 963 5269 t.
979 5217 1015 5278 ll,
1030 5227 1092 5284 part.
1107 5217 1144 5276 ll,
1160 5215 1207 5266 ool.
1222 5217 1318 5265 ttu-
1328 5213 1338 5242 ⁵
1348 5214 1419 5276 Luc„
1432 5231 1488 5282 cap.
1504 5231 1569 5278 un,
1580 5231 1604 5266 v.
1617 5219 1657 5266 at.
