4496 6102
1046 613 1175 684 PETlll
1200 609 1435 685 lsmtlsut

677 1095 682 1108 .
722 1015 779 1100 ΙΝ
814 1013 1258 1103 Punlrtolrtottn
1293 1011 1516 1101 SANCTAE
1549 1009 1761 1100 llAlllAE.

1152 1309 1263 1355 SERMO
1290 1311 1324 1354 V.

495 1519 512 1554 a
528 1493 650 1577 Quum
662 1513 819 1560 essemus
831 1487 991 1586 parvuli,
1006 1517 1023 1556 u
1038 1488 1226 1588 Apostolus
1240 1471 1326 1580 ait¹,¹
1338 1519 1355 1556 «
1371 1487 1438 1559 sub
1458 1487 1642 1560 elementis
1660 1484 1787 1557 mnndi
1805 1509 1946 1556 eramus
1964 1509 2034 1556 ser·

443 1613 589 1682 vientes.
618 1615 661 1681 At
680 1609 741 1680 ubi
764 1608 860 1680 venit
881 1607 1067 1708 plenitudo
1092 1611 1280 1708 temporis,
1310 1610 1404 1680 misit
1428 1612 1525 1680 Deus
1550 1605 1664 1678 lilium
1687 1631 1811 1692 suurn,
1838 1605 1970 1676 laetum
1993 1629 2033 1676 ex
2118 1627 2120 1630 ·
2187 1601 2191 1612 '

444 1730 610 1821 muliere,
632 1730 764 1800 lactum
783 1728 849 1801 sub
867 1729 962 1827 lege3
987 1740 1026 1800 ut
1048 1730 1188 1827 eosqui
1207 1729 1369 1827 sublege
1391 1743 1493 1800 erant
1510 1726 1717 1817 redimeret,
1743 1741 1782 1797 ut
1803 1724 2034 1823 adoptionem

436 1839 600 1923 ‘filiorum
626 1852 876 1949 reciperemus.
908 1851 1088 1938 Quoniam
1116 1865 1236 1923 autem
1262 1852 1344 1923 estis
1370 1849 1433 1922 filii
1455 1850 1539 1940 Dei,
1565 1850 1659 1920 misit
1675 1852 1772 1921 Deus
1792 1847 1957 1944 spiritum
1974 1845 2036 1916 filii

441 1974 496 2044 sui
510 1973 546 2042 in
562 1971 672 2044 corda
686 1988 807 2044 nostra
823 1972 1037 2044 clamantem
1050 2000 1058 2042 ι
1069 1971 1179 2060 Abba,
1197 1987 1309 2071 pater.
1328 1978 1450 2069 ltaque
1460 1971 1534 2068 jam
1547 1995 1621 2043 non
1636 1985 1689 2042 est
1700 1993 1835 2059 servus,
1852 1965 1916 2038 sed
1928 1965 2031 2038 filius.

442 2090 550 2179 Quod
569 2091 599 2162 si
616 2091 726 2182 filius,
741 2107 776 2164 et
787 2093 899 2164 baeres
916 2117 981 2191 per
997 2097 1125 2164 Deum.
1143 2121 1160 2158 >t
1181 2095 1324 2179 Quanta
1340 2092 1558 2191 perfectione
1572 2089 1743 2162 doctrinae
1758 2089 1890 2188 pariter
1906 2102 1941 2158 et
1959 2088 2036 2159 sitae

443 2212 625 2283 christiani
640 2211 794 2285 debeant
806 2215 1034 2312 praeminere,
1056 2238 1210 2312 presens
1228 2215 1415 2314 Scripturas
1431 2213 1531 2284 locus
1549 2226 1710 2311 patenter
1728 2210 1900 2297 insinuat,
1920 2193 2036 2306 pleni·

443 2333 605 2405 tudinem
635 2335 806 2432 temporis
828 2335 946 2431 gratiae
976 2333 1021 2406 ab
1044 2334 1312 2434 imperfectione
1335 2333 1614 2433 praecedentium
1637 2343 1843 2429 temporum
1866 2342 1902 2400 et
1924 2328 2037 2427 perle-

443 2457 600 2528 ctionem
615 2453 796 2550 Evangelii
817 2454 863 2525 ab
884 2453 1112 2526 inchoatione
1132 2454 1351 2552 distinguens
1373 2455 1472 2551 legis.
1492 2483 1510 2522 α
1526 2457 1648 2540 Quum
1672 2475 1846 2541 essemus,
1863 2479 1880 2516 u
1901 2448 2040 2546 inquit,

445 2575 638 2673 «parvuli,
668 2591 735 2648 etc.
760 2581 885 2648 »Tota
907 2575 983 2648 baec
1006 2576 1154 2674 epistola
1176 2602 1255 2674 quae
1277 2575 1409 2648 Galatis
1437 2579 1565 2675 scripta
1587 2587 1661 2665 est,
1687 2573 1733 2646 ad
1757 2598 1818 2646 eos
1841 2571 2037 2669 specialiter

442 2695 611 2787 intendit,
628 2697 689 2793 qui
704 2695 750 2766 de
768 2692 948 2791 judaismo
962 2697 1138 2785 conversi,
1155 2697 1345 2796 pristinum
1362 2721 1456 2768 onus
1474 2696 1560 2793 legis
1573 2693 1744 2768 reducere
1757 2685 1946 2784 volebant,
1963 2719 2035 2766 non

443 2813 652 2887 arbitrantes
682 2814 844 2888 sufficere
868 2816 914 2887 ad
937 2816 1087 2888 salutem
1110 2817 1319 2912 evarrgelicae
1346 2816 1518 2888 doctrinae
1538 2814 1807 2914 perlectionem.
1836 2813 1976 2901 Quibus
2000 2843 2036 2888 se

443 2953 708 3008 connumerans
728 2938 917 3037 Apostolus
933 2953 1106 3036 tanquam
1124 2937 1285 3010 similiter
1306 2961 1500 3010 conversus
1513 2938 1583 3009 ait:
1608 2967 1625 3006 a
1640 2941 1762 3024 Quum
1781 2959 1939 3008 essemus
1960 2961 2037 3036 par*

442 3058 532 3146 vuli,
547 3073 616 3130 etc.
630 3087 648 3126 u
670 3063 818 3131 Constat
836 3055 1022 3157 parvulos,
1039 3083 1152 3156 quum
1170 3057 1217 3130 ad
1235 3057 1458 3158 disciplinam
1476 3058 1672 3130 litterarum
1687 3058 1924 3157 applicantur,
1942 3058 2037 3156 prius

441 3178 645 3251 litteralium
669 3179 931 3253 elementorum
959 3181 1090 3278 figuras
1110 3180 1167 3252 vel
1192 3181 1503 3278 pronuntiationes
1527 3167 1727 3267 addiscere,
1753 3201 1860 3275 quam
1884 3177 2038 3274 integras

442 3299 622 3370 orationes
634 3298 775 3372 valeant
788 3300 954 3372 formare.
974 3299 1159 3372 Elementa
1177 3301 1297 3398 itaque
1315 3298 1439 3371 mundi
1459 3299 1529 3371 hoc
1547 3299 1629 3370 loco
1648 3297 1816 3370 dicuntur
1833 3297 2039 3394 imperfecta

442 3417 660 3491 documenta
681 3419 785 3517 legis,
801 3447 881 3518 quae
895 3422 1027 3494 carnali
1045 3421 1182 3522 populo
1201 3438 1236 3494 et
1254 3420 1473 3493 amatoribus
1492 3419 1636 3511 mundi,
1657 3435 1729 3490 tam
1748 3417 1912 3489 doctrina
1931 3441 2038 3516 quam

442 3540 514 3611 vita
530 3538 704 3637 parvulis,
730 3543 849 3639 primo
869 3565 935 3641 per
948 3545 1107 3639 Moysem
1124 3542 1194 3614 lata
1210 3559 1276 3615 est.
1305 3547 1350 3614 Ut
1368 3543 1464 3615 enim
1482 3542 1529 3613 ad
1551 3540 1718 3613 Hebraeos
1737 3539 1835 3612 idem
1849 3541 2040 3638 Apostolus

443 3657 606 3728 scribit’:
633 3687 650 3727 u
671 3660 765 3731 Nihil
787 3661 833 3732 ad
859 3663 1057 3762 perfectum
1080 3661 1227 3735 adduxit
1245 3664 1321 3752 lex,
1337 3691 1354 3729 n
1382 3661 1446 3735 s'ed
1470 3661 1570 3759 quod
1593 3660 1686 3731 illius
1709 3659 1970 3759 imperfectioni
1995 3659 2041 3731 ad

443 3781 791 3851 consummationem
810 3783 951 3878 justitiae
971 3784 1101 3874 defuit,
1128 3783 1346 3855 abundantia
1370 3781 1546 3882 supplevit
1568 3779 1760 3878 Evangelii.
1783 3779 1887 3851 Unde
1911 3795 1947 3853 et
1969 3786 2040 3852 No·

443 3923 529 3971 vum
554 3903 820 3973 Testamentum
846 3903 1029 4004 discipulis
1054 3907 1232 3976 Dominus
1259 3903 1445 3976 tradens⁸z
1469 3904 1573 3975 «Nisi
1592 3899 1844 3990 abundaverit,
1861 3929 1878 3966 n
1903 3903 2038 3998 inquit,

445 4055 461 4092 s
476 4021 610 4118 justitia
621 4038 753 4115 vestra,
768 4039 835 4095 etc.
845 4055 861 4090 u
876 4029 970 4096 Bene
985 4027 1092 4097 etiam
1105 4024 1322 4096 documenta
1339 4023 1425 4120 legis
1440 4024 1522 4095 rudi
1537 4019 1674 4123 populo
1687 4022 1786 4112 data,
1802 4021 1927 4094 litteris
1940 4047 2042 4094 com·

441 4155 612 4239 parantur
627 4144 746 4241 potius
762 4169 871 4242 quam
883 4145 1099 4217 dictionibus
1116 4146 1172 4219 vel
1184 4143 1417 4216 orationibus.
1435 4146 1572 4216 Litterae
1583 4145 1718 4243 quippe
1730 4159 1852 4214 carent
1865 4143 2043 4240 significa-

442 4261 553 4333 tione.
566 4266 610 4333 Et
623 4263 822 4335 intellectus
840 4263 925 4361 legis
939 4278 1110 4362 tanquam
1127 4263 1248 4335 litterae
1269 4263 1464 4336 occidentis
1480 4265 1635 4360 mysticis
1653 4263 1888 4336 obumbratus
1906 4263 2041 4354 verbis,

441 4382 523 4454 rudi
534 4383 583 4455 illi
593 4384 730 4484 populo
741 4411 816 4457 non
826 4387 952 4484 patuit.
967 4386 1084 4459 Verba
1098 4387 1217 4484 itaque
1234 4386 1322 4484 legis
1335 4387 1435 4484 quasi
1452 4386 1584 4458 litteras
1598 4385 1709 4458 Judaei
1721 4384 1943 4473 babuerunt,
1956 4388 2046 4484 quia

443 4502 481 4572 in
500 4503 549 4574 eis
568 4504 740 4601 spiritales
765 4519 800 4576 et
818 4507 986 4602 mysticos
1004 4531 1129 4578 sensus
1144 4531 1219 4577 non
1237 4505 1500 4594 intellexerunt,
1521 4509 1557 4577 in
1574 4505 1704 4604 quibus
1717 4508 1894 4605 praecipue
1909 4505 2047 4579 utilitas

443 4623 604 4693 consistit
632 4622 880 4721 intelligentiae.
903 4629 991 4712 Quae
1010 4625 1157 4722 quidem
1176 4624 1340 4723 spiritalis
1358 4625 1588 4722 intelligentia
1608 4625 1694 4723 legis
1715 4627 1857 4725 spiritus
1883 4627 1963 4696 vitae
1990 4643 2049 4699 est

445 4739 484 4810 in
506 4742 608 4833 rotis,
635 4744 710 4814 sine
734 4769 805 4840 qua
826 4744 881 4816 lex
899 4747 976 4844 ipsa
994 4745 1116 4817 litterae
1139 4759 1368 4844 comparatur
1393 4745 1583 4818 occidenti.
1609 4731 1679 4834 Qui
1702 4749 1799 4818 enim
1822 4745 1901 4817 solo
1919 4745 2050 4818 litterae

446 4885 551 4932 sensu
568 4865 727 4934 contenti
746 4879 845 4966 sunt,
865 4867 949 4938 etin
963 4865 1035 4937 boc
1050 4865 1192 4961 justitiae
1211 4864 1320 4937 finem
1339 4864 1406 4936 sibi
1423 4851 1660 4956 constituunt,
1677 4868 1791 4964 ipsam
1806 4865 1872 4936 sibi
1886 4865 2050 4937 litteram

445 4981 483 5051 in
506 4998 660 5055 mortem
685 5001 909 5058 convertunt.
932 4990 977 5059 Ut
995 4988 1098 5059 enim
1115 4986 1241 5060 beatus
1259 4987 1422 5060 meminit
1439 4988 1701 5084 Hieronymus:
1726 5018 1743 5055 a
1765 4987 1903 5058 Timere
1922 5010 2054 5060 servo-

479 5245 486 5267 '
507 5243 598 5304 Galat..
613 5259 667 5310 cap.
677 5261 715 5314 rr,
731 5261 753 5296 v.
768 5248 792 5294 3.
810 5274 829 5282 -
848 5245 857 5270 ¹
869 5247 954 5306 Hebr„
967 5262 1024 5313 cap.
1034 5263 1066 5297 ru
1076 5285 1082 5310 ‚
1093 5263 1117 5298 v.
1136 5250 1174 5298 19.
1190 5275 1217 5284 -
1231 5247 1241 5274 ³
1253 5245 1348 5306 llattb,
1361 5261 1416 5312 cap.
1427 5261 1450 5306 r,
1464 5261 1486 5294 v.
1501 5247 1541 5294 20.
1906 5227 1935 5286 θ
