<?xml version="1.0" encoding="UTF-8"?>
<!DOCTYPE html PUBLIC "-//W3C//DTD XHTML 1.0 Transitional//EN"
    "http://www.w3.org/TR/xhtml1/DTD/xhtml1-transitional.dtd">
<html xmlns="http://www.w3.org/1999/xhtml" xml:lang="en" lang="en">
 <head>
  <title>
</title>
<meta http-equiv="Content-Type" content="text/html;charset=utf-8" />
  <meta name='ocr-system' content='tesseract 3.04.00' />
  <meta name='ocr-capabilities' content='ocr_page ocr_carea ocr_par ocr_line ocrx_word'/>
</head>
<body>
  <div class='ocr_page' id='page_1' title='image "./petriablardiope01despgoog_0069.png"; bbox 0 0 4590 6106; ppageno 0'>
   <div class='ocr_carea' id='block_1_1' title="bbox 1018 577 1512 680">
    <p class='ocr_par' dir='ltr' id='par_1_1' title="bbox 1018 577 1512 680">
     <span class='ocr_line' id='line_1_1' title="bbox 1018 577 1512 680; baseline -0.012 -14"><span class='ocrx_word' id='word_1_1' title='bbox 1018 589 1212 666; x_wconf 80' lang='lat' dir='ltr'><strong>ANDREAE</strong></span> <span class='ocrx_word' id='word_1_2' title='bbox 1234 577 1512 680; x_wconf 70' lang='lat' dir='ltr'><strong>Qucucts&#39;tsttt</strong></span> 
     </span>
    </p>
   </div>
   <div class='ocr_carea' id='block_1_2' title="bbox 1102 809 1444 882">
    <p class='ocr_par' dir='ltr' id='par_1_2' title="bbox 1102 809 1444 882">
     <span class='ocr_line' id='line_1_2' title="bbox 1102 809 1444 882; baseline 0.006 -18"><span class='ocrx_word' id='word_1_3' title='bbox 1102 809 1175 864; x_wconf 88' lang='lat' dir='ltr'><strong>Nota</strong></span> <span class='ocrx_word' id='word_1_4' title='bbox 1188 809 1288 876; x_wconf 85' lang='lat' dir='ltr'>XXX,</span> <span class='ocrx_word' id='word_1_5' title='bbox 1305 828 1367 882; x_wconf 85' lang='lat' dir='ltr'><strong>pag.</strong></span> <span class='ocrx_word' id='word_1_6' title='bbox 1382 814 1444 866; x_wconf 66' lang='lat' dir='ltr'><strong>lli.v</strong></span> 
     </span>
    </p>
   </div>
   <div class='ocr_carea' id='block_1_3' title="bbox 467 949 2053 1216">
    <p class='ocr_par' dir='ltr' id='par_1_3' title="bbox 467 949 2053 1216">
     <span class='ocr_line' id='line_1_3' title="bbox 505 949 2053 1032; baseline -0.003 -17"><span class='ocrx_word' id='word_1_7' title='bbox 505 959 568 1014; x_wconf 82' lang='lat' dir='ltr'><strong>Duo</strong></span> <span class='ocrx_word' id='word_1_8' title='bbox 579 960 737 1032; x_wconf 80' lang='lat' dir='ltr'><strong>illiantiqut</strong></span> <span class='ocrx_word' id='word_1_9' title='bbox 743 955 932 1026; x_wconf 77' lang='lat' dir='ltr'><em>insidiatores,</em></span> <span class='ocrx_word' id='word_1_10' title='bbox 944 952 1205 1012; x_wconf 81' lang='lat' dir='ltr'><strong>Albericusscilicet</strong></span> <span class='ocrx_word' id='word_1_11' title='bbox 1217 966 1244 1012; x_wconf 87' lang='lat' dir='ltr'><strong>et</strong></span> <span class='ocrx_word' id='word_1_12' title='bbox 1252 955 1339 1013; x_wconf 80' lang='lat' dir='ltr'><strong>Lotul</strong></span> <span class='ocrx_word' id='word_1_13' title='bbox 1354 955 1555 1032; x_wconf 77' lang='lat' dir='ltr'><strong>iac-Utrique</strong></span> <span class='ocrx_word' id='word_1_14' title='bbox 1567 954 1689 1010; x_wconf 81' lang='lat' dir='ltr'><strong>Anselmi</strong></span> <span class='ocrx_word' id='word_1_15' title='bbox 1702 952 1892 1010; x_wconf 78' lang='lat' dir='ltr'><strong>laudunensis</strong></span> <span class='ocrx_word' id='word_1_16' title='bbox 1901 949 2053 1024; x_wconf 78' lang='lat' dir='ltr'>auditores,</span> 
     </span>
     <span class='ocr_line' id='line_1_4' title="bbox 468 1045 2053 1126; baseline -0.003 -19"><span class='ocrx_word' id='word_1_17' title='bbox 468 1073 498 1107; x_wconf 89' lang='lat' dir='ltr'><strong>ac</strong></span> <span class='ocrx_word' id='word_1_18' title='bbox 508 1055 536 1107; x_wconf 90' lang='lat' dir='ltr'><strong>in</strong></span> <span class='ocrx_word' id='word_1_19' title='bbox 546 1047 646 1106; x_wconf 89' lang='lat' dir='ltr'><strong>scholis</strong></span> <span class='ocrx_word' id='word_1_20' title='bbox 658 1049 718 1122; x_wconf 88' lang='lat' dir='ltr'><strong>ejus</strong></span> <span class='ocrx_word' id='word_1_21' title='bbox 732 1051 941 1122; x_wconf 70' lang='lat' dir='ltr'><strong>psieeminentes</strong></span> <span class='ocrx_word' id='word_1_22' title='bbox 950 1049 1070 1118; x_wconf 76' lang='lat' dir='ltr'><strong>ceteris,</strong></span> <span class='ocrx_word' id='word_1_23' title='bbox 1085 1047 1235 1126; x_wconf 82' lang='lat' dir='ltr'><strong>dequibus</strong></span> <span class='ocrx_word' id='word_1_24' title='bbox 1247 1059 1274 1104; x_wconf 88' lang='lat' dir='ltr'><strong>et</strong></span> <span class='ocrx_word' id='word_1_25' title='bbox 1286 1046 1422 1116; x_wconf 86' lang='lat' dir='ltr'><strong>Heloissa,</strong></span> <span class='ocrx_word' id='word_1_26' title='bbox 1437 1049 1517 1123; x_wconf 81' lang='lat' dir='ltr'>epist.</span> <span class='ocrx_word' id='word_1_27' title='bbox 1531 1067 1561 1117; x_wconf 88' lang='grc' dir='ltr'><strong>ιι,</strong></span> <span class='ocrx_word' id='word_1_28' title='bbox 1572 1058 1599 1104; x_wconf 89' lang='lat' dir='ltr'><strong>et</strong></span> <span class='ocrx_word' id='word_1_29' title='bbox 1609 1045 1688 1104; x_wconf 89' lang='lat' dir='ltr'><strong>Otho</strong></span> <span class='ocrx_word' id='word_1_30' title='bbox 1698 1047 1883 1120; x_wconf 81' lang='lat' dir='ltr'><strong>Frisingensis</strong></span> <span class='ocrx_word' id='word_1_31' title='bbox 1895 1047 2053 1122; x_wconf 89' lang='lat' dir='ltr'><strong>episcopus,</strong></span> 
     </span>
     <span class='ocr_line' id='line_1_5' title="bbox 467 1139 2053 1216; baseline 0.001 -22"><span class='ocrx_word' id='word_1_32' title='bbox 467 1140 514 1198; x_wconf 92' lang='lat' dir='ltr'><strong>lib.</strong></span> <span class='ocrx_word' id='word_1_33' title='bbox 522 1141 578 1210; x_wconf 71' lang='lat' dir='ltr'><strong>lde</strong></span> <span class='ocrx_word' id='word_1_34' title='bbox 589 1143 683 1196; x_wconf 84' lang='lat' dir='ltr'><strong>Gestis</strong></span> <span class='ocrx_word' id='word_1_35' title='bbox 689 1139 834 1196; x_wconf 82' lang='lat' dir='ltr'><strong>Frederici</strong></span> <span class='ocrx_word' id='word_1_36' title='bbox 837 1140 862 1209; x_wconf 88' lang='lat'><strong>1,</strong></span> <span class='ocrx_word' id='word_1_37' title='bbox 873 1159 932 1214; x_wconf 88' lang='lat' dir='ltr'><strong>cap.</strong></span> <span class='ocrx_word' id='word_1_38' title='bbox 941 1159 1021 1208; x_wconf 82' lang='lat' dir='ltr'><strong>xcvii,</strong></span> <span class='ocrx_word' id='word_1_39' title='bbox 1032 1141 1082 1196; x_wconf 91' lang='lat' dir='ltr'><strong>ubi</strong></span> <span class='ocrx_word' id='word_1_40' title='bbox 1092 1163 1105 1190; x_wconf 79' lang='lat' dir='ltr'><strong>a</strong></span> <span class='ocrx_word' id='word_1_41' title='bbox 1113 1142 1240 1216; x_wconf 82' lang='lat' dir='ltr'><strong>egregios</strong></span> <span class='ocrx_word' id='word_1_42' title='bbox 1249 1141 1321 1196; x_wconf 87' lang='lat' dir='ltr'><strong>viros</strong></span> <span class='ocrx_word' id='word_1_43' title='bbox 1334 1150 1362 1195; x_wconf 93' lang='lat' dir='ltr'><strong>et</strong></span> <span class='ocrx_word' id='word_1_44' title='bbox 1371 1141 1528 1195; x_wconf 89' lang='lat' dir='ltr'><strong>nominatos</strong></span> <span class='ocrx_word' id='word_1_45' title='bbox 1537 1140 1684 1214; x_wconf 83' lang='lat' dir='ltr'><strong>magistros</strong></span> <span class='ocrx_word' id='word_1_46' title='bbox 1693 1163 1705 1190; x_wconf 81' lang='lat' dir='ltr'><strong>a</strong></span> <span class='ocrx_word' id='word_1_47' title='bbox 1713 1141 1953 1196; x_wconf 75' lang='lat' dir='ltr'><strong>voeattamenim</strong></span> <span class='ocrx_word' id='word_1_48' title='bbox 1966 1151 1993 1195; x_wconf 93' lang='lat' dir='ltr'><strong>et</strong></span> <span class='ocrx_word' id='word_1_49' title='bbox 2001 1140 2053 1214; x_wconf 90' lang='lat' dir='ltr'><strong>ipsi</strong></span> 
     </span>
    </p>
   </div>
   <div class='ocr_carea' id='block_1_4' title="bbox 466 1234 2054 1405">
    <p class='ocr_par' dir='ltr' id='par_1_4' title="bbox 466 1234 2054 1405">
     <span class='ocr_line' id='line_1_6' title="bbox 467 1234 2052 1312; baseline -0.001 -18"><span class='ocrx_word' id='word_1_50' title='bbox 467 1252 533 1296; x_wconf 88' lang='lat' dir='ltr'><strong>tunc</strong></span> <span class='ocrx_word' id='word_1_51' title='bbox 543 1239 660 1294; x_wconf 89' lang='lat' dir='ltr'><strong>Rbemis</strong></span> <span class='ocrx_word' id='word_1_52' title='bbox 671 1237 778 1298; x_wconf 87' lang='lat' dir='ltr'><strong>scholas</strong></span> <span class='ocrx_word' id='word_1_53' title='bbox 792 1238 935 1312; x_wconf 79' lang='lat' dir='ltr'><strong>regebant.</strong></span> <span class='ocrx_word' id='word_1_54' title='bbox 949 1236 1004 1294; x_wconf 87' lang='lat' dir='ltr'><strong>Sed</strong></span> <span class='ocrx_word' id='word_1_55' title='bbox 1015 1256 1100 1312; x_wconf 90' lang='lat' dir='ltr'><strong>quem</strong></span> <span class='ocrx_word' id='word_1_56' title='bbox 1110 1236 1270 1293; x_wconf 79' lang='lat' dir='ltr'><strong>Abalardus</strong></span> <span class='ocrx_word' id='word_1_57' title='bbox 1283 1248 1377 1293; x_wconf 90' lang='lat' dir='ltr'><strong>noster</strong></span> <span class='ocrx_word' id='word_1_58' title='bbox 1388 1235 1530 1293; x_wconf 82' lang='lat' dir='ltr'><strong>botulfum</strong></span> <span class='ocrx_word' id='word_1_59' title='bbox 1546 1234 1750 1305; x_wconf 86' lang='lat' dir='ltr'><strong>Lombardum,</strong></span> <span class='ocrx_word' id='word_1_60' title='bbox 1760 1235 1807 1292; x_wconf 91' lang='lat' dir='ltr'><strong>ille</strong></span> <span class='ocrx_word' id='word_1_61' title='bbox 1816 1235 1981 1293; x_wconf 78' lang='lat' dir='ltr'><strong>Leutaddnm</strong></span> <span class='ocrx_word' id='word_1_62' title='bbox 1995 1235 2052 1292; x_wconf 92' lang='lat' dir='ltr'><strong>No-</strong></span> 
     </span>
     <span class='ocr_line' id='line_1_7' title="bbox 466 1326 2054 1405; baseline -0.002 -19"><span class='ocrx_word' id='word_1_63' title='bbox 466 1337 617 1389; x_wconf 89' lang='lat' dir='ltr'><strong>varienscm</strong></span> <span class='ocrx_word' id='word_1_64' title='bbox 631 1329 711 1387; x_wconf 91' lang='lat' dir='ltr'><strong>dicit.</strong></span> <span class='ocrx_word' id='word_1_65' title='bbox 723 1331 869 1388; x_wconf 87' lang='lat' dir='ltr'><strong>Albericus</strong></span> <span class='ocrx_word' id='word_1_66' title='bbox 884 1349 958 1399; x_wconf 88' lang='lat' dir='ltr'><strong>vero,</strong></span> <span class='ocrx_word' id='word_1_67' title='bbox 970 1330 1137 1386; x_wconf 88' lang='lat' dir='ltr'><strong>Rhemensis</strong></span> <span class='ocrx_word' id='word_1_68' title='bbox 1151 1331 1400 1405; x_wconf 84' lang='lat' dir='ltr'><strong>cognominatus,a</strong></span> <span class='ocrx_word' id='word_1_69' title='bbox 1414 1340 1508 1385; x_wconf 87' lang='lat' dir='ltr'><strong>sancto</strong></span> <span class='ocrx_word' id='word_1_70' title='bbox 1520 1331 1605 1386; x_wconf 88' lang='lat' dir='ltr'><strong>etiam</strong></span> <span class='ocrx_word' id='word_1_71' title='bbox 1618 1326 1760 1384; x_wconf 89' lang='lat' dir='ltr'><strong>Bernardo</strong></span> <span class='ocrx_word' id='word_1_72' title='bbox 1774 1327 1904 1386; x_wconf 86' lang='lat' dir='ltr'><strong>laudatur</strong></span> <span class='ocrx_word' id='word_1_73' title='bbox 1912 1329 1993 1403; x_wconf 89' lang='lat' dir='ltr'><strong>epist.</strong></span> <span class='ocrx_word' id='word_1_74' title='bbox 2007 1348 2054 1383; x_wconf 82' lang='lat' dir='ltr'><strong>xrn</strong></span> 
     </span>
    </p>
   </div>
   <div class='ocr_carea' id='block_1_5' title="bbox 365 1420 2056 1502">
    <p class='ocr_par' dir='ltr' id='par_1_5' title="bbox 365 1420 2056 1502">
     <span class='ocr_line' id='line_1_8' title="bbox 365 1420 2056 1502; baseline -0.003 -21"><span class='ocrx_word' id='word_1_75' title='bbox 365 1489 370 1499; x_wconf 32' lang='grc' dir='ltr'><strong><em>ι</em></strong></span> <span class='ocrx_word' id='word_1_76' title='bbox 466 1428 499 1481; x_wconf 89' lang='lat' dir='ltr'><strong>ad</strong></span> <span class='ocrx_word' id='word_1_77' title='bbox 513 1429 671 1484; x_wconf 88' lang='lat' dir='ltr'><strong>Honorium</strong></span> <span class='ocrx_word' id='word_1_78' title='bbox 690 1444 808 1500; x_wconf 90' lang='lat' dir='ltr'><strong>papam,</strong></span> <span class='ocrx_word' id='word_1_79' title='bbox 826 1425 856 1480; x_wconf 91' lang='lat' dir='ltr'><strong>in</strong></span> <span class='ocrx_word' id='word_1_80' title='bbox 869 1444 924 1502; x_wconf 91' lang='lat' dir='ltr'><strong>qua</strong></span> <span class='ocrx_word' id='word_1_81' title='bbox 937 1435 965 1479; x_wconf 88' lang='lat' dir='ltr'><strong>ct</strong></span> <span class='ocrx_word' id='word_1_82' title='bbox 980 1425 1126 1500; x_wconf 89' lang='lat' dir='ltr'><strong>episcopus</strong></span> <span class='ocrx_word' id='word_1_83' title='bbox 1142 1423 1341 1480; x_wconf 81' lang='lat' dir='ltr'><strong>catalaunensis</strong></span> <span class='ocrx_word' id='word_1_84' title='bbox 1362 1421 1466 1480; x_wconf 90' lang='lat' dir='ltr'><strong>electus</strong></span> <span class='ocrx_word' id='word_1_85' title='bbox 1484 1434 1547 1496; x_wconf 90' lang='lat' dir='ltr'><strong>post</strong></span> <span class='ocrx_word' id='word_1_86' title='bbox 1562 1422 1671 1478; x_wconf 86' lang='lat' dir='ltr'><strong>obitum</strong></span> <span class='ocrx_word' id='word_1_87' title='bbox 1690 1420 1834 1480; x_wconf 89' lang='lat' dir='ltr'><strong>Guillelmi</strong></span> <span class='ocrx_word' id='word_1_88' title='bbox 1852 1421 1886 1478; x_wconf 88' lang='lat' dir='ltr'><strong>de</strong></span> <span class='ocrx_word' id='word_1_89' title='bbox 1906 1421 2056 1494; x_wconf 86' lang='lat' dir='ltr'><strong>Campellis</strong></span> 
     </span>
    </p>
   </div>
   <div class='ocr_carea' id='block_1_6' title="bbox 464 1511 2055 2712">
    <p class='ocr_par' dir='ltr' id='par_1_6' title="bbox 464 1511 2055 2712">
     <span class='ocr_line' id='line_1_9' title="bbox 466 1511 2053 1589; baseline -0.003 -15"><span class='ocrx_word' id='word_1_90' title='bbox 466 1523 607 1576; x_wconf 87' lang='lat' dir='ltr'><strong>asseritur.</strong></span> <span class='ocrx_word' id='word_1_91' title='bbox 619 1519 712 1574; x_wconf 82' lang='lat' dir='ltr'><strong>Sancti</strong></span> <span class='ocrx_word' id='word_1_92' title='bbox 731 1519 807 1576; x_wconf 89' lang='lat' dir='ltr'><strong>enim</strong></span> <span class='ocrx_word' id='word_1_93' title='bbox 825 1515 959 1573; x_wconf 75' lang='lat' dir='ltr'><strong>Ber-nardi</strong></span> <span class='ocrx_word' id='word_1_94' title='bbox 977 1517 1215 1572; x_wconf 86' lang='lat' dir='ltr'><strong>confirmationem</strong></span> <span class='ocrx_word' id='word_1_95' title='bbox 1229 1516 1289 1588; x_wconf 86' lang='lat' dir='ltr'><strong>ejus</strong></span> <span class='ocrx_word' id='word_1_96' title='bbox 1307 1515 1342 1571; x_wconf 89' lang='lat' dir='ltr'><strong>ab</strong></span> <span class='ocrx_word' id='word_1_97' title='bbox 1359 1513 1485 1572; x_wconf 81' lang='lat' dir='ltr'><strong>Honorio</strong></span> <span class='ocrx_word' id='word_1_98' title='bbox 1499 1515 1665 1589; x_wconf 88' lang='lat' dir='ltr'><strong>postulantis</strong></span> <span class='ocrx_word' id='word_1_99' title='bbox 1685 1513 1767 1569; x_wconf 82' lang='lat' dir='ltr'><strong>verba</strong></span> <span class='ocrx_word' id='word_1_100' title='bbox 1787 1511 1946 1570; x_wconf 82' lang='lat' dir='ltr'><strong>eishabent</strong></span> <span class='ocrx_word' id='word_1_101' title='bbox 1963 1539 1968 1568; x_wconf 97' lang='lat'><strong>:</strong></span> <span class='ocrx_word' id='word_1_102' title='bbox 1987 1537 2001 1566; x_wconf 76' lang='lat' dir='ltr'><strong>u</strong></span> <span class='ocrx_word' id='word_1_103' title='bbox 2012 1513 2053 1570; x_wconf 88' lang='lat' dir='ltr'><strong>De</strong></span> 
     </span>
     <span class='ocr_line' id='line_1_10' title="bbox 464 1606 2051 1684; baseline -0.002 -17"><span class='ocrx_word' id='word_1_104' title='bbox 464 1614 577 1670; x_wconf 88' lang='lat' dir='ltr'><strong>ecclesia</strong></span> <span class='ocrx_word' id='word_1_105' title='bbox 591 1612 670 1680; x_wconf 90' lang='lat' dir='ltr'><strong>dico,</strong></span> <span class='ocrx_word' id='word_1_106' title='bbox 681 1612 810 1680; x_wconf 90' lang='lat' dir='ltr'><strong>domine,</strong></span> <span class='ocrx_word' id='word_1_107' title='bbox 827 1609 1027 1677; x_wconf 89' lang='lat' dir='ltr'><strong>catalaunensi,</strong></span> <span class='ocrx_word' id='word_1_108' title='bbox 1038 1609 1118 1682; x_wconf 89' lang='lat' dir='ltr'><strong>cujus</strong></span> <span class='ocrx_word' id='word_1_109' title='bbox 1130 1619 1269 1684; x_wconf 79' lang='lat' dir='ltr'><strong>quamum</strong></span> <span class='ocrx_word' id='word_1_110' title='bbox 1283 1609 1313 1663; x_wconf 94' lang='lat' dir='ltr'><strong>iu</strong></span> <span class='ocrx_word' id='word_1_111' title='bbox 1324 1627 1368 1664; x_wconf 89' lang='lat' dir='ltr'><strong>me</strong></span> <span class='ocrx_word' id='word_1_112' title='bbox 1380 1618 1438 1678; x_wconf 90' lang='lat' dir='ltr'><strong>est,</strong></span> <span class='ocrx_word' id='word_1_113' title='bbox 1452 1627 1506 1663; x_wconf 90' lang='lat' dir='ltr'><strong>nec</strong></span> <span class='ocrx_word' id='word_1_114' title='bbox 1518 1607 1620 1676; x_wconf 84' lang='lat' dir='ltr'><strong>debeo,</strong></span> <span class='ocrx_word' id='word_1_115' title='bbox 1632 1626 1684 1662; x_wconf 87' lang='lat' dir='ltr'><strong>nec</strong></span> <span class='ocrx_word' id='word_1_116' title='bbox 1696 1607 1774 1663; x_wconf 87' lang='lat' dir='ltr'><strong>valeo</strong></span> <span class='ocrx_word' id='word_1_117' title='bbox 1791 1606 1966 1663; x_wconf 91' lang='lat' dir='ltr'><strong>dissimulare</strong></span> <span class='ocrx_word' id='word_1_118' title='bbox 1977 1610 2051 1682; x_wconf 84' lang='lat' dir='ltr'><strong>peri-</strong></span> 
     </span>
     <span class='ocr_line' id='line_1_11' title="bbox 465 1701 2052 1778; baseline -0.001 -18"><span class='ocrx_word' id='word_1_119' title='bbox 465 1707 569 1761; x_wconf 88' lang='lat' dir='ltr'><strong>cnlum.</strong></span> <span class='ocrx_word' id='word_1_120' title='bbox 587 1704 724 1764; x_wconf 79' lang='lat' dir='ltr'><strong>Videmus</strong></span> <span class='ocrx_word' id='word_1_121' title='bbox 741 1705 890 1770; x_wconf 87' lang='lat' dir='ltr'><strong>nimirum,</strong></span> <span class='ocrx_word' id='word_1_122' title='bbox 906 1703 1090 1778; x_wconf 83' lang='lat' dir='ltr'><strong>jamjamque</strong></span> <span class='ocrx_word' id='word_1_123' title='bbox 1104 1703 1251 1758; x_wconf 89' lang='lat' dir='ltr'><strong>imminere</strong></span> <span class='ocrx_word' id='word_1_124' title='bbox 1273 1704 1408 1758; x_wconf 81' lang='lat' dir='ltr'><strong>sentimus</strong></span> <span class='ocrx_word' id='word_1_125' title='bbox 1427 1719 1493 1771; x_wconf 90' lang='lat' dir='ltr'><strong>nos,</strong></span> <span class='ocrx_word' id='word_1_126' title='bbox 1515 1702 1565 1776; x_wconf 93' lang='lat' dir='ltr'><strong>qui</strong></span> <span class='ocrx_word' id='word_1_127' title='bbox 1585 1703 1668 1757; x_wconf 87' lang='lat' dir='ltr'><strong>vicini</strong></span> <span class='ocrx_word' id='word_1_128' title='bbox 1687 1721 1798 1770; x_wconf 89' lang='lat' dir='ltr'><strong>sumus,</strong></span> <span class='ocrx_word' id='word_1_129' title='bbox 1815 1721 1909 1778; x_wconf 84' lang='lat' dir='ltr'><strong>pacem</strong></span> <span class='ocrx_word' id='word_1_130' title='bbox 1924 1701 2052 1759; x_wconf 85' lang='lat' dir='ltr'><strong>videlicet</strong></span> 
     </span>
     <span class='ocr_line' id='line_1_12' title="bbox 465 1795 2049 1872; baseline 0.001 -18"><span class='ocrx_word' id='word_1_131' title='bbox 465 1810 622 1856; x_wconf 77' lang='lat' dir='ltr'><strong>memoratu</strong></span> <span class='ocrx_word' id='word_1_132' title='bbox 635 1799 754 1854; x_wconf 81' lang='lat' dir='ltr'><strong>ecclesiae</strong></span> <span class='ocrx_word' id='word_1_133' title='bbox 768 1799 890 1872; x_wconf 81' lang='lat' dir='ltr'><strong>graviter</strong></span> <span class='ocrx_word' id='word_1_134' title='bbox 903 1817 967 1854; x_wconf 81' lang='lat' dir='ltr'><strong>mox</strong></span> <span class='ocrx_word' id='word_1_135' title='bbox 979 1816 1036 1854; x_wconf 88' lang='lat' dir='ltr'><strong>esse</strong></span> <span class='ocrx_word' id='word_1_136' title='bbox 1049 1797 1233 1868; x_wconf 86' lang='lat' dir='ltr'><strong>turbandam,</strong></span> <span class='ocrx_word' id='word_1_137' title='bbox 1247 1798 1269 1854; x_wconf 92' lang='lat' dir='ltr'><strong>si</strong></span> <span class='ocrx_word' id='word_1_138' title='bbox 1283 1795 1412 1854; x_wconf 84' lang='lat' dir='ltr'><strong>electioni</strong></span> <span class='ocrx_word' id='word_1_139' title='bbox 1428 1795 1543 1852; x_wconf 89' lang='lat' dir='ltr'><strong>illustris</strong></span> <span class='ocrx_word' id='word_1_140' title='bbox 1555 1795 1629 1854; x_wconf 90' lang='lat' dir='ltr'><strong>illius</strong></span> <span class='ocrx_word' id='word_1_141' title='bbox 1643 1797 1712 1866; x_wconf 80' lang='lat' dir='ltr'><strong>riri,</strong></span> <span class='ocrx_word' id='word_1_142' title='bbox 1728 1797 1756 1852; x_wconf 93' lang='lat' dir='ltr'><strong>id</strong></span> <span class='ocrx_word' id='word_1_143' title='bbox 1769 1807 1810 1852; x_wconf 91' lang='lat' dir='ltr'><strong>est</strong></span> <span class='ocrx_word' id='word_1_144' title='bbox 1823 1799 1948 1872; x_wconf 80' lang='lat' dir='ltr'><strong>magistri</strong></span> <span class='ocrx_word' id='word_1_145' title='bbox 1960 1798 2049 1855; x_wconf 86' lang='lat' dir='ltr'><strong>Albe·</strong></span> 
     </span>
     <span class='ocr_line' id='line_1_13' title="bbox 465 1889 2049 1966; baseline 0.002 -20"><span class='ocrx_word' id='word_1_146' title='bbox 465 1893 515 1946; x_wconf 91' lang='lat' dir='ltr'><strong>rici</strong></span> <span class='ocrx_word' id='word_1_147' title='bbox 528 1935 534 1959; x_wconf 94' lang='lat'><strong>,</strong></span> <span class='ocrx_word' id='word_1_148' title='bbox 556 1893 585 1946; x_wconf 88' lang='lat' dir='ltr'><strong>iu</strong></span> <span class='ocrx_word' id='word_1_149' title='bbox 602 1909 687 1966; x_wconf 85' lang='lat' dir='ltr'><strong>quam</strong></span> <span class='ocrx_word' id='word_1_150' title='bbox 702 1891 801 1966; x_wconf 89' lang='lat' dir='ltr'><strong>utique</strong></span> <span class='ocrx_word' id='word_1_151' title='bbox 820 1901 894 1947; x_wconf 89' lang='lat' dir='ltr'><strong>totns</strong></span> <span class='ocrx_word' id='word_1_152' title='bbox 909 1901 963 1946; x_wconf 88' lang='lat' dir='ltr'><strong>tam</strong></span> <span class='ocrx_word' id='word_1_153' title='bbox 982 1889 1073 1946; x_wconf 88' lang='lat' dir='ltr'><strong>clerus</strong></span> <span class='ocrx_word' id='word_1_154' title='bbox 1087 1908 1171 1965; x_wconf 88' lang='lat' dir='ltr'><strong>quam</strong></span> <span class='ocrx_word' id='word_1_155' title='bbox 1184 1889 1305 1964; x_wconf 90' lang='lat' dir='ltr'><strong>populus</strong></span> <span class='ocrx_word' id='word_1_156' title='bbox 1319 1889 1379 1962; x_wconf 84' lang='lat' dir='ltr'><strong>pari</strong></span> <span class='ocrx_word' id='word_1_157' title='bbox 1393 1899 1458 1944; x_wconf 81' lang='lat' dir='ltr'><strong>voto</strong></span> <span class='ocrx_word' id='word_1_158' title='bbox 1473 1901 1502 1946; x_wconf 89' lang='lat' dir='ltr'><strong>et</strong></span> <span class='ocrx_word' id='word_1_159' title='bbox 1516 1907 1581 1945; x_wconf 88' lang='lat' dir='ltr'><strong>voce</strong></span> <span class='ocrx_word' id='word_1_160' title='bbox 1600 1901 1803 1960; x_wconf 84' lang='lat' dir='ltr'><strong>convenerant,</strong></span> <span class='ocrx_word' id='word_1_161' title='bbox 1822 1903 1850 1946; x_wconf 89' lang='lat' dir='ltr'><strong>et</strong></span> <span class='ocrx_word' id='word_1_162' title='bbox 1862 1894 2049 1960; x_wconf 78' lang='lat' dir='ltr'><strong>conveniunt,</strong></span> 
     </span>
     <span class='ocr_line' id='line_1_14' title="bbox 464 1981 2055 2059; baseline 0.002 -20"><span class='ocrx_word' id='word_1_163' title='bbox 464 1997 559 2040; x_wconf 77' lang='lat' dir='ltr'><strong>vestra</strong></span> <span class='ocrx_word' id='word_1_164' title='bbox 571 1985 683 2059; x_wconf 88' lang='lat' dir='ltr'><strong>pietatis</strong></span> <span class='ocrx_word' id='word_1_165' title='bbox 696 2002 837 2041; x_wconf 85' lang='lat' dir='ltr'><strong>assensum</strong></span> <span class='ocrx_word' id='word_1_166' title='bbox 854 1985 1005 2058; x_wconf 86' lang='lat' dir='ltr'><strong>impetrare</strong></span> <span class='ocrx_word' id='word_1_167' title='bbox 1018 1984 1205 2058; x_wconf 83' lang='lat' dir='ltr'><strong>nequiverint.</strong></span> <span class='ocrx_word' id='word_1_168' title='bbox 1221 2005 1235 2034; x_wconf 79' lang='lat' dir='ltr'><strong>a</strong></span> <span class='ocrx_word' id='word_1_169' title='bbox 1249 1983 1357 2040; x_wconf 86' lang='lat' dir='ltr'><strong>Verum</strong></span> <span class='ocrx_word' id='word_1_170' title='bbox 1370 1983 1424 2039; x_wconf 82' lang='lat' dir='ltr'><strong>etsi</strong></span> <span class='ocrx_word' id='word_1_171' title='bbox 1438 1981 1553 2058; x_wconf 77' lang='lat' dir='ltr'><strong>supplex</strong></span> <span class='ocrx_word' id='word_1_172' title='bbox 1566 1984 1672 2052; x_wconf 89' lang='lat' dir='ltr'><strong>oravit,</strong></span> <span class='ocrx_word' id='word_1_173' title='bbox 1690 2001 1745 2039; x_wconf 90' lang='lat' dir='ltr'><strong>non</strong></span> <span class='ocrx_word' id='word_1_174' title='bbox 1757 1986 1882 2041; x_wconf 79' lang='lat' dir='ltr'><strong>exoravit</strong></span> <span class='ocrx_word' id='word_1_175' title='bbox 1898 1995 2007 2058; x_wconf 88' lang='lat' dir='ltr'><strong>tamen,</strong></span> <span class='ocrx_word' id='word_1_176' title='bbox 2019 1999 2055 2042; x_wconf 72' lang='lat' dir='ltr'><strong>ut&#39;</strong></span> 
     </span>
     <span class='ocr_line' id='line_1_15' title="bbox 465 2074 2048 2152; baseline 0.001 -19"><span class='ocrx_word' id='word_1_177' title='bbox 465 2079 554 2150; x_wconf 86' lang='lat' dir='ltr'><strong>palam</strong></span> <span class='ocrx_word' id='word_1_178' title='bbox 565 2088 608 2132; x_wconf 91' lang='lat' dir='ltr'><strong>est</strong></span> <span class='ocrx_word' id='word_1_179' title='bbox 618 2088 679 2132; x_wconf 90' lang='lat' dir='ltr'><strong>tum</strong></span> <span class='ocrx_word' id='word_1_180' title='bbox 694 2095 725 2132; x_wconf 84' lang='lat' dir='ltr'><strong>ex</strong></span> <span class='ocrx_word' id='word_1_181' title='bbox 737 2076 838 2132; x_wconf 87' lang='lat' dir='ltr'><strong>tabulis</strong></span> <span class='ocrx_word' id='word_1_182' title='bbox 850 2077 1044 2152; x_wconf 87' lang='lat' dir='ltr'><strong>episcoporum</strong></span> <span class='ocrx_word' id='word_1_183' title='bbox 1059 2074 1295 2132; x_wconf 81' lang='lat' dir='ltr'><strong>catalaunensium</strong></span> <span class='ocrx_word' id='word_1_184' title='bbox 1308 2083 1336 2131; x_wconf 85' lang='lat' dir='ltr'><strong>et</strong></span> <span class='ocrx_word' id='word_1_185' title='bbox 1349 2075 1510 2144; x_wconf 75' lang='lat' dir='ltr'><strong>Abaslmdo,</strong></span> <span class='ocrx_word' id='word_1_186' title='bbox 1526 2089 1587 2131; x_wconf 92' lang='lat' dir='ltr'><strong>tum</strong></span> <span class='ocrx_word' id='word_1_187' title='bbox 1601 2094 1634 2132; x_wconf 82' lang='lat' dir='ltr'><strong>ex</strong></span> <span class='ocrx_word' id='word_1_188' title='bbox 1646 2077 1727 2150; x_wconf 85' lang='lat' dir='ltr'><strong>epist.</strong></span> <span class='ocrx_word' id='word_1_189' title='bbox 1743 2095 1808 2132; x_wconf 83' lang='lat' dir='ltr'><strong>tvm</strong></span> <span class='ocrx_word' id='word_1_190' title='bbox 1823 2077 1948 2150; x_wconf 87' lang='lat' dir='ltr'><strong>ejusdem</strong></span> <span class='ocrx_word' id='word_1_191' title='bbox 1963 2082 2048 2135; x_wconf 71' lang='lat' dir='ltr'><strong>uncti</strong></span> 
     </span>
     <span class='ocr_line' id='line_1_16' title="bbox 468 2168 2050 2247; baseline 0.002 -23"><span class='ocrx_word' id='word_1_192' title='bbox 468 2169 617 2239; x_wconf 74' lang='lat' dir='ltr'><strong>bernardi,</strong></span> <span class='ocrx_word' id='word_1_193' title='bbox 639 2189 694 2244; x_wconf 88' lang='lat' dir='ltr'><strong>qua</strong></span> <span class='ocrx_word' id='word_1_194' title='bbox 711 2169 856 2226; x_wconf 78' lang='lat' dir='ltr'><strong>manifeste</strong></span> <span class='ocrx_word' id='word_1_195' title='bbox 869 2170 951 2225; x_wconf 90' lang='lat' dir='ltr'><strong>docet</strong></span> <span class='ocrx_word' id='word_1_196' title='bbox 967 2169 1084 2225; x_wconf 87' lang='lat' dir='ltr'><strong>Ebalum</strong></span> <span class='ocrx_word' id='word_1_197' title='bbox 1102 2168 1257 2226; x_wconf 90' lang='lat' dir='ltr'><strong>Guillelmo</strong></span> <span class='ocrx_word' id='word_1_198' title='bbox 1277 2171 1448 2225; x_wconf 88' lang='lat' dir='ltr'><strong>successisse.</strong></span> <span class='ocrx_word' id='word_1_199' title='bbox 1466 2169 1600 2243; x_wconf 79' lang='lat' dir='ltr'><strong>Magister</strong></span> <span class='ocrx_word' id='word_1_200' title='bbox 1614 2182 1707 2227; x_wconf 73' lang='lat' dir='ltr'><strong>alutem</strong></span> <span class='ocrx_word' id='word_1_201' title='bbox 1722 2169 1869 2228; x_wconf 83' lang='lat' dir='ltr'><strong>Albericus</strong></span> <span class='ocrx_word' id='word_1_202' title='bbox 1884 2172 1967 2246; x_wconf 89' lang='lat' dir='ltr'><strong>paulo</strong></span> <span class='ocrx_word' id='word_1_203' title='bbox 1987 2184 2050 2247; x_wconf 89' lang='lat' dir='ltr'><strong>post</strong></span> 
     </span>
     <span class='ocr_line' id='line_1_17' title="bbox 466 2261 2047 2334; baseline 0.003 -16"><span class='ocrx_word' id='word_1_204' title='bbox 466 2262 611 2318; x_wconf 88' lang='lat' dir='ltr'><strong>Leodiensi</strong></span> <span class='ocrx_word' id='word_1_205' title='bbox 632 2265 780 2318; x_wconf 86' lang='lat' dir='ltr'><strong>canonicus</strong></span> <span class='ocrx_word' id='word_1_206' title='bbox 800 2261 914 2319; x_wconf 87' lang='lat' dir='ltr'><strong>effectus</strong></span> <span class='ocrx_word' id='word_1_207' title='bbox 930 2275 990 2332; x_wconf 93' lang='lat' dir='ltr'><strong>est,</strong></span> <span class='ocrx_word' id='word_1_208' title='bbox 1004 2275 1037 2318; x_wconf 89' lang='lat' dir='ltr'><strong>ut</strong></span> <span class='ocrx_word' id='word_1_209' title='bbox 1049 2273 1157 2318; x_wconf 88' lang='lat' dir='ltr'><strong>constat</strong></span> <span class='ocrx_word' id='word_1_210' title='bbox 1169 2281 1202 2319; x_wconf 83' lang='lat' dir='ltr'><strong>ex</strong></span> <span class='ocrx_word' id='word_1_211' title='bbox 1221 2262 1380 2322; x_wconf 80' lang='lat' dir='ltr'><strong>calendario</strong></span> <span class='ocrx_word' id='word_1_212' title='bbox 1399 2263 1493 2322; x_wconf 84' lang='lat' dir='ltr'><strong>Sancti</strong></span> <span class='ocrx_word' id='word_1_213' title='bbox 1514 2265 1637 2320; x_wconf 90' lang='lat' dir='ltr'><strong>Victoris</strong></span> <span class='ocrx_word' id='word_1_214' title='bbox 1654 2265 1833 2334; x_wconf 76' lang='lat' dir='ltr'><strong>parisiensis,</strong></span> <span class='ocrx_word' id='word_1_215' title='bbox 1848 2285 1880 2321; x_wconf 90' lang='lat' dir='ltr'><strong>ac</strong></span> <span class='ocrx_word' id='word_1_216' title='bbox 1892 2265 2005 2322; x_wconf 89' lang='lat' dir='ltr'><strong>tandem</strong></span> <span class='ocrx_word' id='word_1_217' title='bbox 2017 2269 2047 2323; x_wconf 89' lang='lat' dir='ltr'><strong>in</strong></span> 
     </span>
     <span class='ocr_line' id='line_1_18' title="bbox 468 2354 2048 2430; baseline 0.004 -20"><span class='ocrx_word' id='word_1_218' title='bbox 468 2357 628 2430; x_wconf 84' lang='lat' dir='ltr'><strong>magisterio</strong></span> <span class='ocrx_word' id='word_1_219' title='bbox 649 2354 807 2411; x_wconf 89' lang='lat' dir='ltr'><strong>scholarum</strong></span> <span class='ocrx_word' id='word_1_220' title='bbox 816 2356 875 2428; x_wconf 84' lang='lat' dir='ltr'><strong>jam</strong></span> <span class='ocrx_word' id='word_1_221' title='bbox 891 2374 1053 2428; x_wconf 88' lang='lat' dir='ltr'><strong>senescens,</strong></span> <span class='ocrx_word' id='word_1_222' title='bbox 1072 2357 1341 2430; x_wconf 74' lang='lat' dir='ltr'><strong>archiepiscopatum</strong></span> <span class='ocrx_word' id='word_1_223' title='bbox 1360 2357 1558 2414; x_wconf 86' lang='lat' dir='ltr'><strong>bituricensem</strong></span> <span class='ocrx_word' id='word_1_224' title='bbox 1572 2357 1703 2414; x_wconf 90' lang='lat' dir='ltr'><strong>obtinuit.</strong></span> <span class='ocrx_word' id='word_1_225' title='bbox 1729 2357 1799 2414; x_wconf 87' lang='lat' dir='ltr'><strong>Nam</strong></span> <span class='ocrx_word' id='word_1_226' title='bbox 1822 2358 1852 2414; x_wconf 92' lang='lat' dir='ltr'><strong>id</strong></span> <span class='ocrx_word' id='word_1_227' title='bbox 1872 2371 1951 2416; x_wconf 86' lang='lat' dir='ltr'><strong>notat</strong></span> <span class='ocrx_word' id='word_1_228' title='bbox 1963 2361 2048 2417; x_wconf 86' lang='lat' dir='ltr'><strong>ebro-</strong></span> 
     </span>
     <span class='ocr_line' id='line_1_19' title="bbox 468 2447 2047 2526; baseline 0.003 -21"><span class='ocrx_word' id='word_1_229' title='bbox 468 2449 585 2524; x_wconf 87' lang='lat' dir='ltr'><strong>nologus</strong></span> <span class='ocrx_word' id='word_1_230' title='bbox 596 2449 688 2506; x_wconf 87' lang='lat' dir='ltr'><strong>Sancti</strong></span> <span class='ocrx_word' id='word_1_231' title='bbox 701 2450 777 2505; x_wconf 86' lang='lat' dir='ltr'><strong>Petri</strong></span> <span class='ocrx_word' id='word_1_232' title='bbox 795 2449 860 2506; x_wconf 78' lang='lat' dir='ltr'><strong>Viri</strong></span> <span class='ocrx_word' id='word_1_233' title='bbox 871 2449 1038 2506; x_wconf 89' lang='lat' dir='ltr'><strong>Senonensis</strong></span> <span class='ocrx_word' id='word_1_234' title='bbox 1048 2447 1084 2504; x_wconf 89' lang='lat' dir='ltr'><strong>ad</strong></span> <span class='ocrx_word' id='word_1_235' title='bbox 1096 2467 1200 2506; x_wconf 84' lang='lat' dir='ltr'><strong>annum</strong></span> <span class='ocrx_word' id='word_1_236' title='bbox 1212 2453 1282 2508; x_wconf 77' lang='grc'><strong>4459</strong></span> <span class='ocrx_word' id='word_1_237' title='bbox 1297 2475 1303 2505; x_wconf 92' lang='lat'><strong>:</strong></span> <span class='ocrx_word' id='word_1_238' title='bbox 1320 2475 1333 2501; x_wconf 82' lang='lat' dir='ltr'><strong>c</strong></span> <span class='ocrx_word' id='word_1_239' title='bbox 1343 2451 1406 2508; x_wconf 80' lang='lat' dir='ltr'><strong>Hoc</strong></span> <span class='ocrx_word' id='word_1_240' title='bbox 1421 2468 1494 2507; x_wconf 85' lang='lat' dir='ltr'><strong>auno</strong></span> <span class='ocrx_word' id='word_1_241' title='bbox 1505 2494 1512 2519; x_wconf 97' lang='lat'><strong>,</strong></span> <span class='ocrx_word' id='word_1_242' title='bbox 1525 2475 1538 2502; x_wconf 81' lang='lat' dir='ltr'><strong>n</strong></span> <span class='ocrx_word' id='word_1_243' title='bbox 1552 2453 1661 2526; x_wconf 89' lang='lat' dir='ltr'><strong>inquit,</strong></span> <span class='ocrx_word' id='word_1_244' title='bbox 1683 2451 1843 2526; x_wconf 72' lang='lat' dir='ltr'><strong>«Ulgrinus</strong></span> <span class='ocrx_word' id='word_1_245' title='bbox 1852 2499 1860 2526; x_wconf 85' lang='lat'><strong>,</strong></span> <span class='ocrx_word' id='word_1_246' title='bbox 1869 2452 2047 2511; x_wconf 89' lang='lat' dir='ltr'><strong>bituricensis</strong></span> 
     </span>
     <span class='ocr_line' id='line_1_20' title="bbox 466 2542 2048 2618; baseline 0.003 -21"><span class='ocrx_word' id='word_1_247' title='bbox 466 2545 701 2617; x_wconf 84' lang='lat' dir='ltr'><strong>archiepiscopus,</strong></span> <span class='ocrx_word' id='word_1_248' title='bbox 711 2543 790 2598; x_wconf 89' lang='lat' dir='ltr'><strong>obiit.</strong></span> <span class='ocrx_word' id='word_1_249' title='bbox 806 2542 1090 2599; x_wconf 86' lang='lat' dir='ltr'><strong>SucceditAlbericus</strong></span> <span class='ocrx_word' id='word_1_250' title='bbox 1100 2543 1294 2602; x_wconf 76' lang='lat' dir='ltr'><strong>Rhemensis.»</strong></span> <span class='ocrx_word' id='word_1_251' title='bbox 1305 2543 1339 2600; x_wconf 88' lang='lat' dir='ltr'><strong>Et</strong></span> <span class='ocrx_word' id='word_1_252' title='bbox 1348 2545 1472 2618; x_wconf 84' lang='lat' dir='ltr'><strong>apertius</strong></span> <span class='ocrx_word' id='word_1_253' title='bbox 1482 2544 1590 2601; x_wconf 86' lang='lat' dir='ltr'><strong>adhuc:</strong></span> <span class='ocrx_word' id='word_1_254' title='bbox 1604 2548 1706 2602; x_wconf 79' lang='lat' dir='ltr'><strong>«Anno</strong></span> <span class='ocrx_word' id='word_1_255' title='bbox 1716 2550 1781 2605; x_wconf 86' lang='grc'><strong>4444</strong></span> <span class='ocrx_word' id='word_1_256' title='bbox 1796 2545 1896 2602; x_wconf 88' lang='lat' dir='ltr'><strong>Petrus</strong></span> <span class='ocrx_word' id='word_1_257' title='bbox 1905 2546 1940 2602; x_wconf 88' lang='lat' dir='ltr'><strong>de</strong></span> <span class='ocrx_word' id='word_1_258' title='bbox 1948 2548 2048 2603; x_wconf 89' lang='lat' dir='ltr'><strong>Castro</strong></span> 
     </span>
     <span class='ocr_line' id='line_1_21' title="bbox 466 2635 1692 2712; baseline -0.002 -22"><span class='ocrx_word' id='word_1_259' title='bbox 466 2637 644 2692; x_wconf 88' lang='lat' dir='ltr'><strong>bituricensis</strong></span> <span class='ocrx_word' id='word_1_260' title='bbox 656 2635 802 2692; x_wconf 86' lang='lat' dir='ltr'><strong>ordinatur</strong></span> <span class='ocrx_word' id='word_1_261' title='bbox 814 2636 1053 2712; x_wconf 85' lang='lat' dir='ltr'><strong>archiepiscopus,</strong></span> <span class='ocrx_word' id='word_1_262' title='bbox 1066 2636 1198 2692; x_wconf 75' lang='lat' dir='ltr'><strong>defuncto</strong></span> <span class='ocrx_word' id='word_1_263' title='bbox 1214 2636 1342 2694; x_wconf 82' lang='lat' dir='ltr'><strong>Alberico</strong></span> <span class='ocrx_word' id='word_1_264' title='bbox 1353 2637 1507 2696; x_wconf 87' lang='lat' dir='ltr'><strong>Rhemeusi</strong></span> <span class='ocrx_word' id='word_1_265' title='bbox 1523 2639 1667 2710; x_wconf 81' lang='lat' dir='ltr'><strong>magistro.</strong></span> <span class='ocrx_word' id='word_1_266' title='bbox 1680 2661 1692 2688; x_wconf 73' lang='lat' dir='ltr'><strong>a</strong></span> 
     </span>
    </p>
   </div>
   <div class='ocr_carea' id='block_1_7' title="bbox 1085 2791 1433 2868">
    <p class='ocr_par' dir='ltr' id='par_1_7' title="bbox 1085 2791 1433 2868">
     <span class='ocr_line' id='line_1_22' title="bbox 1085 2791 1433 2868; baseline 0.003 -19"><span class='ocrx_word' id='word_1_267' title='bbox 1085 2791 1158 2849; x_wconf 84' lang='lat' dir='ltr'><strong>Nota</strong></span> <span class='ocrx_word' id='word_1_268' title='bbox 1175 2791 1295 2861; x_wconf 83' lang='lat' dir='ltr'><strong>XXXI,</strong></span> <span class='ocrx_word' id='word_1_269' title='bbox 1310 2811 1373 2868; x_wconf 83' lang='lat' dir='ltr'><strong>pag.</strong></span> <span class='ocrx_word' id='word_1_270' title='bbox 1390 2797 1433 2850; x_wconf 87' lang='grc'><strong>48.</strong></span> 
     </span>
    </p>
   </div>
   <div class='ocr_carea' id='block_1_8' title="bbox 462 2934 2049 3944">
    <p class='ocr_par' dir='ltr' id='par_1_8' title="bbox 462 2934 2049 3944">
     <span class='ocr_line' id='line_1_23' title="bbox 500 2934 2049 3013; baseline -0.001 -21"><span class='ocrx_word' id='word_1_271' title='bbox 500 2936 650 3009; x_wconf 58' lang='lat' dir='ltr'><strong>dimicastis</strong></span> <span class='ocrx_word' id='word_1_272' title='bbox 660 2941 838 3010; x_wconf 74' lang='lat' dir='ltr'><strong>magistris...</strong></span> <span class='ocrx_word' id='word_1_273' title='bbox 857 2935 1040 2993; x_wconf 80' lang='lat' dir='ltr'><strong>Guillelmo...</strong></span> <span class='ocrx_word' id='word_1_274' title='bbox 1055 2945 1139 3012; x_wconf 55' lang='lat' dir='ltr'><strong>aque</strong></span> <span class='ocrx_word' id='word_1_275' title='bbox 1150 2936 1297 2992; x_wconf 64' lang='lat' dir='ltr'><strong>melma.</strong></span> <span class='ocrx_word' id='word_1_276' title='bbox 1307 2963 1344 2982; x_wconf 72' lang='grc' dir='ltr'><strong>ο-</strong></span> <span class='ocrx_word' id='word_1_277' title='bbox 1355 2936 1479 2994; x_wconf 78' lang='lat' dir='ltr'><strong>Decessit</strong></span> <span class='ocrx_word' id='word_1_278' title='bbox 1497 2934 1668 2992; x_wconf 88' lang='lat' dir='ltr'><strong>Gnillelmus</strong></span> <span class='ocrx_word' id='word_1_279' title='bbox 1683 2934 1880 3010; x_wconf 85' lang='lat' dir='ltr'><strong>Campelleusis</strong></span> <span class='ocrx_word' id='word_1_280' title='bbox 1902 2937 2049 3013; x_wconf 77' lang='lat' dir='ltr'><strong>episcopus</strong></span> 
     </span>
     <span class='ocr_line' id='line_1_24' title="bbox 466 3029 2049 3103; baseline 0.004 -21"><span class='ocrx_word' id='word_1_281' title='bbox 466 3048 538 3090; x_wconf 84' lang='lat' dir='ltr'><strong>auno</strong></span> <span class='ocrx_word' id='word_1_282' title='bbox 552 3034 638 3100; x_wconf 85' lang='grc'><strong>4449,</strong></span> <span class='ocrx_word' id='word_1_283' title='bbox 661 3040 692 3085; x_wconf 88' lang='lat' dir='ltr'><strong>ut</strong></span> <span class='ocrx_word' id='word_1_284' title='bbox 708 3029 767 3102; x_wconf 82' lang='lat' dir='ltr'><strong>jam</strong></span> <span class='ocrx_word' id='word_1_285' title='bbox 784 3047 869 3103; x_wconf 89' lang='lat' dir='ltr'><strong>snpra</strong></span> <span class='ocrx_word' id='word_1_286' title='bbox 888 3039 1016 3086; x_wconf 87' lang='lat' dir='ltr'><strong>notatum</strong></span> <span class='ocrx_word' id='word_1_287' title='bbox 1032 3041 1095 3098; x_wconf 76' lang='lat' dir='ltr'><strong>est,</strong></span> <span class='ocrx_word' id='word_1_288' title='bbox 1110 3029 1259 3086; x_wconf 68' lang='lat' dir='ltr'><strong>nantum</strong></span> <span class='ocrx_word' id='word_1_289' title='bbox 1277 3047 1341 3089; x_wconf 84' lang='lat' dir='ltr'><strong>vero</strong></span> <span class='ocrx_word' id='word_1_290' title='bbox 1358 3029 1551 3086; x_wconf 68' lang='lat' dir='ltr'><strong>laudunensis</strong></span> <span class='ocrx_word' id='word_1_291' title='bbox 1572 3045 1645 3084; x_wconf 86' lang='lat' dir='ltr'><strong>anno</strong></span> <span class='ocrx_word' id='word_1_292' title='bbox 1665 3033 1751 3098; x_wconf 79' lang='lat' dir='ltr'><strong>lllb,</strong></span> <span class='ocrx_word' id='word_1_293' title='bbox 1767 3040 1799 3087; x_wconf 89' lang='lat' dir='ltr'><strong>ut</strong></span> <span class='ocrx_word' id='word_1_294' title='bbox 1814 3029 1913 3086; x_wconf 87' lang='lat' dir='ltr'><strong>scribit</strong></span> <span class='ocrx_word' id='word_1_295' title='bbox 1928 3031 2049 3088; x_wconf 73' lang='lat' dir='ltr'><strong>lomnes</strong></span> 
     </span>
     <span class='ocr_line' id='line_1_25' title="bbox 466 3121 2048 3196; baseline 0.001 -14"><span class='ocrx_word' id='word_1_296' title='bbox 466 3125 558 3184; x_wconf 76' lang='lat' dir='ltr'><strong>Ssucu</strong></span> <span class='ocrx_word' id='word_1_297' title='bbox 569 3124 695 3180; x_wconf 80' lang='lat' dir='ltr'><strong>Victoris</strong></span> <span class='ocrx_word' id='word_1_298' title='bbox 706 3124 856 3180; x_wconf 85' lang='lat' dir='ltr'><strong>cauonicus</strong></span> <span class='ocrx_word' id='word_1_299' title='bbox 868 3122 1004 3196; x_wconf 75' lang='lat' dir='ltr'><strong>regularis</strong></span> <span class='ocrx_word' id='word_1_300' title='bbox 1016 3123 1045 3178; x_wconf 92' lang='lat' dir='ltr'><strong>in</strong></span> <span class='ocrx_word' id='word_1_301' title='bbox 1058 3123 1210 3180; x_wconf 74' lang='lat' dir='ltr'><strong>chrumno:</strong></span> <span class='ocrx_word' id='word_1_302' title='bbox 1223 3145 1239 3175; x_wconf 76' lang='lat' dir='ltr'><strong>s</strong></span> <span class='ocrx_word' id='word_1_303' title='bbox 1248 3123 1311 3178; x_wconf 90' lang='lat' dir='ltr'><strong>Hoc</strong></span> <span class='ocrx_word' id='word_1_304' title='bbox 1322 3141 1405 3190; x_wconf 87' lang='lat' dir='ltr'><strong>anno,</strong></span> <span class='ocrx_word' id='word_1_305' title='bbox 1420 3145 1433 3174; x_wconf 80' lang='lat' dir='ltr'><strong>s</strong></span> <span class='ocrx_word' id='word_1_306' title='bbox 1445 3123 1552 3196; x_wconf 85' lang='lat' dir='ltr'><strong>inquit,</strong></span> <span class='ocrx_word' id='word_1_307' title='bbox 1570 3145 1583 3174; x_wconf 76' lang='grc' dir='ltr'>ι</span> <span class='ocrx_word' id='word_1_308' title='bbox 1594 3121 1665 3178; x_wconf 90' lang='lat' dir='ltr'><strong>obiit</strong></span> <span class='ocrx_word' id='word_1_309' title='bbox 1673 3123 1715 3178; x_wconf 79' lang='lat' dir='ltr'><strong>uir</strong></span> <span class='ocrx_word' id='word_1_310' title='bbox 1728 3123 2048 3183; x_wconf 65' lang='lat' dir='ltr'><strong>venuabilisbnselmus</strong></span> 
     </span>
     <span class='ocr_line' id='line_1_26' title="bbox 468 3215 2048 3289; baseline 0.003 -17"><span class='ocrx_word' id='word_1_311' title='bbox 468 3217 658 3274; x_wconf 78' lang='lat' dir='ltr'><strong>laudunensis</strong></span> <span class='ocrx_word' id='word_1_312' title='bbox 669 3215 808 3288; x_wconf 78' lang='lat' dir='ltr'><strong>decanm,</strong></span> <span class='ocrx_word' id='word_1_313' title='bbox 827 3216 959 3288; x_wconf 77' lang='lat' dir='ltr'><strong>magister</strong></span> <span class='ocrx_word' id='word_1_314' title='bbox 971 3216 1226 3286; x_wconf 83' lang='lat' dir='ltr'><strong>nominatissimus,</strong></span> <span class='ocrx_word' id='word_1_315' title='bbox 1239 3215 1396 3274; x_wconf 87' lang='lat' dir='ltr'><strong>litterarum</strong></span> <span class='ocrx_word' id='word_1_316' title='bbox 1413 3218 1528 3274; x_wconf 76' lang='lat' dir='ltr'><strong>scienda</strong></span> <span class='ocrx_word' id='word_1_317' title='bbox 1542 3217 1649 3289; x_wconf 87' lang='lat' dir='ltr'><strong>clarus,</strong></span> <span class='ocrx_word' id='word_1_318' title='bbox 1667 3219 1709 3274; x_wconf 77' lang='lat' dir='ltr'><strong>uir</strong></span> <span class='ocrx_word' id='word_1_319' title='bbox 1724 3236 1834 3276; x_wconf 85' lang='lat' dir='ltr'><strong>tuorum</strong></span> <span class='ocrx_word' id='word_1_320' title='bbox 1853 3217 1999 3278; x_wconf 84' lang='lat' dir='ltr'><strong>honestate</strong></span> <span class='ocrx_word' id='word_1_321' title='bbox 2019 3231 2048 3276; x_wconf 90' lang='lat' dir='ltr'><strong>et</strong></span> 
     </span>
     <span class='ocr_line' id='line_1_27' title="bbox 467 3307 2047 3386; baseline 0.003 -20"><span class='ocrx_word' id='word_1_322' title='bbox 467 3309 574 3368; x_wconf 86' lang='lat' dir='ltr'><strong>consilii</strong></span> <span class='ocrx_word' id='word_1_323' title='bbox 590 3309 752 3366; x_wconf 83' lang='lat' dir='ltr'><strong>maturitate</strong></span> <span class='ocrx_word' id='word_1_324' title='bbox 766 3307 952 3375; x_wconf 77' lang='lat' dir='ltr'><strong>venerandus,</strong></span> <span class='ocrx_word' id='word_1_325' title='bbox 973 3309 1024 3382; x_wconf 79' lang='lat' dir='ltr'><strong>qui</strong></span> <span class='ocrx_word' id='word_1_326' title='bbox 1038 3308 1113 3364; x_wconf 86' lang='lat' dir='ltr'><strong>inter</strong></span> <span class='ocrx_word' id='word_1_327' title='bbox 1131 3319 1228 3364; x_wconf 78' lang='lat' dir='ltr'><strong>catera</strong></span> <span class='ocrx_word' id='word_1_328' title='bbox 1240 3327 1325 3382; x_wconf 86' lang='lat' dir='ltr'><strong>opera</strong></span> <span class='ocrx_word' id='word_1_329' title='bbox 1340 3309 1370 3366; x_wconf 90' lang='lat' dir='ltr'><strong>in</strong></span> <span class='ocrx_word' id='word_1_330' title='bbox 1383 3309 1519 3366; x_wconf 85' lang='lat' dir='ltr'><strong>Psalterin</strong></span> <span class='ocrx_word' id='word_1_331' title='bbox 1532 3309 1622 3386; x_wconf 82' lang='lat' dir='ltr'><strong>glosas</strong></span> <span class='ocrx_word' id='word_1_332' title='bbox 1634 3310 1800 3385; x_wconf 79' lang='lat' dir='ltr'><strong>marginales</strong></span> <span class='ocrx_word' id='word_1_333' title='bbox 1814 3320 1843 3366; x_wconf 87' lang='lat' dir='ltr'><strong>et</strong></span> <span class='ocrx_word' id='word_1_334' title='bbox 1854 3311 2047 3370; x_wconf 77' lang='lat' dir='ltr'><strong>interlineares</strong></span> 
     </span>
     <span class='ocr_line' id='line_1_28' title="bbox 467 3398 2047 3480; baseline 0.004 -22"><span class='ocrx_word' id='word_1_335' title='bbox 467 3403 616 3460; x_wconf 85' lang='lat' dir='ltr'><strong>ordinavit.</strong></span> <span class='ocrx_word' id='word_1_336' title='bbox 631 3423 646 3454; x_wconf 82' lang='lat' dir='ltr'><strong>n</strong></span> <span class='ocrx_word' id='word_1_337' title='bbox 659 3401 770 3472; x_wconf 88' lang='lat' dir='ltr'><strong>Quibus</strong></span> <span class='ocrx_word' id='word_1_338' title='bbox 783 3399 873 3456; x_wconf 84' lang='lat' dir='ltr'><strong>verbis</strong></span> <span class='ocrx_word' id='word_1_339' title='bbox 885 3398 966 3456; x_wconf 87' lang='lat' dir='ltr'><strong>addit</strong></span> <span class='ocrx_word' id='word_1_340' title='bbox 974 3410 1006 3456; x_wconf 89' lang='lat' dir='ltr'><strong>et</strong></span> <span class='ocrx_word' id='word_1_341' title='bbox 1016 3399 1094 3459; x_wconf 84' lang='lat' dir='ltr'><strong>aliud</strong></span> <span class='ocrx_word' id='word_1_342' title='bbox 1106 3400 1261 3458; x_wconf 85' lang='lat' dir='ltr'><strong>chronicon</strong></span> <span class='ocrx_word' id='word_1_343' title='bbox 1274 3403 1495 3476; x_wconf 81' lang='lat' dir='ltr'><strong>nnnuscriptum</strong></span> <span class='ocrx_word' id='word_1_344' title='bbox 1510 3427 1515 3458; x_wconf 74' lang='grc' dir='ltr'>ι</span> <span class='ocrx_word' id='word_1_345' title='bbox 1531 3403 1691 3478; x_wconf 77' lang='lat' dir='ltr'><strong>«Epistolas</strong></span> <span class='ocrx_word' id='word_1_346' title='bbox 1707 3422 1819 3480; x_wconf 86' lang='lat' dir='ltr'><strong>quoque</strong></span> <span class='ocrx_word' id='word_1_347' title='bbox 1831 3405 1926 3476; x_wconf 84' lang='lat' dir='ltr'><strong>Pauli,</strong></span> <span class='ocrx_word' id='word_1_348' title='bbox 1939 3415 1968 3464; x_wconf 87' lang='lat' dir='ltr'><strong>et</strong></span> <span class='ocrx_word' id='word_1_349' title='bbox 1980 3407 2047 3464; x_wconf 82' lang='lat' dir='ltr'><strong>alias</strong></span> 
     </span>
     <span class='ocr_line' id='line_1_29' title="bbox 467 3493 2048 3574; baseline 0.004 -24"><span class='ocrx_word' id='word_1_350' title='bbox 467 3499 614 3570; x_wconf 86' lang='lat' dir='ltr'><strong>utriusque</strong></span> <span class='ocrx_word' id='word_1_351' title='bbox 627 3495 799 3552; x_wconf 80' lang='lat' dir='ltr'><strong>Testamenti</strong></span> <span class='ocrx_word' id='word_1_352' title='bbox 810 3494 961 3568; x_wconf 86' lang='lat' dir='ltr'><strong>scripturas</strong></span> <span class='ocrx_word' id='word_1_353' title='bbox 973 3494 1035 3568; x_wconf 85' lang='lat' dir='ltr'><strong>pari</strong></span> <span class='ocrx_word' id='word_1_354' title='bbox 1047 3493 1131 3550; x_wconf 89' lang='lat' dir='ltr'><strong>modo</strong></span> <span class='ocrx_word' id='word_1_355' title='bbox 1142 3493 1309 3554; x_wconf 78' lang='lat' dir='ltr'><strong>delineanda</strong></span> <span class='ocrx_word' id='word_1_356' title='bbox 1325 3496 1470 3569; x_wconf 79' lang='lat' dir='ltr'><strong>eaposult3</strong></span> <span class='ocrx_word' id='word_1_357' title='bbox 1482 3507 1512 3552; x_wconf 92' lang='lat' dir='ltr'><strong>et</strong></span> <span class='ocrx_word' id='word_1_358' title='bbox 1527 3497 1557 3552; x_wconf 89' lang='lat' dir='ltr'><strong>in</strong></span> <span class='ocrx_word' id='word_1_359' title='bbox 1571 3497 1611 3552; x_wconf 89' lang='lat' dir='ltr'><strong>eis</strong></span> <span class='ocrx_word' id='word_1_360' title='bbox 1624 3497 1795 3572; x_wconf 75' lang='lat' dir='ltr'><strong>exponendis</strong></span> <span class='ocrx_word' id='word_1_361' title='bbox 1810 3508 1895 3574; x_wconf 90' lang='lat' dir='ltr'><strong>atque</strong></span> <span class='ocrx_word' id='word_1_362' title='bbox 1907 3499 2048 3574; x_wconf 75' lang='lat' dir='ltr'><strong>glomndis</strong></span> 
     </span>
     <span class='ocr_line' id='line_1_30' title="bbox 462 3586 2047 3667; baseline 0.001 -21"><span class='ocrx_word' id='word_1_363' title='bbox 462 3590 541 3660; x_wconf 77' lang='lat' dir='ltr'><strong>juxta</strong></span> <span class='ocrx_word' id='word_1_364' title='bbox 554 3589 735 3662; x_wconf 65' lang='lat' dir='ltr'><strong>sedunum</strong></span> <span class='ocrx_word' id='word_1_365' title='bbox 748 3597 859 3661; x_wconf 84' lang='lat' dir='ltr'><strong>patrum</strong></span> <span class='ocrx_word' id='word_1_366' title='bbox 873 3588 975 3662; x_wconf 81' lang='lat' dir='ltr'><strong>scripta</strong></span> <span class='ocrx_word' id='word_1_367' title='bbox 987 3603 1076 3662; x_wconf 77' lang='lat' dir='ltr'><strong>usque</strong></span> <span class='ocrx_word' id='word_1_368' title='bbox 1088 3586 1124 3642; x_wconf 85' lang='lat' dir='ltr'><strong>ad</strong></span> <span class='ocrx_word' id='word_1_369' title='bbox 1133 3586 1250 3644; x_wconf 87' lang='lat' dir='ltr'><strong>senilem</strong></span> <span class='ocrx_word' id='word_1_370' title='bbox 1262 3597 1370 3644; x_wconf 82' lang='lat' dir='ltr'><strong>atatem</strong></span> <span class='ocrx_word' id='word_1_371' title='bbox 1387 3588 1542 3647; x_wconf 84' lang='lat' dir='ltr'><strong>desudavit.</strong></span> <span class='ocrx_word' id='word_1_372' title='bbox 1556 3591 1667 3666; x_wconf 81' lang='lat' dir='ltr'><strong>Deque</strong></span> <span class='ocrx_word' id='word_1_373' title='bbox 1682 3589 1784 3648; x_wconf 85' lang='lat' dir='ltr'><strong>dixisse</strong></span> <span class='ocrx_word' id='word_1_374' title='bbox 1797 3592 1887 3648; x_wconf 86' lang='lat' dir='ltr'><strong>lertur</strong></span> <span class='ocrx_word' id='word_1_375' title='bbox 1904 3593 2047 3667; x_wconf 70' lang='lat' dir='ltr'><strong>Eugenius</strong></span> 
     </span>
     <span class='ocr_line' id='line_1_31' title="bbox 465 3679 2047 3788; baseline 0.005 -52"><span class='ocrx_word' id='word_1_376' title='bbox 465 3700 549 3755; x_wconf 77' lang='lat' dir='ltr'><strong>papa,</strong></span> <span class='ocrx_word' id='word_1_377' title='bbox 565 3681 713 3755; x_wconf 85' lang='lat' dir='ltr'><strong>quiaDeus</strong></span> <span class='ocrx_word' id='word_1_378' title='bbox 726 3681 855 3754; x_wconf 85' lang='lat' dir='ltr'><strong>spiritum</strong></span> <span class='ocrx_word' id='word_1_379' title='bbox 869 3679 930 3752; x_wconf 84' lang='lat' dir='ltr'><strong>ejus</strong></span> <span class='ocrx_word' id='word_1_380' title='bbox 938 3679 1111 3738; x_wconf 71' lang='lat' dir='ltr'><strong>suscitaverit</strong></span> <span class='ocrx_word' id='word_1_381' title='bbox 1121 3697 1157 3736; x_wconf 91' lang='lat' dir='ltr'><strong>ne</strong></span> <span class='ocrx_word' id='word_1_382' title='bbox 1168 3679 1313 3754; x_wconf 88' lang='lat' dir='ltr'><strong>Scriptura</strong></span> <span class='ocrx_word' id='word_1_383' title='bbox 1325 3682 1438 3756; x_wconf 78' lang='lat' dir='ltr'><strong>periret.</strong></span> <span class='ocrx_word' id='word_1_384' title='bbox 1451 3681 1496 3738; x_wconf 81' lang='lat' dir='ltr'><strong>Ad</strong></span> <span class='ocrx_word' id='word_1_385' title='bbox 1504 3683 1677 3788; x_wconf 38' lang='lat' dir='ltr'><strong>pontifice&amp;</strong></span> <span class='ocrx_word' id='word_1_386' title='bbox 1689 3681 1836 3741; x_wconf 80' lang='lat' dir='ltr'><strong>catlsedras</strong></span> <span class='ocrx_word' id='word_1_387' title='bbox 1848 3683 1952 3759; x_wconf 89' lang='lat' dir='ltr'><strong>pluries</strong></span> <span class='ocrx_word' id='word_1_388' title='bbox 1965 3703 2047 3744; x_wconf 86' lang='lat' dir='ltr'><strong>voca·</strong></span> 
     </span>
     <span class='ocr_line' id='line_1_32' title="bbox 466 3772 2046 3854; baseline 0.004 -22"><span class='ocrx_word' id='word_1_389' title='bbox 466 3786 510 3832; x_wconf 89' lang='lat' dir='ltr'><strong>tus</strong></span> <span class='ocrx_word' id='word_1_390' title='bbox 524 3775 681 3835; x_wconf 81' lang='lat' dir='ltr'><strong>nullatenus</strong></span> <span class='ocrx_word' id='word_1_391' title='bbox 694 3773 865 3848; x_wconf 71' lang='lat' dir='ltr'><strong>acquievit.»</strong></span> <span class='ocrx_word' id='word_1_392' title='bbox 879 3773 1035 3830; x_wconf 82' lang='lat' dir='ltr'><strong>Defunctus</strong></span> <span class='ocrx_word' id='word_1_393' title='bbox 1047 3784 1139 3830; x_wconf 88' lang='lat' dir='ltr'><strong>autem</strong></span> <span class='ocrx_word' id='word_1_394' title='bbox 1155 3773 1300 3845; x_wconf 77' lang='lat' dir='ltr'><strong>lauduni,</strong></span> <span class='ocrx_word' id='word_1_395' title='bbox 1313 3775 1342 3832; x_wconf 87' lang='lat' dir='ltr'><strong>iu</strong></span> <span class='ocrx_word' id='word_1_396' title='bbox 1354 3775 1469 3834; x_wconf 82' lang='lat' dir='ltr'><strong>eoelesia</strong></span> <span class='ocrx_word' id='word_1_397' title='bbox 1481 3775 1576 3834; x_wconf 81' lang='lat' dir='ltr'><strong>Sancti</strong></span> <span class='ocrx_word' id='word_1_398' title='bbox 1589 3772 1734 3836; x_wconf 77' lang='lat' dir='ltr'><strong>vincentii</strong></span> <span class='ocrx_word' id='word_1_399' title='bbox 1746 3777 1871 3854; x_wconf 82' lang='lat' dir='ltr'><strong>sepultus</strong></span> <span class='ocrx_word' id='word_1_400' title='bbox 1879 3790 1939 3848; x_wconf 79' lang='lat' dir='ltr'><strong>est,</strong></span> <span class='ocrx_word' id='word_1_401' title='bbox 1953 3779 2004 3836; x_wconf 89' lang='lat' dir='ltr'><strong>ubi</strong></span> <span class='ocrx_word' id='word_1_402' title='bbox 2015 3795 2046 3840; x_wconf 90' lang='lat' dir='ltr'><strong>et</strong></span> 
     </span>
     <span class='ocr_line' id='line_1_33' title="bbox 465 3867 1787 3944; baseline 0.001 -20"><span class='ocrx_word' id='word_1_403' title='bbox 465 3886 538 3924; x_wconf 87' lang='lat' dir='ltr'><strong>nnus</strong></span> <span class='ocrx_word' id='word_1_404' title='bbox 550 3885 584 3924; x_wconf 81' lang='lat' dir='ltr'><strong>en</strong></span> <span class='ocrx_word' id='word_1_405' title='bbox 596 3867 741 3941; x_wconf 81' lang='lat' dir='ltr'><strong>discipulis</strong></span> <span class='ocrx_word' id='word_1_406' title='bbox 754 3868 803 3924; x_wconf 85' lang='lat' dir='ltr'><strong>tali</strong></span> <span class='ocrx_word' id='word_1_407' title='bbox 815 3867 959 3942; x_wconf 85' lang='lat' dir='ltr'><strong>epitaphio</strong></span> <span class='ocrx_word' id='word_1_408' title='bbox 971 3867 1095 3926; x_wconf 81' lang='lat' dir='ltr'><strong>moribus</strong></span> <span class='ocrx_word' id='word_1_409' title='bbox 1104 3886 1136 3926; x_wconf 84' lang='lat' dir='ltr'><strong>ac</strong></span> <span class='ocrx_word' id='word_1_410' title='bbox 1148 3868 1257 3926; x_wconf 84' lang='lat' dir='ltr'><strong>meritis</strong></span> <span class='ocrx_word' id='word_1_411' title='bbox 1268 3885 1395 3944; x_wconf 75' lang='lat' dir='ltr'><strong>mugnus</strong></span> <span class='ocrx_word' id='word_1_412' title='bbox 1406 3869 1548 3929; x_wconf 83' lang='lat' dir='ltr'><strong>tumulum</strong></span> <span class='ocrx_word' id='word_1_413' title='bbox 1556 3869 1618 3942; x_wconf 86' lang='lat' dir='ltr'><strong>ejus</strong></span> <span class='ocrx_word' id='word_1_414' title='bbox 1629 3870 1770 3930; x_wconf 71' lang='lat' dir='ltr'><strong>decoravit</strong></span> <span class='ocrx_word' id='word_1_415' title='bbox 1781 3897 1787 3925; x_wconf 89' lang='lat'><strong>:</strong></span> 
     </span>
    </p>
   </div>
   <div class='ocr_carea' id='block_1_9' title="bbox 920 4007 1502 4746">
    <p class='ocr_par' dir='ltr' id='par_1_9' title="bbox 920 4007 1473 4140">
     <span class='ocr_line' id='line_1_34' title="bbox 922 4007 1473 4065; baseline 0.004 -15"><span class='ocrx_word' id='word_1_416' title='bbox 922 4007 1002 4050; x_wconf 80' lang='lat' dir='ltr'><strong>Boemlt</strong></span> <span class='ocrx_word' id='word_1_417' title='bbox 1012 4009 1036 4049; x_wconf 86' lang='lat' dir='ltr'><strong>in</strong></span> <span class='ocrx_word' id='word_1_418' title='bbox 1045 4007 1171 4051; x_wconf 67' lang='lat' dir='ltr'><strong>immnuta</strong></span> <span class='ocrx_word' id='word_1_419' title='bbox 1180 4009 1323 4052; x_wconf 57' lang='lat' dir='ltr'><strong>debuerimus</strong></span> <span class='ocrx_word' id='word_1_420' title='bbox 1331 4009 1366 4051; x_wconf 83' lang='lat' dir='ltr'><strong>ille</strong></span> <span class='ocrx_word' id='word_1_421' title='bbox 1374 4011 1473 4065; x_wconf 63' lang='lat' dir='ltr'><strong>magister</strong></span> 
     </span>
     <span class='ocr_line' id='line_1_35' title="bbox 920 4085 1383 4140; baseline 0.004 -14"><span class='ocrx_word' id='word_1_422' title='bbox 920 4085 1039 4131; x_wconf 65' lang='lat' dir='ltr'><strong>ammes,</strong></span> <span class='ocrx_word' id='word_1_423' title='bbox 1046 4085 1084 4139; x_wconf 75' lang='lat' dir='ltr'><strong>qui</strong></span> <span class='ocrx_word' id='word_1_424' title='bbox 1094 4097 1132 4140; x_wconf 77' lang='lat' dir='ltr'><strong>pue</strong></span> <span class='ocrx_word' id='word_1_425' title='bbox 1139 4085 1214 4128; x_wconf 71' lang='lat' dir='ltr'><strong>didimi</strong></span> <span class='ocrx_word' id='word_1_426' title='bbox 1221 4087 1303 4128; x_wconf 65' lang='lat' dir='ltr'><strong>eli-ta</strong></span> <span class='ocrx_word' id='word_1_427' title='bbox 1311 4087 1383 4128; x_wconf 78' lang='lat' dir='ltr'><strong>mnndi</strong></span> 
     </span>
    </p>

    <p class='ocr_par' dir='ltr' id='par_1_10' title="bbox 920 4160 1502 4594">
     <span class='ocr_line' id='line_1_36' title="bbox 922 4160 1471 4216; baseline 0.004 -16"><span class='ocrx_word' id='word_1_428' title='bbox 922 4160 1016 4216; x_wconf 77' lang='lat' dir='ltr'><strong>liudispm</strong></span> <span class='ocrx_word' id='word_1_429' title='bbox 1023 4161 1120 4208; x_wconf 73' lang='lat' dir='ltr'><strong>notitiam</strong></span> <span class='ocrx_word' id='word_1_430' title='bbox 1128 4161 1240 4210; x_wconf 67' lang='lat' dir='ltr'><strong>comit.</strong></span> <span class='ocrx_word' id='word_1_431' title='bbox 1248 4167 1271 4202; x_wconf 78' lang='lat' dir='ltr'><strong>at</strong></span> <span class='ocrx_word' id='word_1_432' title='bbox 1277 4161 1372 4214; x_wconf 83' lang='lat' dir='ltr'><strong>nudique</strong></span> <span class='ocrx_word' id='word_1_433' title='bbox 1381 4163 1471 4206; x_wconf 73' lang='lat' dir='ltr'><strong>landun.</strong></span> 
     </span>
     <span class='ocr_line' id='line_1_37' title="bbox 922 4235 1486 4290; baseline 0.005 -14"><span class='ocrx_word' id='word_1_434' title='bbox 922 4237 974 4276; x_wconf 84' lang='lat' dir='ltr'><strong>Sana</strong></span> <span class='ocrx_word' id='word_1_435' title='bbox 984 4236 1034 4278; x_wconf 76' lang='lat' dir='ltr'><strong>sides</strong></span> <span class='ocrx_word' id='word_1_436' title='bbox 1041 4263 1047 4282; x_wconf 86' lang='lat'><strong>,</strong></span> <span class='ocrx_word' id='word_1_437' title='bbox 1055 4236 1148 4278; x_wconf 55' lang='lat' dir='ltr'><strong>murina</strong></span> <span class='ocrx_word' id='word_1_438' title='bbox 1157 4235 1263 4290; x_wconf 81' lang='lat' dir='ltr'><strong>frequens,</strong></span> <span class='ocrx_word' id='word_1_439' title='bbox 1273 4237 1385 4280; x_wconf 74' lang='lat' dir='ltr'><strong>maerentia</strong></span> <span class='ocrx_word' id='word_1_440' title='bbox 1396 4249 1486 4282; x_wconf 83' lang='lat' dir='ltr'><strong>snorum.</strong></span> 
     </span>
     <span class='ocr_line' id='line_1_38' title="bbox 921 4311 1466 4364; baseline 0.007 -14"><span class='ocrx_word' id='word_1_441' title='bbox 921 4311 1031 4364; x_wconf 80' lang='lat' dir='ltr'><strong>Splendida</strong></span> <span class='ocrx_word' id='word_1_442' title='bbox 1042 4311 1097 4357; x_wconf 81' lang='lat' dir='ltr'><strong>vita,</strong></span> <span class='ocrx_word' id='word_1_443' title='bbox 1108 4325 1178 4352; x_wconf 87' lang='lat' dir='ltr'><strong>manns</strong></span> <span class='ocrx_word' id='word_1_444' title='bbox 1187 4311 1318 4359; x_wconf 76' lang='lat' dir='ltr'><strong>diffundens.</strong></span> <span class='ocrx_word' id='word_1_445' title='bbox 1332 4313 1386 4353; x_wconf 84' lang='lat' dir='ltr'><strong>actio</strong></span> <span class='ocrx_word' id='word_1_446' title='bbox 1396 4322 1466 4359; x_wconf 73' lang='lat' dir='ltr'><strong>snum.</strong></span> 
     </span>
     <span class='ocr_line' id='line_1_39' title="bbox 920 4385 1474 4444; baseline 0.007 -18"><span class='ocrx_word' id='word_1_447' title='bbox 920 4387 990 4427; x_wconf 64' lang='lat' dir='ltr'><strong>&amp;rino</strong></span> <span class='ocrx_word' id='word_1_448' title='bbox 999 4385 1091 4440; x_wconf 62' lang='lat' dir='ltr'><strong>mama,</strong></span> <span class='ocrx_word' id='word_1_449' title='bbox 1100 4397 1184 4428; x_wconf 83' lang='lat' dir='ltr'><strong>censura</strong></span> <span class='ocrx_word' id='word_1_450' title='bbox 1194 4387 1278 4444; x_wconf 71' lang='lat' dir='ltr'><strong>rigens,</strong></span> <span class='ocrx_word' id='word_1_451' title='bbox 1288 4389 1387 4430; x_wconf 66' lang='lat' dir='ltr'><strong>surrento</strong></span> <span class='ocrx_word' id='word_1_452' title='bbox 1396 4389 1474 4437; x_wconf 85' lang='lat' dir='ltr'><strong>dulcia,</strong></span> 
     </span>
     <span class='ocr_line' id='line_1_40' title="bbox 922 4461 1502 4518; baseline 0.005 -16"><span class='ocrx_word' id='word_1_453' title='bbox 922 4461 1035 4502; x_wconf 66' lang='lat' dir='ltr'><strong>multtum</strong></span> <span class='ocrx_word' id='word_1_454' title='bbox 1044 4461 1136 4514; x_wconf 67' lang='lat' dir='ltr'><strong>aspices.</strong></span> <span class='ocrx_word' id='word_1_455' title='bbox 1143 4473 1202 4504; x_wconf 83' lang='lat' dir='ltr'><strong>meas</strong></span> <span class='ocrx_word' id='word_1_456' title='bbox 1209 4463 1308 4518; x_wconf 74' lang='lat' dir='ltr'><strong>provida.</strong></span> <span class='ocrx_word' id='word_1_457' title='bbox 1316 4464 1397 4511; x_wconf 63' lang='lat' dir='ltr'><strong>uua,</strong></span> <span class='ocrx_word' id='word_1_458' title='bbox 1404 4467 1502 4507; x_wconf 69' lang='lat' dir='ltr'><strong>einans.</strong></span> 
     </span>
     <span class='ocr_line' id='line_1_41' title="bbox 924 4539 1390 4594; baseline 0.013 -14"><span class='ocrx_word' id='word_1_459' title='bbox 924 4539 965 4580; x_wconf 82' lang='lat' dir='ltr'><strong>Sed</strong></span> <span class='ocrx_word' id='word_1_460' title='bbox 975 4551 1028 4592; x_wconf 81' lang='lat' dir='ltr'><strong>quus</strong></span> <span class='ocrx_word' id='word_1_461' title='bbox 1037 4540 1093 4592; x_wconf 67' lang='lat' dir='ltr'><strong>targa</strong></span> <span class='ocrx_word' id='word_1_462' title='bbox 1103 4540 1139 4579; x_wconf 77' lang='lat' dir='ltr'><strong>liei</strong></span> <span class='ocrx_word' id='word_1_463' title='bbox 1149 4542 1248 4582; x_wconf 64' lang='lat' dir='ltr'><strong>mensis</strong></span> <span class='ocrx_word' id='word_1_464' title='bbox 1256 4543 1323 4594; x_wconf 63' lang='lat' dir='ltr'><strong>antia</strong></span> <span class='ocrx_word' id='word_1_465' title='bbox 1331 4542 1390 4586; x_wconf 79' lang='lat' dir='ltr'><strong>dates</strong></span> 
     </span>
    </p>

    <p class='ocr_par' dir='ltr' id='par_1_11' title="bbox 925 4599 1311 4669">
     <span class='ocr_line' id='line_1_42' title="bbox 925 4599 1311 4669; baseline 0.026 -18"><span class='ocrx_word' id='word_1_466' title='bbox 925 4613 996 4658; x_wconf 82' lang='lat' dir='ltr'><strong>idibus</strong></span> <span class='ocrx_word' id='word_1_467' title='bbox 1004 4614 1078 4656; x_wconf 67' lang='lat' dir='ltr'><strong>testeis</strong></span> <span class='ocrx_word' id='word_1_468' title='bbox 1084 4599 1179 4656; x_wconf 63' lang='lat' dir='ltr'><strong>dissnlm</strong></span> <span class='ocrx_word' id='word_1_469' title='bbox 1186 4617 1252 4669; x_wconf 80' lang='lat' dir='ltr'><strong>julius</strong></span> <span class='ocrx_word' id='word_1_470' title='bbox 1260 4607 1311 4661; x_wconf 77' lang='lat' dir='ltr'><strong>ater.</strong></span> 
     </span>
    </p>

    <p class='ocr_par' dir='ltr' id='par_1_12' title="bbox 921 4691 1423 4746">
     <span class='ocr_line' id='line_1_43' title="bbox 921 4691 1423 4746; baseline 0.014 -16"><span class='ocrx_word' id='word_1_471' title='bbox 921 4694 964 4740; x_wconf 79' lang='lat' dir='ltr'><strong>Qua</strong></span> <span class='ocrx_word' id='word_1_472' title='bbox 974 4691 1044 4732; x_wconf 77' lang='lat' dir='ltr'><strong>alvens</strong></span> <span class='ocrx_word' id='word_1_473' title='bbox 1054 4691 1121 4746; x_wconf 74' lang='lat' dir='ltr'><strong>viguit</strong></span> <span class='ocrx_word' id='word_1_474' title='bbox 1129 4693 1237 4734; x_wconf 86' lang='lat' dir='ltr'><strong>comitetur</strong></span> <span class='ocrx_word' id='word_1_475' title='bbox 1246 4695 1312 4746; x_wconf 67' lang='lat' dir='ltr'><strong>gratia</strong></span> <span class='ocrx_word' id='word_1_476' title='bbox 1321 4694 1423 4738; x_wconf 66' lang='lat' dir='ltr'><strong>fundum.</strong></span> 
     </span>
    </p>
   </div>
   <div class='ocr_carea' id='block_1_10' title="bbox 457 4829 2044 5290">
    <p class='ocr_par' dir='ltr' id='par_1_13' title="bbox 457 4829 2044 5290">
     <span class='ocr_line' id='line_1_44' title="bbox 464 4829 2043 4912; baseline 0.004 -25"><span class='ocrx_word' id='word_1_477' title='bbox 464 4834 517 4887; x_wconf 79' lang='lat' dir='ltr'><strong>llic</strong></span> <span class='ocrx_word' id='word_1_478' title='bbox 529 4833 643 4888; x_wconf 74' lang='lat' dir='ltr'><strong>lintrem</strong></span> <span class='ocrx_word' id='word_1_479' title='bbox 655 4833 756 4888; x_wconf 89' lang='lat' dir='ltr'><strong>habuit</strong></span> <span class='ocrx_word' id='word_1_480' title='bbox 769 4829 921 4889; x_wconf 74' lang='lat' dir='ltr'><strong>Rndualllsm</strong></span> <span class='ocrx_word' id='word_1_481' title='bbox 937 4833 1069 4905; x_wconf 74' lang='lat' dir='ltr'><strong>omnine,</strong></span> <span class='ocrx_word' id='word_1_482' title='bbox 1088 4833 1137 4908; x_wconf 84' lang='lat' dir='ltr'><strong>qui</strong></span> <span class='ocrx_word' id='word_1_483' title='bbox 1152 4851 1210 4890; x_wconf 83' lang='lat' dir='ltr'><strong>non</strong></span> <span class='ocrx_word' id='word_1_484' title='bbox 1223 4835 1358 4892; x_wconf 80' lang='lat' dir='ltr'><strong>mediocri</strong></span> <span class='ocrx_word' id='word_1_485' title='bbox 1371 4849 1485 4912; x_wconf 79' lang='lat' dir='ltr'><strong>qnoque</strong></span> <span class='ocrx_word' id='word_1_486' title='bbox 1505 4838 1639 4910; x_wconf 76' lang='lat' dir='ltr'><strong>sapientia</strong></span> <span class='ocrx_word' id='word_1_487' title='bbox 1657 4837 1749 4894; x_wconf 57' lang='lat' dir='ltr'><strong>&amp;aas</strong></span> <span class='ocrx_word' id='word_1_488' title='bbox 1759 4840 1874 4894; x_wconf 86' lang='lat' dir='ltr'><strong>enituit.</strong></span> <span class='ocrx_word' id='word_1_489' title='bbox 1890 4838 1970 4894; x_wconf 76' lang='lat' dir='ltr'><strong>«Per</strong></span> <span class='ocrx_word' id='word_1_490' title='bbox 1992 4837 2043 4893; x_wconf 88' lang='lat' dir='ltr'><strong>bus</strong></span> 
     </span>
     <span class='ocr_line' id='line_1_45' title="bbox 462 4925 2041 5006; baseline 0.005 -26"><span class='ocrx_word' id='word_1_491' title='bbox 462 4929 536 4982; x_wconf 81' lang='lat' dir='ltr'><strong>enlm</strong></span> <span class='ocrx_word' id='word_1_492' title='bbox 550 4927 665 4994; x_wconf 60' lang='lat' dir='ltr'><strong>batim,</strong></span> <span class='ocrx_word' id='word_1_493' title='bbox 680 4937 739 4982; x_wconf 64' lang='lat' dir='ltr'><strong>sut</strong></span> <span class='ocrx_word' id='word_1_494' title='bbox 751 4929 780 4982; x_wconf 86' lang='lat' dir='ltr'><strong>iu</strong></span> <span class='ocrx_word' id='word_1_495' title='bbox 795 4927 907 5001; x_wconf 69' lang='lat' dir='ltr'><strong>meleto</strong></span> <span class='ocrx_word' id='word_1_496' title='bbox 924 4925 1017 4982; x_wconf 79' lang='lat' dir='ltr'><strong>adbuc</strong></span> <span class='ocrx_word' id='word_1_497' title='bbox 1031 4926 1167 4983; x_wconf 78' lang='lat' dir='ltr'><strong>cbruuico</strong></span> <span class='ocrx_word' id='word_1_498' title='bbox 1185 4927 1305 5002; x_wconf 75' lang='lat' dir='ltr'><strong>legitur,</strong></span> <span class='ocrx_word' id='word_1_499' title='bbox 1326 4951 1339 4980; x_wconf 76' lang='grc' dir='ltr'>ι</span> <span class='ocrx_word' id='word_1_500' title='bbox 1353 4928 1403 4984; x_wconf 82' lang='lat' dir='ltr'><strong>sed</strong></span> <span class='ocrx_word' id='word_1_501' title='bbox 1414 4930 1533 4986; x_wconf 81' lang='lat' dir='ltr'><strong>manime</strong></span> <span class='ocrx_word' id='word_1_502' title='bbox 1545 4947 1596 5004; x_wconf 80' lang='lat' dir='ltr'><strong>per</strong></span> <span class='ocrx_word' id='word_1_503' title='bbox 1609 4930 1773 4987; x_wconf 73' lang='lat' dir='ltr'><strong>dunelmum</strong></span> <span class='ocrx_word' id='word_1_504' title='bbox 1783 4947 1902 5006; x_wconf 66' lang='lat' dir='ltr'><strong>,ungue</strong></span> <span class='ocrx_word' id='word_1_505' title='bbox 1914 4949 1948 4988; x_wconf 85' lang='lat' dir='ltr'><strong>ea</strong></span> <span class='ocrx_word' id='word_1_506' title='bbox 1962 4941 2041 5005; x_wconf 80' lang='lat' dir='ltr'><strong>parte</strong></span> 
     </span>
     <span class='ocr_line' id='line_1_46' title="bbox 461 5019 2043 5096; baseline 0.004 -22"><span class='ocrx_word' id='word_1_507' title='bbox 461 5021 559 5076; x_wconf 76' lang='lat' dir='ltr'><strong>recinit</strong></span> <span class='ocrx_word' id='word_1_508' title='bbox 570 5019 699 5077; x_wconf 84' lang='lat' dir='ltr'><strong>litteralis</strong></span> <span class='ocrx_word' id='word_1_509' title='bbox 712 5021 831 5077; x_wconf 78' lang='lat' dir='ltr'><strong>scientie</strong></span> <span class='ocrx_word' id='word_1_510' title='bbox 838 5020 940 5090; x_wconf 87' lang='lat' dir='ltr'><strong>decus,</strong></span> <span class='ocrx_word' id='word_1_511' title='bbox 955 5031 983 5076; x_wconf 85' lang='lat' dir='ltr'><strong>et</strong></span> <span class='ocrx_word' id='word_1_512' title='bbox 993 5021 1180 5095; x_wconf 79' lang='lat' dir='ltr'><strong>intelligentia</strong></span> <span class='ocrx_word' id='word_1_513' title='bbox 1190 5021 1410 5096; x_wconf 73' lang='lat' dir='ltr'><strong>seripturarum.</strong></span> <span class='ocrx_word' id='word_1_514' title='bbox 1424 5045 1438 5076; x_wconf 78' lang='lat' dir='ltr'><strong>a</strong></span> <span class='ocrx_word' id='word_1_515' title='bbox 1452 5025 1538 5096; x_wconf 80' lang='lat' dir='ltr'><strong>Qeed</strong></span> <span class='ocrx_word' id='word_1_516' title='bbox 1550 5035 1579 5080; x_wconf 86' lang='lat' dir='ltr'><strong>et</strong></span> <span class='ocrx_word' id='word_1_517' title='bbox 1590 5025 1737 5082; x_wconf 73' lang='lat' dir='ltr'><strong>confimat</strong></span> <span class='ocrx_word' id='word_1_518' title='bbox 1748 5027 1901 5084; x_wconf 64' lang='lat' dir='ltr'><strong>anonim</strong></span> <span class='ocrx_word' id='word_1_519' title='bbox 1913 5025 1961 5082; x_wconf 82' lang='lat' dir='ltr'><strong>ille</strong></span> <span class='ocrx_word' id='word_1_520' title='bbox 1979 5025 2043 5080; x_wconf 81' lang='lat' dir='ltr'><strong>lau·</strong></span> 
     </span>
     <span class='ocr_line' id='line_1_47' title="bbox 460 5111 2044 5195; baseline 0.006 -29"><span class='ocrx_word' id='word_1_521' title='bbox 460 5113 592 5168; x_wconf 87' lang='lat' dir='ltr'><strong>dunensis</strong></span> <span class='ocrx_word' id='word_1_522' title='bbox 601 5124 766 5182; x_wconf 71' lang='lat' dir='ltr'><strong>coauneus,</strong></span> <span class='ocrx_word' id='word_1_523' title='bbox 782 5115 831 5188; x_wconf 86' lang='lat' dir='ltr'><strong>qui</strong></span> <span class='ocrx_word' id='word_1_524' title='bbox 845 5114 1012 5172; x_wconf 83' lang='lat' dir='ltr'><strong>cathedralis</strong></span> <span class='ocrx_word' id='word_1_525' title='bbox 1025 5114 1144 5172; x_wconf 82' lang='lat' dir='ltr'><strong>ecclesie</strong></span> <span class='ocrx_word' id='word_1_526' title='bbox 1156 5117 1268 5171; x_wconf 86' lang='lat' dir='ltr'><strong>ruinam</strong></span> <span class='ocrx_word' id='word_1_527' title='bbox 1278 5134 1309 5172; x_wconf 88' lang='lat' dir='ltr'><strong>ac</strong></span> <span class='ocrx_word' id='word_1_528' title='bbox 1321 5120 1551 5174; x_wconf 79' lang='lat' dir='ltr'><strong>restaurationem</strong></span> <span class='ocrx_word' id='word_1_529' title='bbox 1564 5119 1721 5195; x_wconf 86' lang='lat' dir='ltr'><strong>descripsit,</strong></span> <span class='ocrx_word' id='word_1_530' title='bbox 1731 5111 1779 5176; x_wconf 87' lang='lat' dir='ltr'><strong>bis</strong></span> <span class='ocrx_word' id='word_1_531' title='bbox 1786 5121 1878 5177; x_wconf 76' lang='lat' dir='ltr'><strong>serbis</strong></span> <span class='ocrx_word' id='word_1_532' title='bbox 1892 5143 1898 5174; x_wconf 93' lang='lat'><strong>:</strong></span> <span class='ocrx_word' id='word_1_533' title='bbox 1914 5121 2044 5191; x_wconf 61' lang='lat' dir='ltr'><strong>‹Quem-</strong></span> 
     </span>
     <span class='ocr_line' id='line_1_48' title="bbox 457 5205 2041 5290; baseline 0.005 -30"><span class='ocrx_word' id='word_1_534' title='bbox 457 5205 609 5263; x_wconf 88' lang='lat' dir='ltr'><strong>admodum</strong></span> <span class='ocrx_word' id='word_1_535' title='bbox 624 5219 717 5264; x_wconf 89' lang='lat' dir='ltr'><strong>autem</strong></span> <span class='ocrx_word' id='word_1_536' title='bbox 732 5207 800 5263; x_wconf 90' lang='lat' dir='ltr'><strong>olim</strong></span> <span class='ocrx_word' id='word_1_537' title='bbox 817 5208 954 5265; x_wconf 87' lang='lat' dir='ltr'><strong>Dominus</strong></span> <span class='ocrx_word' id='word_1_538' title='bbox 967 5211 1065 5268; x_wconf 91' lang='lat' dir='ltr'><strong>urbem</strong></span> <span class='ocrx_word' id='word_1_539' title='bbox 1082 5210 1257 5268; x_wconf 83' lang='lat' dir='ltr'><strong>Hierusalem</strong></span> <span class='ocrx_word' id='word_1_540' title='bbox 1274 5211 1408 5282; x_wconf 88' lang='lat' dir='ltr'><strong>destruit,</strong></span> <span class='ocrx_word' id='word_1_541' title='bbox 1428 5225 1457 5269; x_wconf 90' lang='lat' dir='ltr'><strong>et</strong></span> <span class='ocrx_word' id='word_1_542' title='bbox 1478 5213 1547 5270; x_wconf 85' lang='lat' dir='ltr'><strong>lilios</strong></span> <span class='ocrx_word' id='word_1_543' title='bbox 1559 5213 1645 5270; x_wconf 91' lang='lat' dir='ltr'><strong>Israel</strong></span> <span class='ocrx_word' id='word_1_544' title='bbox 1659 5216 1791 5289; x_wconf 83' lang='lat' dir='ltr'><strong>captivari</strong></span> <span class='ocrx_word' id='word_1_545' title='bbox 1806 5215 1992 5290; x_wconf 86' lang='lat' dir='ltr'><strong>permittens,</strong></span> <span class='ocrx_word' id='word_1_546' title='bbox 2006 5214 2041 5268; x_wconf 85' lang='lat' dir='ltr'><strong>ad</strong></span> 
     </span>
    </p>
   </div>
   <div class='ocr_carea' id='block_1_11' title="bbox 0 0 2300 6104">
    <p class='ocr_par' dir='ltr' id='par_1_14' title="bbox 0 0 2300 6104">
     <span class='ocr_line' id='line_1_49' title="bbox 0 0 2300 6104; baseline 0 0"><span class='ocrx_word' id='word_1_547' title='bbox 0 0 2300 6104; x_wconf 95' lang='lat' dir='ltr'><strong> </strong></span> 
     </span>
    </p>
   </div>
  </div>
 </body>
</html>
