4496 6102
437 573 510 648 tao
1039 572 1167 644 Putat
1194 571 1428 646 sanatam

438 715 509 786 hoc
527 713 638 786 modo
655 713 898 810 egrediuntur.
920 716 1037 802 Quem
1062 729 1098 787 et
1118 738 1184 785 nos
1208 713 1318 786 hodie
1343 735 1523 810 egressum
1549 727 1822 810 presentamus,
1843 737 1957 809 quum
1981 713 2027 786 de

438 835 608 926 urbibus,
630 835 685 906 vel
704 835 872 926 castellis,
893 851 954 908 aut
971 835 1082 926 villis,
1103 834 1218 918 clerus
1239 835 1371 934 pariter
1388 859 1429 906 ac
1446 834 1602 934 populus
1620 858 1703 906 curn
1722 833 1925 908 sanctuario
1948 859 2027 906 oru-

437 981 516 1028 cem
534 955 684 1028 adorare
705 955 907 1055 procedunt
927 957 963 1028 in
982 981 1132 1055 campo,
1153 958 1230 1056 ipsa
1247 956 1412 1043 videlicet
1433 955 1492 1027 die
1514 980 1585 1053 qua
1602 955 1760 1054 primum
1785 957 1822 1026 in
1846 979 1945 1027 anno
1965 953 2027 1027 do·

438 1079 567 1150 minica
584 1080 752 1152 recitatur
769 1080 900 1177 passio.
918 1083 996 1166 Qua
1011 1077 1157 1176 quidem
1172 1079 1328 1176 generali
1343 1077 1503 1150 fidelium
1522 1078 1771 1177 processione,
1794 1090 1966 1173 tanquam
1983 1076 2028 1149 ad

436 1200 633 1271 Dominum
651 1212 750 1270 extra
765 1214 908 1298 portam
926 1223 1070 1297 passum
1088 1198 1326 1296 egredientes,
1346 1199 1520 1297 passionis
1540 1197 1651 1296 ipsius
1669 1221 1737 1270 nos
1757 1219 1935 1268 memores
1954 1219 2028 1270 esse

435 1317 659 1419 profitemur,
683 1321 786 1417 quasi
811 1346 894 1392 eum
916 1346 988 1419 prae
1012 1320 1123 1392 oculis
1150 1319 1357 1392 crucifixum
1376 1345 1443 1417 pro
1466 1318 1571 1391 nobis
1595 1319 1817 1417 aspicientes.
1843 1315 1898 1388 Ad
1921 1341 2028 1413 quern

434 1440 557 1536 utique
574 1453 758 1537 aspectum
778 1439 1017 1512 admonemur
1034 1465 1146 1538 quum
1158 1440 1299 1530 dicitur,
1316 1414 1356 1512 ut
1373 1455 1456 1538 post
1468 1463 1648 1538 egressum
1666 1453 1831 1510 nostrum
1844 1434 2028 1509 videamus

435 1584 555 1657 regem
569 1559 800 1632 Salomonem
815 1563 852 1632 in
867 1559 1084 1650 diademate,
1102 1585 1176 1660 quo
1193 1562 1379 1634 coronavit
1392 1585 1475 1632 eum
1490 1574 1603 1632 mater
1616 1583 1679 1630 sua
1695 1588 1704 1630 ε
1722 1571 1848 1648 mater,
1865 1556 2026 1652 inquam,

439 1705 519 1771 sua,
540 1681 612 1750 hoc
630 1694 684 1752 est
701 1679 844 1772 ludaea,
866 1681 912 1753 de
930 1706 1001 1779 qua
1019 1683 1094 1780 ipse
1113 1697 1217 1754 natus
1235 1696 1289 1754 est
1308 1680 1506 1754 secundum
1525 1703 1682 1752 cantem.

487 1831 506 1870 ιι
520 1801 729 1874 Diademate
741 1804 928 1875 coronavit
946 1828 1048 1892 eum,
1066 1832 1084 1871 ιι
1104 1802 1176 1875 hoc
1193 1817 1263 1894 est,
1279 1802 1326 1877 ad
1342 1801 1493 1875 modurn
1506 1801 1650 1872 victoris
1663 1823 1748 1871 eum
1766 1796 1950 1884 exaltavit,
1967 1799 2028 1894 qui

435 1922 471 1990 in
495 1922 571 2018 ipsa
594 1935 710 1994 morte
729 1923 882 1993 maxime
896 1922 941 1994 de
956 1921 1102 1994 diabolo
1117 1922 1360 2020 triumphavit.
1378 1925 1431 1993 De
1449 1920 1517 1992 hac
1535 1920 1747 2024 epaltatione
1765 1918 1804 1988 in
1822 1918 1899 2014 ipsa
1916 1917 2030 1988 crucis

349 2107 358 2132 ,
412 2043 687 2140 ·snspensione,
712 2043 863 2141 ipsemet
891 2043 1088 2116 Nicodemo
1109 2045 1179 2114 ait¹
1201 2071 1209 2112 :
1235 2044 1374 2115 «Sicut
1402 2046 1542 2140 Moyses
1569 2040 1734 2114 exaltavit
1762 2051 1967 2136 serpentem
1992 2039 2027 2108 in

435 2159 599 2252 deserto,
618 2163 667 2234 ita
686 2162 831 2234 exaltari
849 2179 991 2262 oportet
1010 2164 1123 2235 lilium
1138 2163 1308 2235 hominis.
1327 2191 1344 2228 ιι
1360 2163 1523 2260 Legimus
1542 2177 1577 2236 et
1593 2186 1613 2234 a
1632 2161 1761 2233 ludaeis
1773 2160 1892 2257 ipsum
1908 2159 2031 2230 Domi·

436 2307 522 2353 num
548 2281 780 2380 corporaliter
798 2285 921 2382 spinea
938 2309 1073 2356 corona
1092 2309 1168 2356 esse
1189 2299 1413 2356 coronatum.
1435 2283 1544 2372 Quod
1562 2308 1675 2381 quum
1694 2281 1744 2352 illi
1764 2281 1810 2353 ad
1828 2281 2029 2352 irrisionem

327 2467 331 2478 .
436 2417 471 2473 et
487 2425 632 2501 poenam
651 2402 894 2495 intenderent,
912 2405 1118 2500 mysterium
1137 2405 1249 2500 ignari
1266 2417 1448 2502 gesserunt
1468 2405 1519 2474 rei
1542 2401 1794 2474 convertenda
1813 2400 2024 2497 ingloriam.

436 2526 489 2594 De
502 2547 575 2620 qua
593 2539 629 2594 et
649 2522 832 2595 Psalmista
845 2524 984 2595 dudum
998 2524 1223 2624 praedixerat¹
1240 2551 1247 2594 :
1269 2553 1286 2592 ιι
1302 2524 1459 2596 Minuisti
1472 2548 1556 2594 eum
1569 2523 1678 2622 paulo
1692 2523 1811 2594 minus
1824 2520 1871 2592 ab
1883 2519 2026 2618 angelis,

436 2644 547 2741 gloria
564 2658 599 2717 et
617 2642 757 2716 bonore
775 2645 955 2716 coronasti
972 2669 1080 2716 eum:
1101 2659 1137 2716 et
1154 2645 1365 2716 constituisti
1393 2669 1475 2748 eum
1499 2667 1606 2741 super
1629 2667 1741 2741 opera
1759 2664 1934 2712 manuum
1953 2655 2028 2711 tua-

435 2791 528 2837 rum.
545 2765 677 2837 Omnia
694 2766 872 2863 subjecisti
893 2766 960 2837 sub
980 2767 1132 2865 pedibus
1150 2768 1237 2863 ejus.
1255 2795 1273 2834 ιι
1289 2767 1397 2854 Quod
1411 2766 1558 2864 quidem
1575 2767 1820 2839 testimonium
1841 2764 2029 2863 Apostolus

435 2907 674 2985 prosequens,
696 2883 851 2957 Hebraeis
863 2885 1000 2958 scribit⁸
1015 2915 1022 2956 ε
1045 2915 1063 2954 ιι
1076 2891 1168 2958 Eum
1185 2901 1322 2977 autem,
1339 2887 1451 2983 quiin
1465 2884 1608 2957 modico
1623 2909 1732 2982 quam
1746 2881 1863 2981 angeli
1878 2883 2030 2954 minora-

435 3023 491 3078 tus
518 3021 588 3096 est,
614 3006 778 3079 videmus
806 3012 926 3080 lesum
954 3033 1019 3107 per
1045 3009 1247 3107 passionem
1270 3009 1395 3079 mortis
1417 3007 1528 3106 gloria
1546 3021 1582 3080 et
1601 3006 1742 3078 honore
1764 3021 2027 3080 coronatum.»

436 3126 612 3224 Scriptum
631 3151 776 3226 quoque
793 3143 847 3200 est
863 3129 900 3199 in
921 3133 1058 3200 Joanne
1068 3132 1091 3218 ⁸,
1106 3129 1189 3227 quia
1204 3159 1222 3197 ιι
1238 3131 1344 3200 exivit
1356 3134 1456 3200 Jesus
1467 3143 1614 3226 portans
1628 3130 1788 3227 spineam
1803 3149 1996 3200 coronam:
2011 3155 2027 3192 ιι

436 3264 475 3320 ut
490 3249 596 3320 etiam
610 3250 708 3344 juxta
726 3249 880 3322 litteram
898 3249 1004 3322 nobis
1016 3249 1063 3321 ad
1081 3273 1165 3322 eum
1183 3252 1228 3321 sit
1245 3250 1450 3322 exeundum
1460 3305 1470 3342 ,
1487 3251 1577 3322 sicut
1591 3249 1800 3348 praedictum
1816 3263 1888 3339 est,
1907 3249 1944 3319 in
1959 3247 2029 3319 dia·

437 3361 579 3443 demate
596 3396 664 3443 suo
680 3369 888 3443 videndum.
1324 3441 1334 3460 ,

484 3491 565 3561 Sive
581 3515 669 3588 ergo
687 3491 897 3580 coronatus,
920 3491 992 3562 sive
1014 3489 1276 3587 crucifigendus
1297 3492 1391 3563 exire
1411 3492 1570 3564 Christus
1591 3505 1824 3580 memoratur,
1845 3505 1887 3560 ut
1910 3513 2029 3588 repro·

437 3608 527 3682 batis
543 3607 690 3700 Judaeis,
713 3609 775 3706 qui
793 3610 829 3681 in
847 3631 930 3680 eum
949 3610 1015 3682 ista
1033 3611 1306 3701 commiserunt,
1325 3612 1472 3708 gratiam
1493 3636 1594 3684 suam
1616 3611 1844 3710 praesignaret
1867 3609 2029 3681 transitu·

437 3752 514 3801 ram
532 3728 569 3798 in
583 3728 807 3802 latitudinem
824 3730 1002 3827 gentium,
1025 3730 1087 3802 ubi
1105 3729 1269 3802 videlicet
1285 3729 1524 3803 crucifixionis
1546 3730 1657 3820 salus,
1681 3743 1716 3802 et
1739 3730 1903 3803 exaltatio
1923 3729 2029 3828 ipsius

437 3849 472 3920 in
488 3851 721 3948 acquisitione
733 3850 929 3924 multorum
945 3852 1177 3951 populorum,
1194 3877 1270 3925 uno
1285 3852 1408 3926 Judaeo
1425 3851 1636 3952 reprobato,
1651 3877 1728 3926 sese
1741 3853 1913 3926 dilatavit.
1928 3850 2028 3924 Unde

437 3983 473 4042 et
491 3958 584 4042 bene
599 3968 709 4044 hodie
726 3971 772 4045 ad
786 3995 929 4043 crucem
944 3971 1020 4067 ejus
1032 3973 1070 4043 in
1084 3997 1212 4071 campo
1234 3972 1455 4044 adorandam
1473 3972 1720 4072 procedimus,
1737 3975 1774 4044 in
1793 3972 1865 4045 hoc
1885 3975 2028 4070 mystice

437 4089 744 4184 demonstrantes,
764 4108 837 4163 tam
856 4092 1006 4190 gloriam
1024 4117 1131 4191 quarn
1155 4094 1304 4166 salutem
1323 4094 1369 4166 de
1392 4093 1521 4166 ludaeis
1543 4119 1680 4192 egressa
1694 4119 1789 4185 esse,
1809 4097 1900 4167 etin
1920 4095 2027 4192 genti·

437 4211 504 4285 bus
528 4237 604 4287 sese
627 4211 803 4286 dilatasse.
830 4214 938 4302 Quod
962 4228 1081 4286 autem
1104 4214 1573 4312 postmodum.revertimur
1595 4215 1642 4286 ad
1664 4215 1743 4286 loca
1767 4229 1906 4304 nostra,
1935 4215 2027 4287 unde

437 4330 616 4405 fueramus
643 4335 791 4432 egressi,
819 4333 992 4433 significat
1017 4335 1053 4406 in
1077 4333 1148 4406 fine
1178 4334 1304 4407 mundi
1323 4334 1369 4407 ad
1387 4335 1527 4407 Judaeos
1554 4335 1749 4408 redituram
1768 4337 1916 4433 gratiam
1935 4337 2022 4408 Dei:

437 4452 584 4549 quando
605 4452 770 4528 videlicet
788 4481 858 4555 per
878 4455 1167 4557 pradicationem
1190 4456 1316 4528 Enoch
1339 4470 1374 4528 et
1403 4456 1487 4529 Eliae
1514 4471 1653 4530 constat
1678 4480 1740 4528 eos
1765 4455 2026 4528 convertendos

438 4598 525 4646 esse.
544 4574 648 4648 Unde
663 4591 698 4648 et
715 4577 922 4676 Apostolus·
939 4606 946 4648 :
966 4607 984 4646 ιι
1001 4576 1113 4666 ΝοΙο,
1130 4606 1148 4646 ιι
1169 4579 1303 4676 inquit,
1328 4606 1346 4646 u
1360 4602 1425 4650 vos
1438 4579 1619 4677 ignorare,
1636 4577 1777 4670 tratres,
1794 4579 1878 4676 quia
1896 4579 2027 4649 caecitas

438 4719 480 4766 ex
508 4711 608 4795 parte
633 4700 807 4796 contingit
824 4701 861 4770 in
880 4698 1008 4791 lsrael,
1037 4698 1154 4772 donec
1181 4699 1367 4799 plenitudo
1397 4701 1555 4798 gentium
1581 4703 1750 4792 intraret,
1778 4717 1813 4775 et
1840 4704 1890 4774 sic
1913 4699 2026 4773 omnis

437 4817 545 4888 Israel
559 4817 675 4890 salvus
689 4818 806 4911 lieret,
823 4821 912 4893 sicut
928 4821 1099 4920 scriptum
1117 4835 1170 4893 est
1186 4849 1194 4891 ε
1213 4851 1230 4889 ιι
1246 4822 1431 4896 Veniet-ex
1447 4824 1532 4897 Sion
1547 4824 1608 4922 qui
1621 4824 1747 4922 eripiat
1761 4838 1797 4895 et
1813 4836 1951 4895 avertat
1965 4823 2025 4893 im·

473 5101 481 5128 ¹
498 5101 581 5166 lota„
595 5118 651 5172 cap.
663 5123 703 5169 ιιι,
715 5123 739 5156 v.
753 5109 830 5158 tt.-
842 5106 851 5133 ¹
865 5109 952 5160 Psalm.
966 5127 1021 5172 nn,
1034 5127 1056 5160 v.
1069 5111 1316 5177 6.-⁸11etr.,cap.
1331 5128 1362 5174 n,
1374 5127 1398 5163 r.
1411 5113 1473 5162 9.-
1486 5113 1590 5180 ‘Joao.,
1601 5083 1655 5183 cap.
1669 5129 1710 5166 nx
1721 5152 1728 5175 ,
1740 5129 1763 5163 v.
1778 5115 1803 5162 5.
1813 5112 1865 5148 -'
1880 5111 1986 5163 Corlntlt.
1999 5111 2026 5168 I,

438 5205 493 5256 cap.
508 5207 538 5252 x,
551 5207 574 5242 ι.
588 5199 609 5242 t.
