<?xml version="1.0" encoding="UTF-8"?>
<!DOCTYPE html PUBLIC "-//W3C//DTD XHTML 1.0 Transitional//EN"
    "http://www.w3.org/TR/xhtml1/DTD/xhtml1-transitional.dtd">
<html xmlns="http://www.w3.org/1999/xhtml" xml:lang="en" lang="en">
 <head>
  <title>
</title>
<meta http-equiv="Content-Type" content="text/html;charset=utf-8" />
  <meta name='ocr-system' content='tesseract 3.04.00' />
  <meta name='ocr-capabilities' content='ocr_page ocr_carea ocr_par ocr_line ocrx_word'/>
</head>
<body>
  <div class='ocr_page' id='page_1' title='image "./petriablardiope01despgoog_0015.png"; bbox 0 0 4590 6106; ppageno 0'>
   <div class='ocr_carea' id='block_1_1' title="bbox 1171 659 1356 729">
    <p class='ocr_par' dir='ltr' id='par_1_1' title="bbox 1171 659 1356 729">
     <span class='ocr_line' id='line_1_1' title="bbox 1171 659 1356 729; baseline 0.011 -17"><span class='ocrx_word' id='word_1_1' title='bbox 1171 659 1356 729; x_wconf 63' lang='lat' dir='ltr'><strong>...pp-</strong></span> 
     </span>
    </p>
   </div>
   <div class='ocr_carea' id='block_1_2' title="bbox 470 836 2056 2606">
    <p class='ocr_par' dir='ltr' id='par_1_2' title="bbox 470 836 2056 2606">
     <span class='ocr_line' id='line_1_2' title="bbox 474 836 2055 951; baseline -0.004 -31"><span class='ocrx_word' id='word_1_2' title='bbox 474 841 695 941; x_wconf 88' lang='lat' dir='ltr'><strong>devinctas;</strong></span> <span class='ocrx_word' id='word_1_3' title='bbox 724 857 985 950; x_wconf 71' lang='lat' dir='ltr'><strong>praeterquam</strong></span> <span class='ocrx_word' id='word_1_4' title='bbox 1015 839 1125 951; x_wconf 92' lang='lat' dir='ltr'><strong>quod</strong></span> <span class='ocrx_word' id='word_1_5' title='bbox 1151 871 1234 923; x_wconf 89' lang='lat' dir='ltr'><strong>non</strong></span> <span class='ocrx_word' id='word_1_6' title='bbox 1261 845 1315 925; x_wconf 91' lang='lat' dir='ltr'><strong>ita</strong></span> <span class='ocrx_word' id='word_1_7' title='bbox 1341 842 1455 923; x_wconf 82' lang='lat' dir='ltr'><strong>facilc</strong></span> <span class='ocrx_word' id='word_1_8' title='bbox 1482 843 1532 922; x_wconf 91' lang='lat' dir='ltr'><strong>sit</strong></span> <span class='ocrx_word' id='word_1_9' title='bbox 1558 841 1649 920; x_wconf 89' lang='lat' dir='ltr'><strong>satis</strong></span> <span class='ocrx_word' id='word_1_10' title='bbox 1671 836 1863 918; x_wconf 83' lang='lat' dir='ltr'><strong>affirmate</strong></span> <span class='ocrx_word' id='word_1_11' title='bbox 1887 843 2055 915; x_wconf 82' lang='lat' dir='ltr'><strong>statuere</strong></span> 
     </span>
     <span class='ocr_line' id='line_1_3' title="bbox 474 987 2056 1105; baseline -0.006 -33"><span class='ocrx_word' id='word_1_12' title='bbox 474 1022 556 1102; x_wconf 93' lang='lat' dir='ltr'><strong>quo</strong></span> <span class='ocrx_word' id='word_1_13' title='bbox 576 1012 753 1102; x_wconf 90' lang='lat' dir='ltr'><strong>tempore</strong></span> <span class='ocrx_word' id='word_1_14' title='bbox 772 1021 894 1102; x_wconf 88' lang='lat' dir='ltr'><strong>opera</strong></span> <span class='ocrx_word' id='word_1_15' title='bbox 912 992 1092 1101; x_wconf 87' lang='lat' dir='ltr'><strong>quaedam</strong></span> <span class='ocrx_word' id='word_1_16' title='bbox 1111 997 1327 1105; x_wconf 88' lang='lat' dir='ltr'><strong>composita</strong></span> <span class='ocrx_word' id='word_1_17' title='bbox 1350 995 1512 1077; x_wconf 88' lang='lat' dir='ltr'><strong>luerint.</strong></span> <span class='ocrx_word' id='word_1_18' title='bbox 1532 993 1607 1072; x_wconf 83' lang='lat' dir='ltr'><strong>via</strong></span> <span class='ocrx_word' id='word_1_19' title='bbox 1625 991 1745 1098; x_wconf 86' lang='lat' dir='ltr'><strong>igitur</strong></span> <span class='ocrx_word' id='word_1_20' title='bbox 1767 988 1843 1069; x_wconf 90' lang='lat' dir='ltr'><strong>alia</strong></span> <span class='ocrx_word' id='word_1_21' title='bbox 1869 1003 1908 1066; x_wconf 89' lang='lat' dir='ltr'><strong>et</strong></span> <span class='ocrx_word' id='word_1_22' title='bbox 1932 987 2056 1065; x_wconf 87' lang='lat' dir='ltr'><strong>tutior</strong></span> 
     </span>
     <span class='ocr_line' id='line_1_4' title="bbox 474 1135 2055 1252; baseline -0.006 -30"><span class='ocrx_word' id='word_1_23' title='bbox 474 1141 711 1250; x_wconf 87' lang='lat' dir='ltr'><strong>inquirenda</strong></span> <span class='ocrx_word' id='word_1_24' title='bbox 734 1161 829 1224; x_wconf 83' lang='lat' dir='ltr'><strong>erat.</strong></span> <span class='ocrx_word' id='word_1_25' title='bbox 856 1142 1020 1223; x_wconf 90' lang='lat' dir='ltr'><strong>Dudum</strong></span> <span class='ocrx_word' id='word_1_26' title='bbox 1042 1161 1172 1225; x_wconf 89' lang='lat' dir='ltr'><strong>autem</strong></span> <span class='ocrx_word' id='word_1_27' title='bbox 1202 1145 1333 1226; x_wconf 90' lang='lat' dir='ltr'><strong>medio</strong></span> <span class='ocrx_word' id='word_1_28' title='bbox 1356 1147 1399 1225; x_wconf 94' lang='lat' dir='ltr'><strong>in</strong></span> <span class='ocrx_word' id='word_1_29' title='bbox 1422 1144 1558 1225; x_wconf 86' lang='lat' dir='ltr'><strong>labore</strong></span> <span class='ocrx_word' id='word_1_30' title='bbox 1577 1144 1658 1252; x_wconf 87' lang='lat' dir='ltr'><strong>jam</strong></span> <span class='ocrx_word' id='word_1_31' title='bbox 1682 1153 1926 1221; x_wconf 78' lang='lat' dir='ltr'><strong>succurreret</strong></span> <span class='ocrx_word' id='word_1_32' title='bbox 1950 1135 2055 1215; x_wconf 88' lang='lat' dir='ltr'><strong>bene</strong></span> 
     </span>
     <span class='ocr_line' id='line_1_5' title="bbox 474 1287 2054 1406; baseline -0.002 -37"><span class='ocrx_word' id='word_1_33' title='bbox 474 1293 594 1372; x_wconf 91' lang='lat' dir='ltr'><strong>multa</strong></span> <span class='ocrx_word' id='word_1_34' title='bbox 630 1295 774 1402; x_wconf 90' lang='lat' dir='ltr'><strong>scripta</strong></span> <span class='ocrx_word' id='word_1_35' title='bbox 809 1293 1029 1394; x_wconf 83' lang='lat' dir='ltr'><strong>Abaelardi‚</strong></span> <span class='ocrx_word' id='word_1_36' title='bbox 1064 1297 1224 1378; x_wconf 87' lang='lat' dir='ltr'><strong>materia</strong></span> <span class='ocrx_word' id='word_1_37' title='bbox 1254 1316 1322 1377; x_wconf 93' lang='lat' dir='ltr'><strong>aut</strong></span> <span class='ocrx_word' id='word_1_38' title='bbox 1353 1314 1531 1406; x_wconf 87' lang='lat' dir='ltr'><strong>tempore</strong></span> <span class='ocrx_word' id='word_1_39' title='bbox 1568 1292 1854 1402; x_wconf 83' lang='lat' dir='ltr'><strong>discrepantia,</strong></span> <span class='ocrx_word' id='word_1_40' title='bbox 1878 1287 1962 1378; x_wconf 18' lang='lat' dir='ltr'><strong>*illo</strong></span> <span class='ocrx_word' id='word_1_41' title='bbox 1997 1303 2054 1366; x_wconf 91' lang='lat' dir='ltr'><strong>ta·</strong></span> 
     </span>
     <span class='ocr_line' id='line_1_6' title="bbox 474 1437 2055 1554; baseline -0.003 -32"><span class='ocrx_word' id='word_1_42' title='bbox 474 1473 564 1523; x_wconf 86' lang='lat' dir='ltr'><strong>rnen</strong></span> <span class='ocrx_word' id='word_1_43' title='bbox 599 1442 760 1524; x_wconf 87' lang='lat' dir='ltr'><strong>vinculo</strong></span> <span class='ocrx_word' id='word_1_44' title='bbox 796 1446 985 1554; x_wconf 87' lang='lat' dir='ltr'><strong>conjungi</strong></span> <span class='ocrx_word' id='word_1_45' title='bbox 1020 1444 1131 1554; x_wconf 91' lang='lat' dir='ltr'><strong>quod</strong></span> <span class='ocrx_word' id='word_1_46' title='bbox 1167 1445 1218 1526; x_wconf 94' lang='lat' dir='ltr'><strong>ad</strong></span> <span class='ocrx_word' id='word_1_47' title='bbox 1252 1447 1468 1528; x_wconf 88' lang='lat' dir='ltr'><strong>Heloissam</strong></span> <span class='ocrx_word' id='word_1_48' title='bbox 1506 1462 1646 1526; x_wconf 82' lang='lat' dir='ltr'><strong>cuncta</strong></span> <span class='ocrx_word' id='word_1_49' title='bbox 1682 1443 1918 1553; x_wconf 88' lang='lat' dir='ltr'><strong>pertineant.</strong></span> <span class='ocrx_word' id='word_1_50' title='bbox 1957 1437 2055 1518; x_wconf 89' lang='lat' dir='ltr'><strong>lnde</strong></span> 
     </span>
     <span class='ocr_line' id='line_1_7' title="bbox 474 1591 2055 1705; baseline -0.004 -33"><span class='ocrx_word' id='word_1_51' title='bbox 474 1592 683 1700; x_wconf 83' lang='lat' dir='ltr'><strong>peculiaris</strong></span> <span class='ocrx_word' id='word_1_52' title='bbox 720 1591 900 1700; x_wconf 75' lang='lat' dir='ltr'><strong>quaedam</strong></span> <span class='ocrx_word' id='word_1_53' title='bbox 940 1597 1058 1678; x_wconf 88' lang='lat' dir='ltr'><strong>series</strong></span> <span class='ocrx_word' id='word_1_54' title='bbox 1097 1624 1286 1705; x_wconf 88' lang='lat' dir='ltr'><strong>operum,</strong></span> <span class='ocrx_word' id='word_1_55' title='bbox 1328 1596 1399 1676; x_wconf 86' lang='lat' dir='ltr'><strong>ubi</strong></span> <span class='ocrx_word' id='word_1_56' title='bbox 1442 1595 1611 1676; x_wconf 85' lang='lat' dir='ltr'><strong>vicissim</strong></span> <span class='ocrx_word' id='word_1_57' title='bbox 1646 1591 1812 1674; x_wconf 86' lang='lat' dir='ltr'><strong>allectus</strong></span> <span class='ocrx_word' id='word_1_58' title='bbox 1847 1605 2055 1670; x_wconf 86' lang='lat' dir='ltr'><strong>moventur</strong></span> 
     </span>
     <span class='ocr_line' id='line_1_8' title="bbox 475 1737 2054 1854; baseline -0.001 -34"><span class='ocrx_word' id='word_1_59' title='bbox 475 1769 593 1846; x_wconf 91' lang='lat' dir='ltr'><strong>quam</strong></span> <span class='ocrx_word' id='word_1_60' title='bbox 629 1743 832 1821; x_wconf 88' lang='lat' dir='ltr'><strong>tenerrimi</strong></span> <span class='ocrx_word' id='word_1_61' title='bbox 861 1759 900 1823; x_wconf 87' lang='lat' dir='ltr'><strong>et</strong></span> <span class='ocrx_word' id='word_1_62' title='bbox 929 1745 1166 1853; x_wconf 83' lang='lat' dir='ltr'><strong>quaestiones</strong></span> <span class='ocrx_word' id='word_1_63' title='bbox 1202 1745 1433 1854; x_wconf 79' lang='lat' dir='ltr'><strong>theologicae</strong></span> <span class='ocrx_word' id='word_1_64' title='bbox 1464 1760 1682 1824; x_wconf 89' lang='lat' dir='ltr'><strong>tractantur</strong></span> <span class='ocrx_word' id='word_1_65' title='bbox 1711 1738 1844 1822; x_wconf 84' lang='lat' dir='ltr'><strong>arduae</strong></span> <span class='ocrx_word' id='word_1_66' title='bbox 1882 1754 1921 1818; x_wconf 87' lang='lat' dir='ltr'><strong>ct</strong></span> <span class='ocrx_word' id='word_1_67' title='bbox 1960 1737 2054 1818; x_wconf 89' lang='lat' dir='ltr'><strong>sub-</strong></span> 
     </span>
     <span class='ocr_line' id='line_1_9' title="bbox 475 1889 2055 2009; baseline -0.004 -34"><span class='ocrx_word' id='word_1_68' title='bbox 475 1896 580 1994; x_wconf 90' lang='lat' dir='ltr'><strong>tiles,</strong></span> <span class='ocrx_word' id='word_1_69' title='bbox 611 1914 650 1975; x_wconf 90' lang='lat' dir='ltr'><strong>et</strong></span> <span class='ocrx_word' id='word_1_70' title='bbox 681 1896 943 1977; x_wconf 85' lang='lat' dir='ltr'><strong>diversissima</strong></span> <span class='ocrx_word' id='word_1_71' title='bbox 977 1899 1063 2004; x_wconf 76' lang='lat' dir='ltr'><strong>illa,</strong></span> <span class='ocrx_word' id='word_1_72' title='bbox 1100 1897 1241 1980; x_wconf 87' lang='lat' dir='ltr'><strong>eodem</strong></span> <span class='ocrx_word' id='word_1_73' title='bbox 1272 1901 1461 2009; x_wconf 89' lang='lat' dir='ltr'><strong>inscripta</strong></span> <span class='ocrx_word' id='word_1_74' title='bbox 1488 1899 1674 1996; x_wconf 89' lang='lat' dir='ltr'><strong>nomine,</strong></span> <span class='ocrx_word' id='word_1_75' title='bbox 1699 1896 1755 1975; x_wconf 93' lang='lat' dir='ltr'><strong>sic</strong></span> <span class='ocrx_word' id='word_1_76' title='bbox 1780 1895 1823 1973; x_wconf 91' lang='lat' dir='ltr'><strong>in</strong></span> <span class='ocrx_word' id='word_1_77' title='bbox 1843 1889 2055 2000; x_wconf 90' lang='lat' dir='ltr'><strong>quamdam</strong></span> 
     </span>
     <span class='ocr_line' id='line_1_10' title="bbox 473 2042 2053 2159; baseline -0.002 -36"><span class='ocrx_word' id='word_1_78' title='bbox 473 2047 664 2126; x_wconf 84' lang='lat' dir='ltr'><strong>unitatem</strong></span> <span class='ocrx_word' id='word_1_79' title='bbox 686 2047 923 2128; x_wconf 87' lang='lat' dir='ltr'><strong>coalescunt.</strong></span> <span class='ocrx_word' id='word_1_80' title='bbox 939 2047 1071 2149; x_wconf 85' lang='lat' dir='ltr'><strong>Quem</strong></span> <span class='ocrx_word' id='word_1_81' title='bbox 1088 2047 1286 2148; x_wconf 85' lang='lat' dir='ltr'><strong>ordinem,</strong></span> <span class='ocrx_word' id='word_1_82' title='bbox 1302 2077 1428 2159; x_wconf 92' lang='lat' dir='ltr'><strong>quum</strong></span> <span class='ocrx_word' id='word_1_83' title='bbox 1445 2050 1531 2159; x_wconf 90' lang='lat' dir='ltr'><strong>ipse</strong></span> <span class='ocrx_word' id='word_1_84' title='bbox 1545 2047 1642 2127; x_wconf 90' lang='lat' dir='ltr'><strong>mihi</strong></span> <span class='ocrx_word' id='word_1_85' title='bbox 1661 2044 1774 2154; x_wconf 91' lang='lat' dir='ltr'><strong>quasi</strong></span> <span class='ocrx_word' id='word_1_86' title='bbox 1792 2043 1950 2124; x_wconf 87' lang='lat' dir='ltr'><strong>obviam</strong></span> <span class='ocrx_word' id='word_1_87' title='bbox 1964 2042 2053 2139; x_wconf 88' lang='lat' dir='ltr'><strong>iret,</strong></span> 
     </span>
     <span class='ocr_line' id='line_1_11' title="bbox 472 2189 2054 2306; baseline -0.003 -33"><span class='ocrx_word' id='word_1_88' title='bbox 472 2223 555 2274; x_wconf 93' lang='lat' dir='ltr'><strong>non</strong></span> <span class='ocrx_word' id='word_1_89' title='bbox 591 2194 883 2305; x_wconf 86' lang='lat' dir='ltr'><strong>repudiandum</strong></span> <span class='ocrx_word' id='word_1_90' title='bbox 918 2199 1084 2306; x_wconf 89' lang='lat' dir='ltr'><strong>putavi,</strong></span> <span class='ocrx_word' id='word_1_91' title='bbox 1115 2216 1155 2279; x_wconf 89' lang='lat' dir='ltr'><strong>ct</strong></span> <span class='ocrx_word' id='word_1_92' title='bbox 1186 2197 1409 2279; x_wconf 89' lang='lat' dir='ltr'><strong>istiusmodi</strong></span> <span class='ocrx_word' id='word_1_93' title='bbox 1442 2196 1632 2306; x_wconf 80' lang='lat' dir='ltr'><strong>scriptia,</strong></span> <span class='ocrx_word' id='word_1_94' title='bbox 1669 2192 1931 2303; x_wconf 89' lang='lat' dir='ltr'><strong>pauculisque</strong></span> <span class='ocrx_word' id='word_1_95' title='bbox 1968 2189 2054 2269; x_wconf 88' lang='lat' dir='ltr'><strong>aliis</strong></span> 
     </span>
     <span class='ocr_line' id='line_1_12' title="bbox 470 2339 2054 2459; baseline -0.004 -34"><span class='ocrx_word' id='word_1_96' title='bbox 470 2347 690 2453; x_wconf 86' lang='lat' dir='ltr'><strong>argumenti</strong></span> <span class='ocrx_word' id='word_1_97' title='bbox 714 2374 798 2426; x_wconf 91' lang='lat' dir='ltr'><strong>non</strong></span> <span class='ocrx_word' id='word_1_98' title='bbox 817 2344 1036 2447; x_wconf 90' lang='lat' dir='ltr'><strong>dissimilis,</strong></span> <span class='ocrx_word' id='word_1_99' title='bbox 1056 2349 1251 2457; x_wconf 85' lang='lat' dir='ltr'><strong>complevi</strong></span> <span class='ocrx_word' id='word_1_100' title='bbox 1269 2349 1346 2430; x_wconf 92' lang='lat' dir='ltr'><strong>hoc</strong></span> <span class='ocrx_word' id='word_1_101' title='bbox 1363 2349 1476 2459; x_wconf 89' lang='lat' dir='ltr'><strong>prius</strong></span> <span class='ocrx_word' id='word_1_102' title='bbox 1491 2346 1690 2429; x_wconf 88' lang='lat' dir='ltr'><strong>volumen.</strong></span> <span class='ocrx_word' id='word_1_103' title='bbox 1708 2343 1867 2444; x_wconf 88' lang='lat' dir='ltr'><strong>Quibus</strong></span> <span class='ocrx_word' id='word_1_104' title='bbox 1891 2339 2054 2420; x_wconf 89' lang='lat' dir='ltr'><strong>sublatis</strong></span> 
     </span>
     <span class='ocr_line' id='line_1_13' title="bbox 470 2491 2053 2606; baseline -0.003 -32"><span class='ocrx_word' id='word_1_105' title='bbox 470 2516 509 2575; x_wconf 91' lang='lat' dir='ltr'><strong>et</strong></span> <span class='ocrx_word' id='word_1_106' title='bbox 537 2524 713 2576; x_wconf 90' lang='lat' dir='ltr'><strong>seorsum</strong></span> <span class='ocrx_word' id='word_1_107' title='bbox 737 2497 897 2604; x_wconf 91' lang='lat' dir='ltr'><strong>positis,</strong></span> <span class='ocrx_word' id='word_1_108' title='bbox 919 2497 1001 2606; x_wconf 87' lang='lat' dir='ltr'><strong>jam</strong></span> <span class='ocrx_word' id='word_1_109' title='bbox 1029 2525 1074 2579; x_wconf 89' lang='lat' dir='ltr'><strong>ea</strong></span> <span class='ocrx_word' id='word_1_110' title='bbox 1098 2516 1251 2578; x_wconf 88' lang='lat' dir='ltr'><strong>tantum</strong></span> <span class='ocrx_word' id='word_1_111' title='bbox 1277 2499 1320 2578; x_wconf 91' lang='lat' dir='ltr'><strong>in</strong></span> <span class='ocrx_word' id='word_1_112' title='bbox 1346 2498 1530 2579; x_wconf 92' lang='lat' dir='ltr'><strong>manibus</strong></span> <span class='ocrx_word' id='word_1_113' title='bbox 1550 2512 1662 2576; x_wconf 87' lang='lat' dir='ltr'><strong>erant</strong></span> <span class='ocrx_word' id='word_1_114' title='bbox 1679 2520 1802 2604; x_wconf 89' lang='lat' dir='ltr'><strong>opera</strong></span> <span class='ocrx_word' id='word_1_115' title='bbox 1832 2491 2053 2599; x_wconf 82' lang='lat' dir='ltr'><strong>theologica</strong></span> 
     </span>
    </p>
   </div>
   <div class='ocr_carea' id='block_1_3' title="bbox 470 2633 2052 2757">
    <p class='ocr_par' dir='ltr' id='par_1_3' title="bbox 470 2633 2052 2757">
     <span class='ocr_line' id='line_1_14' title="bbox 470 2633 2052 2757; baseline -0.003 -30"><span class='ocrx_word' id='word_1_116' title='bbox 470 2675 559 2754; x_wconf 86' lang='lat' dir='ltr'><strong>quae</strong></span> <span class='ocrx_word' id='word_1_117' title='bbox 572 2647 746 2755; x_wconf 91' lang='lat' dir='ltr'><strong>primum</strong></span> <span class='ocrx_word' id='word_1_118' title='bbox 765 2647 809 2724; x_wconf 93' lang='lat' dir='ltr'><strong>in</strong></span> <span class='ocrx_word' id='word_1_119' title='bbox 823 2647 1059 2746; x_wconf 89' lang='lat' dir='ltr'><strong>Senonensi‚</strong></span> <span class='ocrx_word' id='word_1_120' title='bbox 1080 2665 1217 2757; x_wconf 86' lang='lat' dir='ltr'><strong>postca</strong></span> <span class='ocrx_word' id='word_1_121' title='bbox 1234 2637 1278 2728; x_wconf 87' lang='lat' dir='ltr'><strong>iu</strong></span> <span class='ocrx_word' id='word_1_122' title='bbox 1292 2633 1561 2730; x_wconf 78' lang='lat' dir='ltr'><strong>suessionensi</strong></span> <span class='ocrx_word' id='word_1_123' title='bbox 1581 2645 1752 2726; x_wconf 90' lang='lat' dir='ltr'><strong>concilio</strong></span> <span class='ocrx_word' id='word_1_124' title='bbox 1770 2641 2052 2738; x_wconf 88' lang='lat' dir='ltr'><strong>condemnata,</strong></span> 
     </span>
    </p>
   </div>
   <div class='ocr_carea' id='block_1_4' title="bbox 447 2795 2056 5164">
    <p class='ocr_par' dir='ltr' id='par_1_4' title="bbox 447 2795 2056 5164">
     <span class='ocr_line' id='line_1_15' title="bbox 469 2795 2046 2908; baseline -0.003 -31"><span class='ocrx_word' id='word_1_125' title='bbox 469 2816 507 2877; x_wconf 90' lang='lat' dir='ltr'><strong>et</strong></span> <span class='ocrx_word' id='word_1_126' title='bbox 534 2798 769 2878; x_wconf 80' lang='lat' dir='ltr'><strong>fulminibus</strong></span> <span class='ocrx_word' id='word_1_127' title='bbox 795 2795 876 2876; x_wconf 89' lang='lat' dir='ltr'><strong>divi</strong></span> <span class='ocrx_word' id='word_1_128' title='bbox 903 2797 1092 2878; x_wconf 89' lang='lat' dir='ltr'><strong>Bernardi</strong></span> <span class='ocrx_word' id='word_1_129' title='bbox 1111 2801 1290 2906; x_wconf 86' lang='lat' dir='ltr'><strong>perculsa</strong></span> <span class='ocrx_word' id='word_1_130' title='bbox 1309 2817 1348 2880; x_wconf 90' lang='lat' dir='ltr'><strong>et</strong></span> <span class='ocrx_word' id='word_1_131' title='bbox 1366 2801 1479 2908; x_wconf 89' lang='lat' dir='ltr'><strong>quasi</strong></span> <span class='ocrx_word' id='word_1_132' title='bbox 1505 2798 1670 2895; x_wconf 83' lang='lat' dir='ltr'><strong>obruta,</strong></span> <span class='ocrx_word' id='word_1_133' title='bbox 1697 2796 1873 2877; x_wconf 87' lang='lat' dir='ltr'><strong>restitere</strong></span> <span class='ocrx_word' id='word_1_134' title='bbox 1900 2812 2046 2893; x_wconf 65' lang='lat' dir='ltr'><strong>umen,</strong></span> 
     </span>
     <span class='ocr_line' id='line_1_16' title="bbox 467 2947 2051 3057; baseline -0.001 -30"><span class='ocrx_word' id='word_1_135' title='bbox 467 2968 505 3027; x_wconf 86' lang='lat' dir='ltr'><strong>et</strong></span> <span class='ocrx_word' id='word_1_136' title='bbox 533 2951 706 3030; x_wconf 88' lang='lat' dir='ltr'><strong>novitate</strong></span> <span class='ocrx_word' id='word_1_137' title='bbox 729 2947 906 3029; x_wconf 89' lang='lat' dir='ltr'><strong>methodi</strong></span> <span class='ocrx_word' id='word_1_138' title='bbox 937 2947 1180 3057; x_wconf 84' lang='lat' dir='ltr'><strong>audaciaque</strong></span> <span class='ocrx_word' id='word_1_139' title='bbox 1207 2953 1488 3033; x_wconf 84' lang='lat' dir='ltr'><strong>sententiarum</strong></span> <span class='ocrx_word' id='word_1_140' title='bbox 1517 2977 1600 3032; x_wconf 90' lang='lat' dir='ltr'><strong>rem</strong></span> <span class='ocrx_word' id='word_1_141' title='bbox 1626 2948 1893 3030; x_wconf 89' lang='lat' dir='ltr'><strong>scholasticam</strong></span> <span class='ocrx_word' id='word_1_142' title='bbox 1919 2973 2051 3026; x_wconf 88' lang='lat' dir='ltr'><strong>move-</strong></span> 
     </span>
     <span class='ocr_line' id='line_1_17' title="bbox 467 3085 2052 3206; baseline -0.001 -32"><span class='ocrx_word' id='word_1_143' title='bbox 467 3113 561 3175; x_wconf 88' lang='lat' dir='ltr'><strong>runt</strong></span> <span class='ocrx_word' id='word_1_144' title='bbox 586 3085 973 3204; x_wconf 87' lang='lat' dir='ltr'><strong>promoveruntque,</strong></span> <span class='ocrx_word' id='word_1_145' title='bbox 993 3114 1033 3175; x_wconf 90' lang='lat' dir='ltr'><strong>ct</strong></span> <span class='ocrx_word' id='word_1_146' title='bbox 1059 3097 1231 3206; x_wconf 90' lang='lat' dir='ltr'><strong>proinde</strong></span> <span class='ocrx_word' id='word_1_147' title='bbox 1260 3100 1426 3179; x_wconf 89' lang='lat' dir='ltr'><strong>omnino</strong></span> <span class='ocrx_word' id='word_1_148' title='bbox 1449 3095 1570 3206; x_wconf 86' lang='lat' dir='ltr'><strong>digna</strong></span> <span class='ocrx_word' id='word_1_149' title='bbox 1594 3113 1687 3178; x_wconf 90' lang='lat' dir='ltr'><strong>sunt</strong></span> <span class='ocrx_word' id='word_1_150' title='bbox 1709 3122 1799 3204; x_wconf 90' lang='lat' dir='ltr'><strong>quae</strong></span> <span class='ocrx_word' id='word_1_151' title='bbox 1823 3094 2052 3204; x_wconf 91' lang='lat' dir='ltr'><strong>philosophi</strong></span> 
     </span>
     <span class='ocr_line' id='line_1_18' title="bbox 468 3243 2048 3356; baseline 0 -32"><span class='ocrx_word' id='word_1_152' title='bbox 468 3246 583 3324; x_wconf 90' lang='lat' dir='ltr'><strong>simul</strong></span> <span class='ocrx_word' id='word_1_153' title='bbox 620 3263 659 3324; x_wconf 93' lang='lat' dir='ltr'><strong>et</strong></span> <span class='ocrx_word' id='word_1_154' title='bbox 697 3247 873 3325; x_wconf 90' lang='lat' dir='ltr'><strong>historici</strong></span> <span class='ocrx_word' id='word_1_155' title='bbox 904 3262 1051 3327; x_wconf 88' lang='lat' dir='ltr'><strong>attente</strong></span> <span class='ocrx_word' id='word_1_156' title='bbox 1086 3267 1397 3356; x_wconf 88' lang='lat' dir='ltr'><strong>perscrutentur.</strong></span> <span class='ocrx_word' id='word_1_157' title='bbox 1434 3251 1491 3329; x_wconf 89' lang='lat' dir='ltr'><strong>Ea</strong></span> <span class='ocrx_word' id='word_1_158' title='bbox 1525 3265 1677 3347; x_wconf 87' lang='lat' dir='ltr'><strong>autem,</strong></span> <span class='ocrx_word' id='word_1_159' title='bbox 1716 3275 1799 3327; x_wconf 91' lang='lat' dir='ltr'><strong>uno</strong></span> <span class='ocrx_word' id='word_1_160' title='bbox 1835 3263 1875 3328; x_wconf 89' lang='lat' dir='ltr'><strong>et</strong></span> <span class='ocrx_word' id='word_1_161' title='bbox 1907 3243 2048 3326; x_wconf 90' lang='lat' dir='ltr'><strong>eodem</strong></span> 
     </span>
     <span class='ocr_line' id='line_1_19' title="bbox 469 3392 2052 3510; baseline 0 -36"><span class='ocrx_word' id='word_1_162' title='bbox 469 3399 590 3475; x_wconf 90' lang='lat' dir='ltr'><strong>tincta</strong></span> <span class='ocrx_word' id='word_1_163' title='bbox 627 3395 781 3492; x_wconf 89' lang='lat' dir='ltr'><strong>colore,</strong></span> <span class='ocrx_word' id='word_1_164' title='bbox 819 3392 871 3474; x_wconf 89' lang='lat' dir='ltr'><strong>ad</strong></span> <span class='ocrx_word' id='word_1_165' title='bbox 904 3396 1071 3478; x_wconf 86' lang='lat' dir='ltr'><strong>alterum</strong></span> <span class='ocrx_word' id='word_1_166' title='bbox 1097 3413 1136 3478; x_wconf 90' lang='lat' dir='ltr'><strong>et</strong></span> <span class='ocrx_word' id='word_1_167' title='bbox 1160 3401 1356 3510; x_wconf 88' lang='lat' dir='ltr'><strong>posterius</strong></span> <span class='ocrx_word' id='word_1_168' title='bbox 1381 3401 1568 3482; x_wconf 87' lang='lat' dir='ltr'><strong>volumen</strong></span> <span class='ocrx_word' id='word_1_169' title='bbox 1591 3417 1699 3481; x_wconf 86' lang='lat' dir='ltr'><strong>certo</strong></span> <span class='ocrx_word' id='word_1_170' title='bbox 1724 3397 1888 3479; x_wconf 86' lang='lat' dir='ltr'><strong>luerunt</strong></span> <span class='ocrx_word' id='word_1_171' title='bbox 1918 3394 2052 3476; x_wconf 88' lang='lat' dir='ltr'><strong>remit-</strong></span> 
     </span>
     <span class='ocr_line' id='line_1_20' title="bbox 469 3546 600 3627; baseline -0.008 -1"><span class='ocrx_word' id='word_1_172' title='bbox 469 3546 600 3627; x_wconf 89' lang='lat' dir='ltr'><strong>tenda.</strong></span> 
     </span>
     <span class='ocr_line' id='line_1_21' title="bbox 521 3695 2051 3817; baseline 0.002 -42"><span class='ocrx_word' id='word_1_173' title='bbox 521 3698 639 3776; x_wconf 91' lang='lat' dir='ltr'><strong>Nunc</strong></span> <span class='ocrx_word' id='word_1_174' title='bbox 653 3725 769 3797; x_wconf 86' lang='lat' dir='ltr'><strong>vero,</strong></span> <span class='ocrx_word' id='word_1_175' title='bbox 789 3699 822 3778; x_wconf 83' lang='lat' dir='ltr'><strong>ei</strong></span> <span class='ocrx_word' id='word_1_176' title='bbox 844 3703 1126 3784; x_wconf 85' lang='lat' dir='ltr'><strong>accuratiorem</strong></span> <span class='ocrx_word' id='word_1_177' title='bbox 1147 3733 1171 3787; x_wconf 88' lang='lat' dir='ltr'><strong>a</strong></span> <span class='ocrx_word' id='word_1_178' title='bbox 1190 3732 1253 3786; x_wconf 88' lang='lat' dir='ltr'><strong>me</strong></span> <span class='ocrx_word' id='word_1_179' title='bbox 1272 3708 1403 3816; x_wconf 80' lang='lat' dir='ltr'><strong>exiges</strong></span> <span class='ocrx_word' id='word_1_180' title='bbox 1420 3707 1539 3817; x_wconf 88' lang='lat' dir='ltr'><strong>hujus</strong></span> <span class='ocrx_word' id='word_1_181' title='bbox 1552 3704 1738 3788; x_wconf 87' lang='lat' dir='ltr'><strong>editionis</strong></span> <span class='ocrx_word' id='word_1_182' title='bbox 1754 3701 1972 3797; x_wconf 85' lang='lat' dir='ltr'><strong>rationem,</strong></span> <span class='ocrx_word' id='word_1_183' title='bbox 1991 3695 2051 3778; x_wconf 93' lang='lat' dir='ltr'><strong>di-</strong></span> 
     </span>
     <span class='ocr_line' id='line_1_22' title="bbox 447 3845 2052 3965; baseline -0.001 -40"><span class='ocrx_word' id='word_1_184' title='bbox 447 3874 559 3960; x_wconf 43' lang='lat' dir='ltr'><strong>xcam</strong></span> <span class='ocrx_word' id='word_1_185' title='bbox 581 3874 671 3954; x_wconf 88' lang='lat' dir='ltr'><strong>quac</strong></span> <span class='ocrx_word' id='word_1_186' title='bbox 696 3847 850 3956; x_wconf 82' lang='lat' dir='ltr'><strong>singula</strong></span> <span class='ocrx_word' id='word_1_187' title='bbox 866 3847 1080 3932; x_wconf 87' lang='lat' dir='ltr'><strong>ordinatim</strong></span> <span class='ocrx_word' id='word_1_188' title='bbox 1108 3854 1152 3934; x_wconf 93' lang='lat' dir='ltr'><strong>in</strong></span> <span class='ocrx_word' id='word_1_189' title='bbox 1170 3854 1247 3936; x_wconf 93' lang='lat' dir='ltr'><strong>hoo</strong></span> <span class='ocrx_word' id='word_1_190' title='bbox 1264 3857 1392 3965; x_wconf 90' lang='lat' dir='ltr'><strong>priori</strong></span> <span class='ocrx_word' id='word_1_191' title='bbox 1421 3856 1623 3938; x_wconf 85' lang='lat' dir='ltr'><strong>volumine</strong></span> <span class='ocrx_word' id='word_1_192' title='bbox 1644 3853 1900 3954; x_wconf 73' lang='lat' dir='ltr'><strong>afferuntur:</strong></span> <span class='ocrx_word' id='word_1_193' title='bbox 1921 3845 2052 3955; x_wconf 92' lang='lat' dir='ltr'><strong>primo</strong></span> 
     </span>
     <span class='ocr_line' id='line_1_23' title="bbox 472 3993 2056 4115; baseline -0.004 -38"><span class='ocrx_word' id='word_1_194' title='bbox 472 3997 735 4077; x_wconf 75' lang='lat' dir='ltr'><strong>celeberrima</strong></span> <span class='ocrx_word' id='word_1_195' title='bbox 758 3996 834 4077; x_wconf 84' lang='lat' dir='ltr'><strong>illae</strong></span> <span class='ocrx_word' id='word_1_196' title='bbox 847 3999 1061 4080; x_wconf 83' lang='lat' dir='ltr'><strong>Abaelardi</strong></span> <span class='ocrx_word' id='word_1_197' title='bbox 1076 4018 1115 4081; x_wconf 88' lang='lat' dir='ltr'><strong>et</strong></span> <span class='ocrx_word' id='word_1_198' title='bbox 1128 4003 1325 4086; x_wconf 80' lang='lat' dir='ltr'><strong>Heloissae</strong></span> <span class='ocrx_word' id='word_1_199' title='bbox 1345 4005 1543 4115; x_wconf 73' lang='lat' dir='ltr'><strong>Epistola</strong></span> <span class='ocrx_word' id='word_1_200' title='bbox 1551 4035 1570 4102; x_wconf 89' lang='lat'><em>;</em></span> <span class='ocrx_word' id='word_1_201' title='bbox 1588 3999 1762 4086; x_wconf 87' lang='lat' dir='ltr'><strong>secundo</strong></span> <span class='ocrx_word' id='word_1_202' title='bbox 1787 3993 1977 4106; x_wconf 81' lang='lat' dir='ltr'><strong>Epistola</strong></span> <span class='ocrx_word' id='word_1_203' title='bbox 1998 3993 2056 4071; x_wconf 86' lang='lat' dir='ltr'><strong>ad</strong></span> 
     </span>
     <span class='ocr_line' id='line_1_24' title="bbox 474 4149 2052 4266; baseline -0.004 -36"><span class='ocrx_word' id='word_1_204' title='bbox 474 4150 660 4258; x_wconf 78' lang='lat' dir='ltr'><strong>Virgines</strong></span> <span class='ocrx_word' id='word_1_205' title='bbox 695 4149 991 4233; x_wconf 82' lang='lat' dir='ltr'><strong>Paracliteases</strong></span> <span class='ocrx_word' id='word_1_206' title='bbox 1015 4153 1064 4234; x_wconf 80' lang='lat' dir='ltr'><strong>da</strong></span> <span class='ocrx_word' id='word_1_207' title='bbox 1089 4155 1224 4235; x_wconf 78' lang='lat' dir='ltr'><strong>stadio</strong></span> <span class='ocrx_word' id='word_1_208' title='bbox 1258 4157 1504 4258; x_wconf 82' lang='lat' dir='ltr'><strong>litterarum,</strong></span> <span class='ocrx_word' id='word_1_209' title='bbox 1535 4185 1624 4266; x_wconf 83' lang='lat' dir='ltr'><strong>quae</strong></span> <span class='ocrx_word' id='word_1_210' title='bbox 1660 4151 1776 4236; x_wconf 88' lang='lat' dir='ltr'><strong>simul</strong></span> <span class='ocrx_word' id='word_1_211' title='bbox 1807 4149 1946 4230; x_wconf 87' lang='lat' dir='ltr'><strong>attinet</strong></span> <span class='ocrx_word' id='word_1_212' title='bbox 1966 4161 2052 4224; x_wconf 90' lang='lat' dir='ltr'><strong>tum</strong></span> 
     </span>
     <span class='ocr_line' id='line_1_25' title="bbox 470 4297 2050 4418; baseline -0.005 -34"><span class='ocrx_word' id='word_1_213' title='bbox 470 4302 520 4384; x_wconf 93' lang='lat' dir='ltr'><strong>ad</strong></span> <span class='ocrx_word' id='word_1_214' title='bbox 537 4301 713 4381; x_wconf 90' lang='lat' dir='ltr'><strong>ultimam</strong></span> <span class='ocrx_word' id='word_1_215' title='bbox 727 4302 993 4411; x_wconf 80' lang='lat' dir='ltr'><strong>Epistularum</strong></span> <span class='ocrx_word' id='word_1_216' title='bbox 1011 4304 1062 4386; x_wconf 89' lang='lat' dir='ltr'><strong>ad</strong></span> <span class='ocrx_word' id='word_1_217' title='bbox 1075 4306 1307 4410; x_wconf 89' lang='lat' dir='ltr'><strong>Heloissam‚</strong></span> <span class='ocrx_word' id='word_1_218' title='bbox 1327 4325 1413 4390; x_wconf 91' lang='lat' dir='ltr'><strong>tum</strong></span> <span class='ocrx_word' id='word_1_219' title='bbox 1431 4308 1542 4392; x_wconf 89' lang='lat' dir='ltr'><strong>adea</strong></span> <span class='ocrx_word' id='word_1_220' title='bbox 1555 4335 1644 4418; x_wconf 80' lang='lat' dir='ltr'><strong>quae</strong></span> <span class='ocrx_word' id='word_1_221' title='bbox 1656 4321 1878 4414; x_wconf 87' lang='lat' dir='ltr'><strong>sequuntur</strong></span> <span class='ocrx_word' id='word_1_222' title='bbox 1892 4297 2050 4410; x_wconf 84' lang='lat' dir='ltr'><strong>proble-</strong></span> 
     </span>
     <span class='ocr_line' id='line_1_26' title="bbox 473 4451 2052 4555; baseline -0.003 -24"><span class='ocrx_word' id='word_1_223' title='bbox 473 4470 594 4551; x_wconf 90' lang='lat' dir='ltr'><strong>mata;</strong></span> <span class='ocrx_word' id='word_1_224' title='bbox 621 4453 738 4533; x_wconf 88' lang='lat' dir='ltr'><strong>tertio</strong></span> <span class='ocrx_word' id='word_1_225' title='bbox 755 4451 1014 4533; x_wconf 78' lang='lat' dir='ltr'><strong>Problemata</strong></span> <span class='ocrx_word' id='word_1_226' title='bbox 1034 4453 1228 4538; x_wconf 83' lang='lat' dir='ltr'><strong>Heloissae</strong></span> <span class='ocrx_word' id='word_1_227' title='bbox 1250 4487 1340 4539; x_wconf 88' lang='lat' dir='ltr'><strong>cam</strong></span> <span class='ocrx_word' id='word_1_228' title='bbox 1363 4459 1625 4540; x_wconf 82' lang='lat' dir='ltr'><strong>solutionibus</strong></span> <span class='ocrx_word' id='word_1_229' title='bbox 1649 4451 1886 4546; x_wconf 73' lang='lat' dir='ltr'><strong>Abalardi;</strong></span> <span class='ocrx_word' id='word_1_230' title='bbox 1909 4461 2052 4555; x_wconf 81' lang='lat' dir='ltr'><strong>quarto</strong></span> 
     </span>
     <span class='ocr_line' id='line_1_27' title="bbox 472 4601 2053 4719; baseline -0.002 -41"><span class='ocrx_word' id='word_1_231' title='bbox 472 4602 629 4706; x_wconf 82' lang='lat' dir='ltr'><strong>Hymni</strong></span> <span class='ocrx_word' id='word_1_232' title='bbox 650 4618 790 4708; x_wconf 83' lang='lat' dir='ltr'><strong>rogatu</strong></span> <span class='ocrx_word' id='word_1_233' title='bbox 811 4601 997 4682; x_wconf 89' lang='lat' dir='ltr'><strong>Heloissae</strong></span> <span class='ocrx_word' id='word_1_234' title='bbox 1024 4619 1064 4683; x_wconf 91' lang='lat' dir='ltr'><strong>et</strong></span> <span class='ocrx_word' id='word_1_235' title='bbox 1090 4603 1133 4684; x_wconf 92' lang='lat' dir='ltr'><strong>in</strong></span> <span class='ocrx_word' id='word_1_236' title='bbox 1162 4634 1278 4688; x_wconf 88' lang='lat' dir='ltr'><strong>usum</strong></span> <span class='ocrx_word' id='word_1_237' title='bbox 1304 4609 1515 4719; x_wconf 78' lang='lat' dir='ltr'><strong>Verginum</strong></span> <span class='ocrx_word' id='word_1_238' title='bbox 1546 4602 1865 4689; x_wconf 86' lang='lat' dir='ltr'><strong>Paraclitensium</strong></span> <span class='ocrx_word' id='word_1_239' title='bbox 1892 4623 2053 4704; x_wconf 85' lang='lat' dir='ltr'><strong>compo-</strong></span> 
     </span>
     <span class='ocr_line' id='line_1_28' title="bbox 473 4748 2053 4865; baseline -0.005 -34"><span class='ocrx_word' id='word_1_240' title='bbox 473 4753 559 4848; x_wconf 90' lang='lat' dir='ltr'><strong>siti;</strong></span> <span class='ocrx_word' id='word_1_241' title='bbox 588 4751 736 4858; x_wconf 89' lang='lat' dir='ltr'><strong>quibus</strong></span> <span class='ocrx_word' id='word_1_242' title='bbox 762 4767 1028 4831; x_wconf 83' lang='lat' dir='ltr'><strong>mmectuntur</strong></span> <span class='ocrx_word' id='word_1_243' title='bbox 1055 4754 1269 4836; x_wconf 78' lang='lat' dir='ltr'><strong>Abalardi</strong></span> <span class='ocrx_word' id='word_1_244' title='bbox 1295 4760 1476 4840; x_wconf 86' lang='lat' dir='ltr'><strong>carmina</strong></span> <span class='ocrx_word' id='word_1_245' title='bbox 1504 4757 1784 4865; x_wconf 89' lang='lat' dir='ltr'><strong>undecumque</strong></span> <span class='ocrx_word' id='word_1_246' title='bbox 1809 4748 1993 4845; x_wconf 81' lang='lat' dir='ltr'><strong>collecta,</strong></span> <span class='ocrx_word' id='word_1_247' title='bbox 2013 4763 2053 4824; x_wconf 90' lang='lat' dir='ltr'><strong>et</strong></span> 
     </span>
     <span class='ocr_line' id='line_1_29' title="bbox 475 4899 2054 5021; baseline -0.003 -41"><span class='ocrx_word' id='word_1_248' title='bbox 475 4903 605 4981; x_wconf 88' lang='lat' dir='ltr'><strong>Prosa</strong></span> <span class='ocrx_word' id='word_1_249' title='bbox 630 4899 680 4981; x_wconf 88' lang='lat' dir='ltr'><strong>dc</strong></span> <span class='ocrx_word' id='word_1_250' title='bbox 710 4903 826 4981; x_wconf 88' lang='lat' dir='ltr'><strong>Beata</strong></span> <span class='ocrx_word' id='word_1_251' title='bbox 856 4903 1021 5010; x_wconf 84' lang='lat' dir='ltr'><strong>Virgine</strong></span> <span class='ocrx_word' id='word_1_252' title='bbox 1051 4905 1117 4984; x_wconf 91' lang='lat' dir='ltr'><strong>hic</strong></span> <span class='ocrx_word' id='word_1_253' title='bbox 1148 4909 1322 5017; x_wconf 91' lang='lat' dir='ltr'><strong>primum</strong></span> <span class='ocrx_word' id='word_1_254' title='bbox 1357 4913 1464 5021; x_wconf 90' lang='lat' dir='ltr'><strong>typis</strong></span> <span class='ocrx_word' id='word_1_255' title='bbox 1492 4910 1697 5009; x_wconf 84' lang='lat' dir='ltr'><strong>mandata3</strong></span> <span class='ocrx_word' id='word_1_256' title='bbox 1724 4906 1868 5014; x_wconf 90' lang='lat' dir='ltr'><strong>quinto</strong></span> <span class='ocrx_word' id='word_1_257' title='bbox 1898 4899 2054 4980; x_wconf 88' lang='lat' dir='ltr'><strong>Sermo·</strong></span> 
     </span>
     <span class='ocr_line' id='line_1_30' title="bbox 471 5050 2053 5164; baseline -0.004 -33"><span class='ocrx_word' id='word_1_258' title='bbox 471 5081 540 5132; x_wconf 86' lang='lat' dir='ltr'><strong>nes</strong></span> <span class='ocrx_word' id='word_1_259' title='bbox 576 5052 791 5160; x_wconf 87' lang='lat' dir='ltr'><strong>conscripti</strong></span> <span class='ocrx_word' id='word_1_260' title='bbox 828 5053 945 5134; x_wconf 87' lang='lat' dir='ltr'><strong>etiam</strong></span> <span class='ocrx_word' id='word_1_261' title='bbox 980 5072 1143 5164; x_wconf 84' lang='lat' dir='ltr'><strong>rogante</strong></span> <span class='ocrx_word' id='word_1_262' title='bbox 1176 5059 1351 5142; x_wconf 87' lang='lat' dir='ltr'><strong>Heloissa</strong></span> <span class='ocrx_word' id='word_1_263' title='bbox 1383 5079 1423 5144; x_wconf 90' lang='lat' dir='ltr'><strong>et</strong></span> <span class='ocrx_word' id='word_1_264' title='bbox 1456 5063 1498 5143; x_wconf 90' lang='lat' dir='ltr'><strong>in</strong></span> <span class='ocrx_word' id='word_1_265' title='bbox 1534 5089 1650 5143; x_wconf 90' lang='lat' dir='ltr'><strong>usum</strong></span> <span class='ocrx_word' id='word_1_266' title='bbox 1680 5052 1907 5139; x_wconf 83' lang='lat' dir='ltr'><strong>monasterii</strong></span> <span class='ocrx_word' id='word_1_267' title='bbox 1939 5050 2053 5129; x_wconf 89' lang='lat' dir='ltr'><strong>Para·</strong></span> 
     </span>
    </p>
   </div>
   <div class='ocr_carea' id='block_1_5' title="bbox 472 5202 2052 5326">
    <p class='ocr_par' dir='ltr' id='par_1_5' title="bbox 472 5202 2052 5326">
     <span class='ocr_line' id='line_1_31' title="bbox 472 5202 2052 5326; baseline 0.003 -40"><span class='ocrx_word' id='word_1_268' title='bbox 472 5204 663 5304; x_wconf 89' lang='lat' dir='ltr'><strong>clitensis,</strong></span> <span class='ocrx_word' id='word_1_269' title='bbox 690 5220 811 5313; x_wconf 90' lang='lat' dir='ltr'><strong>prout</strong></span> <span class='ocrx_word' id='word_1_270' title='bbox 832 5204 911 5288; x_wconf 84' lang='lat' dir='ltr'><strong>sert</strong></span> <span class='ocrx_word' id='word_1_271' title='bbox 931 5209 1131 5318; x_wconf 81' lang='lat' dir='ltr'><strong>praefatio,</strong></span> <span class='ocrx_word' id='word_1_272' title='bbox 1156 5209 1200 5294; x_wconf 94' lang='lat' dir='ltr'><strong>id</strong></span> <span class='ocrx_word' id='word_1_273' title='bbox 1227 5231 1286 5298; x_wconf 85' lang='lat' dir='ltr'><strong>cst</strong></span> <span class='ocrx_word' id='word_1_274' title='bbox 1309 5216 1498 5326; x_wconf 79' lang='lat' dir='ltr'><strong>Epistola</strong></span> <span class='ocrx_word' id='word_1_275' title='bbox 1518 5216 1576 5297; x_wconf 85' lang='lat' dir='ltr'><strong>ad</strong></span> <span class='ocrx_word' id='word_1_276' title='bbox 1601 5213 1851 5306; x_wconf 88' lang='lat' dir='ltr'><strong>Heloissam;</strong></span> <span class='ocrx_word' id='word_1_277' title='bbox 1873 5202 2052 5315; x_wconf 81' lang='lat' dir='ltr'><strong>quamvis</strong></span> 
     </span>
    </p>
   </div>
   <div class='ocr_carea' id='block_1_6' title="bbox 0 0 2300 6101">
    <p class='ocr_par' dir='ltr' id='par_1_6' title="bbox 0 0 2300 6101">
     <span class='ocr_line' id='line_1_32' title="bbox 0 0 2300 6101; baseline 0 0"><span class='ocrx_word' id='word_1_278' title='bbox 0 0 2300 6101; x_wconf 95' lang='lat' dir='ltr'><strong> </strong></span> 
     </span>
    </p>
   </div>
  </div>
 </body>
</html>
