4510 6108
687 550 733 625 tn
756 552 831 622 mn
856 552 1137 646 rennncorns
1161 553 1324 625 sonno.
1729 525 1800 629 tsi

216 706 299 762 ante
317 691 431 762 sancti
452 691 600 790 Spiritus
622 691 817 764 adventum
834 692 990 782 fuerant,
1014 694 1081 764 nisi
1097 694 1279 790 quaedam,
1298 710 1339 781 ut
1356 696 1406 767 ita
1426 695 1562 786 dicam,
1587 696 1683 769 lutea
1703 696 1803 794 figuli

216 835 300 882 vasa
312 811 478 884 nondum
493 812 584 907 ignis
599 813 764 884 coctione
784 812 953 902 solidata,
972 827 1013 884 ut
1029 813 1134 884 alicui
1150 815 1228 886 usui
1247 813 1373 887 fierent
1394 817 1498 915 aptal
1518 821 1601 888 Haec
1616 841 1701 889 vasa
1722 833 1803 890 tan-

215 957 326 1030 quam
343 931 470 1030 figulus
486 948 593 1004 antea
612 932 773 1004 Christus
788 933 835 1005 de
855 948 951 1005 terra
968 933 1222 1030 plasmaverat,
1242 961 1355 1035 quum
1370 962 1432 1008 eos
1453 961 1475 1008 a
1493 951 1636 1010 terrena
1650 937 1804 1010 carnalis

216 1051 340 1151 populi
356 1052 629 1123 conversatione
652 1067 853 1151 assumptos
872 1050 943 1124 fide
959 1053 1185 1125 instruxerat.
1203 1058 1303 1141 Quos
1318 1054 1553 1154 postmodum
1567 1057 1718 1156 Spiritus
1739 1056 1803 1128 ad-

216 1173 362 1244 veniens
378 1171 455 1243 zelo
476 1171 589 1242 divini
610 1173 742 1243 amoris
765 1191 951 1262 accensos,
975 1173 1077 1270 quasi
1098 1173 1265 1270 quaedam
1283 1174 1379 1247 lutea
1400 1189 1435 1246 et
1456 1175 1575 1248 adhuc
1593 1177 1706 1249 cruda
1720 1201 1805 1250 vasa

216 1291 287 1364 hoc
302 1292 383 1388 igne
400 1290 566 1362 solidavit
582 1291 748 1382 etcoxit,
769 1305 809 1362 ut
825 1316 909 1363 cum
925 1291 1057 1364 fiducia
1072 1291 1225 1364 verbum
1248 1295 1314 1365 Dei
1331 1294 1501 1394 deinceps
1523 1295 1657 1394 ubique
1678 1298 1806 1396 praedi·

215 1425 350 1484 carent.
370 1410 475 1482 Unde
492 1410 624 1482 lactum
642 1393 711 1500 est,
735 1425 775 1482 ut
795 1412 870 1510 ipse
887 1412 1134 1511 apostolorum
1149 1414 1333 1512 princeps,
1352 1415 1414 1511 qui
1430 1415 1529 1513 prius
1545 1416 1651 1488 unius
1670 1417 1805 1510 ancillae
1863 1465 1865 1470 ,

215 1555 305 1602 voce
324 1531 480 1618 territus,
505 1530 686 1601 Christum
708 1545 918 1626 negaverat,
943 1557 1010 1604 nec
1032 1532 1142 1606 semel
1163 1533 1220 1626 id,
1247 1533 1310 1605 sed
1332 1549 1386 1605 ter
1406 1550 1697 1632 praesumpserat,
1722 1551 1805 1608 ante

216 1649 352 1746 gladios
368 1651 535 1748 Neronis,
555 1663 590 1720 et
607 1665 765 1722 erectum
783 1650 852 1722 sibi
865 1653 980 1723 crucis
992 1639 1194 1751 patibulum
1208 1654 1246 1724 in
1261 1653 1486 1726 consessione
1501 1669 1537 1725 et
1552 1654 1804 1752 praedicatione

215 1769 346 1840 Christi
361 1767 560 1866 intrepidus
576 1783 696 1840 staret.
714 1773 768 1840 De
783 1768 855 1840 hoc
871 1771 952 1864 igne
971 1771 1189 1860 dilectionis,
1209 1787 1245 1844 et
1265 1772 1411 1844 llannna
1431 1773 1605 1863 caritatis,
1624 1773 1699 1873 ipse
1718 1775 1805 1846 olim

215 1875 488 1960 Filius-dixerat¹
509 1917 517 1959 ε
546 1917 564 1956 u
578 1894 699 1986 ignem
724 1891 807 1961 veni
829 1891 970 1963 mittere
985 1892 1023 1963 in
1040 1907 1190 1982 terram,
1215 1893 1354 1990 etquid
1376 1893 1460 1964 volo
1481 1894 1549 1965 nisi
1565 1908 1606 1966 ut
1627 1892 1771 1966 ardeat?
1783 1923 1801 1962 n

216 2015 263 2080 hc
290 2010 319 2080 si
341 2023 462 2107 aperte
484 2009 580 2080 dicat
602 2011 760 2080 :Omnia
787 2035 867 2107 quae
884 2012 920 2082 in
939 2012 1116 2085 mundum
1139 2013 1287 2084 veniens
1308 2015 1363 2110 egi
1388 2029 1462 2084 tam
1485 2013 1669 2086 nascendo
1694 2040 1804 2112 quam

214 2128 467 2230 praedicando,
488 2145 562 2202 tam
578 2128 769 2200 moriendo
786 2154 895 2227 quam
912 2132 1150 2226 resurgendo,
1170 2157 1232 2204 seu
1249 2133 1357 2204 etiarn
1378 2132 1625 2222 ascendendo,
1645 2133 1690 2206 ad
1707 2133 1805 2206 hunc

214 2275 328 2322 unum
354 2252 549 2322 terminum
576 2263 611 2321 et
640 2274 848 2348 supremum
873 2248 983 2322 finem
1004 2251 1233 2349 spectabant,
1260 2265 1301 2322 ut
1331 2251 1402 2322 hoc
1427 2253 1509 2347 igne
1537 2251 1650 2324 silicet
1671 2267 1804 2325 terram

215 2389 502 2459 concremarem,
522 2369 593 2441 hoc
614 2384 667 2440 est
686 2370 819 2467 Spiritu
835 2383 978 2458 sancto,
998 2371 1060 2466 qui
1083 2369 1196 2441 divini
1223 2370 1356 2441 amoris
1379 2368 1510 2441 dicitur
1529 2371 1636 2466 ignis,
1662 2385 1805 2444 terrena

215 2491 323 2587 ipsius
340 2504 376 2560 et
396 2489 525 2585 frigida
545 2487 657 2560 corda
679 2483 871 2559 hominum
891 2487 1166 2560 inflammarem.
1186 2489 1355 2561 Ascendit
1370 2489 1495 2578 Filius,
1514 2505 1555 2561 ut
1570 2490 1805 2564 descenderet

213 2607 363 2705 Spiritus
374 2622 534 2695 sanctus,
550 2608 642 2678 sicut
655 2607 805 2705 ipsemet
817 2621 985 2697 testatur,
999 2606 1138 2679 dicens¹
1154 2635 1162 2678 :
1182 2635 1200 2676 a
1213 2607 1365 2706 Expedit
1380 2608 1501 2698 vobis,
1519 2623 1559 2680 ut
1573 2634 1641 2706 ego
1656 2611 1800 2683 vadam.

216 2727 288 2797 Nisi
304 2752 371 2823 ego
386 2727 535 2816 vadam,
558 2727 748 2799 Paraclitus
770 2751 845 2797 non
865 2727 1002 2816 veniet,
1024 2741 1092 2799 etc.
1109 2755 1127 2795 n
1148 2729 1181 2796 0
1196 2751 1306 2824 quam
1328 2727 1520 2822 gloriosuS,
1543 2753 1654 2826 quam
1674 2729 1803 2826 dignus

169 2891 172 2896 ·
214 2847 279 2918 iste
295 2846 409 2918 sancti
422 2846 573 2944 Spiritus
586 2861 640 2918 est
655 2846 864 2940 descensus,
884 2848 946 2944 qui
962 2870 1190 2944 nequaquam
1206 2847 1324 2944 potuit
1341 2846 1435 2936 fieri,
1451 2848 1520 2919 nisi
1534 2873 1601 2946 per
1615 2873 1803 2922 ascensum

215 2967 304 3058 Filii,
321 2993 387 3038 nec
399 2969 447 3038 ita
464 2967 557 3038 mitti
572 2969 691 3065 potuit
706 2968 870 3067 Spiritus,
884 2969 954 3039 nisi
969 2967 1015 3039 ad
1032 2991 1115 3038 eum
1131 2967 1348 3038 mittendum
1364 2968 1572 3040 ascenderet
1583 2969 1703 3040 Filius.
1723 2975 1803 3067 Ipsa

214 3091 334 3185 itaque
351 3087 482 3158 Christi
497 3087 659 3158 ascensio
677 3089 779 3185 quasi
795 3113 986 3188 parasceve
1001 3087 1186 3159 hodiernae
1204 3087 1374 3160 festivatis
1391 3102 1460 3175 est,
1477 3103 1513 3159 et
1530 3088 1696 3184 quaedam
1710 3114 1801 3187 prae·
1921 3171 1929 3184 .

149 3291 151 3294 ,
213 3208 366 3306 paratio.
391 3208 508 3280 Passio
525 3231 671 3304 quoque
683 3207 813 3279 Christi
829 3223 1005 3306 quantum
1022 3207 1067 3280 ad
1083 3206 1155 3278 hoc
1172 3207 1285 3282 divini
1301 3208 1433 3278 amoris
1451 3206 1591 3280 donum
1607 3209 1800 3305 pertineat,

214 3327 609 3426 Apostolus-diligenter
624 3326 793 3401 declarat.
813 3333 935 3416 Quum
953 3329 1049 3400 enim
1065 3329 1328 3428 praemisisset⁸:
1352 3328 1513 3400 «Caritas
1529 3329 1595 3401 Dei
1608 3328 1738 3402 diffusa
1750 3346 1804 3402 est

216 3451 250 3520 in
273 3449 446 3521 cordibus
465 3450 597 3520 nostris
621 3455 685 3548 per¹
706 3450 878 3547 Spiritum
900 3463 1067 3520 sanctum
1087 3449 1150 3546 qui
1172 3449 1277 3520 datus
1293 3463 1347 3520 est
1366 3448 1489 3538 nobis,
1503 3476 1522 3516 n
1541 3464 1804 3546 consequenter

215 3567 344 3664 adjecit
363 3596 371 3638 :
393 3567 576 3665 «utquid
593 3568 691 3638 enim
706 3567 866 3640 Christus
883 3593 996 3665 quum
1013 3567 1132 3639 adhue
1149 3566 1283 3638 infirmi
1301 3592 1476 3656 essemus,
1494 3566 1694 3638 secundum
1711 3582 1803 3638 tem-

215 3713 281 3785 pus
300 3713 367 3786 pro
384 3687 502 3785 impiis
525 3702 688 3758 mortuus
713 3689 887 3758 estisne
911 3689 940 3758 si
957 3688 1090 3760 diceret
1108 3715 1116 3757 τ
1143 3691 1293 3785 Propter
1315 3686 1402 3784 quid
1428 3685 1543 3776 aliud,
1569 3687 1637 3758 nisi
1656 3700 1804 3785 propter

215 3807 310 3878 hanc
326 3807 481 3879 caritatis
497 3805 709 3878 ellusionenr
723 3807 760 3877 in
775 3795 947 3878 'cordibus
964 3806 1096 3878 nostris
1108 3805 1322 3894 faciendam,
1337 3821 1501 3878 mortuus
1517 3805 1630 3878 estad
1646 3821 1801 3904 tempus,

216 3926 252 3996 id
276 3941 329 3998 est
353 3926 595 3998 transitoriam
612 3941 649 3997 et
671 3927 770 4024 quasi
794 3925 975 3998 horariam
996 3924 1164 3996 sustinuit
1190 3939 1361 4011 mortem,
1390 3951 1504 4030 quum
1527 3926 1646 3998 adhue
1670 3926 1803 3999 infirmi

216 4072 392 4136 essemus,
411 4046 483 4118 hoc
494 4061 552 4118 'cst
572 4047 707 4118 debiles
724 4047 762 4117 in
785 4046 874 4135 lide,
892 4045 950 4117 vel
966 4046 1003 4116 in
1024 4043 1212 4117 toleranda
1232 4046 1500 4142 persecutione?
1516 4045 1653 4118 Dillusa
1674 4047 1803 4119 caritas

93 4237 98 4246 ,
215 4182 281 4255 est,
296 4166 405 4238 dilata
414 4181 448 4238 et
458 4166 578 4265 ampla
590 4167 627 4237 in
646 4161 815 4238 cordibus
831 4165 936 4254 sacta,
949 4179 1107 4262 etusque
1121 4164 1167 4235 ad
1182 4164 1346 4236 inimicos
1362 4167 1470 4235 etiarn
1486 4179 1649 4253 extensa3
1668 4164 1714 4236 de
1730 4189 1802 4262 qua
1820 4237 1821 4240 ,

217 4302 251 4357 et
271 4311 337 4385 per
352 4286 573 4359 Psalmistam
598 4286 738 4358 Christo
760 4286 930 4358 dicitur:
957 4285 1120 4356 «Dillusa
1142 4299 1195 4356 est
1211 4284 1322 4380 gratia
1344 4284 1381 4354 in
1397 4281 1501 4355 labiis
1521 4283 1609 4373 tuis,
1623 4311 1641 4350 n
1661 4282 1732 4355 hoc
1749 4299 1802 4356 est

217 4422 291 4480 tota
309 4408 514 4506 praedicatio
530 4423 593 4480 tua
608 4407 697 4479 nihil
718 4407 815 4479 aliud
836 4432 945 4504 quam
967 4405 1224 4506 perlectionem
1247 4420 1391 4478 resonat
1411 4406 1578 4477 caritatis.
1604 4409 1658 4477 De
1678 4419 1801 4503 quaet

218 4527 421 4626 apostolus·
440 4557 448 4598 :
472 4557 490 4595 n
500 4528 596 4598 Finis
612 4527 780 4625 praecepti
795 4528 939 4615 caritas,
960 4527 1006 4598 de
1022 4525 1132 4598 corde
1148 4551 1239 4626 puro
1257 4539 1292 4598 et
1308 4525 1527 4598 conscientia
1543 4549 1618 4596 non
1635 4523 1731 4598 ficta.
1748 4555 1764 4592 n
1844 4555 1848 4562 ·

264 4649 363 4719 Sicut
386 4673 471 4745 ergo
492 4662 668 4747 praecepta
688 4647 770 4737 Dei,
791 4648 893 4718 sicet
913 4661 1090 4745 praecepta
1112 4645 1242 4718 Christi
1262 4645 1309 4718 ad
1327 4645 1425 4717 hunc
1441 4645 1589 4718 unicum
1612 4643 1739 4733 finem,
1763 4643 1800 4715 id

215 4781 270 4838 est
284 4766 532 4840 aedilicandam
549 4769 585 4838 in
601 4765 706 4839 nobis
722 4767 923 4855 caritatem,
943 4783 1018 4839 tota
1033 4766 1198 4839 intendit.
1214 4767 1321 4862 Cujus
1337 4766 1485 4864 quidem
1496 4765 1705 4838 intentionis
1718 4789 1800 4863 per·

253 5073 259 5098 ¹
277 5071 350 5132 Luc„
368 5087 423 5138 cap.
443 5088 492 5133 xn,
510 5088 532 5122 v.
547 5073 588 5122 tt.
604 5100 627 5110 -
642 5071 745 5131 'loan.,
765 5086 820 5138 cap.
834 5088 875 5130 xv.
893 5087 917 5122 v.
932 5073 957 5121 t.
967 5096 1000 5109 -
1012 5069 1023 5098 ³
1035 5070 1117 5130 Rom„
1135 5085 1190 5135 cap.
1204 5085 1229 5129 v,
1240 5082 1265 5118 v.
1279 5067 1303 5118 5.
1316 5093 1346 5106 -
1359 5067 1370 5094 ⁴
1383 5067 1470 5118 Psalm.
1485 5081 1549 5129 run,
1560 5081 1584 5118 v.
1596 5067 1621 5116 3.
1632 5091 1664 5104 -
1675 5063 1685 5093 “
1698 5065 1758 5116 lim.
1774 5065 1799 5120 l.

213 5175 272 5226 cap.
290 5176 312 5218 ι,
325 5175 347 5208 t.
362 5159 388 5208 5.
