4522 6102
761 1133 1084 1238 aristoni
1134 1132 1330 1262 uu,

276 1414 350 1473 00AE
367 1413 426 1462 sssr
442 1413 589 1462 musaeu
611 1412 711 1462 Pll'l'lll
729 1415 774 1462 All
791 1413 999 1476 flntotssttr,
1019 1415 1211 1466 tttstlrut'lo
1227 1416 1285 1465 SEU
1303 1415 1432 1464 REGULA
1450 1413 1774 1466 sanctinourattun.

890 1681 1155 1735 ARGUMENTUM.

223 1865 315 1930 Quum
327 1863 382 1918 duo
393 1865 426 1918 ab
439 1865 556 1920 Heloissa
569 1879 675 1937 rogatus
686 1867 773 1920 buuet
786 1865 956 1935 Abalardna,
970 1868 1044 1921 alteri
1054 1865 1162 1938 quidem
1170 1885 1261 1920 eorum
1274 1867 1408 1938 superiore
1420 1865 1557 1938 respondit
1568 1868 1676 1939 epistola
1687 1887 1694 1921 ι
1704 1869 1814 1921 alterum

260 1963 333 1998 nunc
349 1945 494 2015 exequitur.
516 1941 651 2016 Siquidem
667 1947 800 2018 petitionis
812 1947 935 2000 Heloisse
952 1949 1061 2000 alterum
1078 1961 1158 2019 caput
1178 1948 1276 2014 fuerat,
1295 1961 1324 2000 ut
1340 1948 1560 2019 paracletensibus
1579 1948 1759 2000 monachabus
1774 1967 1814 2000 re·

260 2025 349 2096 gislam
363 2025 503 2091 scriberet,
516 2023 589 2098 quod
602 2025 657 2096 ipse
665 2025 718 2078 hoc
728 2026 798 2079 libro
809 2026 897 2098 potius
912 2045 991 2096 quam
1004 2027 1112 2099 epistola
1127 2029 1272 2080 luculenter
1283 2027 1401 2100 perficit,
1413 2027 1535 2100 plurimis
1547 2042 1697 2082 sanctorum
1709 2041 1813 2099 patrum

260 2104 395 2158 sententiis
411 2116 536 2176 tanquam
550 2104 660 2158 floribus
678 2105 809 2159 adunatis.
823 2107 997 2178 Tripertitum
1017 2119 1104 2160 autem
1124 2119 1262 2160 nacturum
1283 2119 1375 2173 vocat,
1388 2105 1461 2176 quod
1473 2108 1500 2160 in
1513 2127 1545 2160 eo
1559 2108 1672 2161 maxime
1684 2105 1718 2160 de
1731 2109 1815 2162 tribus

260 2183 399 2255 precipuis
416 2183 556 2245 virtutibus
569 2185 733 2250 monasticis,
747 2187 909 2239 continentia
921 2187 1035 2254 scilicet,
1050 2200 1203 2258 paupertate
1215 2188 1378 2253 voluntaria,
1391 2199 1417 2239 et
1430 2187 1533 2240 silentio
1550 2200 1651 2240 tractet.
1674 2187 1815 2242 Constituit

260 2265 309 2317 toti
327 2282 418 2316 earum
435 2264 546 2333 collegio
557 2276 657 2336 septem
668 2265 793 2318 officiales
803 2283 922 2332 sorores,
935 2285 993 2336 quae
1005 2267 1103 2320 ceteris
1115 2279 1172 2320 tum
1184 2267 1212 2320 in
1225 2267 1266 2320 his
1276 2265 1335 2337 quie
1346 2267 1494 2321 animarum
1506 2278 1580 2333 sunt,
1595 2279 1651 2320 turn
1665 2267 1692 2320 in
1704 2268 1745 2321 bis
1757 2287 1814 2339 quae

259 2343 294 2397 ad
311 2343 466 2416 temporalia
476 2345 530 2400 sive
543 2345 691 2416 corporalia
705 2357 837 2416 spectant,
851 2345 995 2418 prudenter
1007 2347 1123 2418 praesint.
1137 2348 1218 2400 Ecum
1239 2348 1359 2402 carnium
1375 2347 1455 2400 ternis
1473 2345 1566 2400 diebus
1585 2347 1693 2418 singulis
1712 2347 1814 2402 bebdo-

259 2422 399 2490 madibus,
412 2436 438 2476 et
450 2441 527 2481 munt
545 2424 600 2478 vini
614 2423 779 2478 moderatum
793 2425 828 2478 eis
841 2424 960 2497 indulget
974 2446 980 2480 :
996 2444 1026 2480 ac
1039 2439 1131 2480 catera
1145 2425 1251 2481 advitae
1263 2426 1412 2480 monastica
1432 2425 1554 2480 ordinem
1576 2427 1733 2498 pertinentia
1753 2427 1815 2481 dili·

259 2515 351 2574 genter
368 2517 394 2556 et
406 2522 522 2576 congrua
539 2503 665 2576 disponit.

274 2724 457 2796 Petitionis
485 2739 553 2808 tuae
570 2699 671 2822 parte
685 2725 759 2820 jam
778 2723 895 2821 aliqua
917 2741 1027 2822 prout
1051 2725 1235 2823 potuimus
1260 2723 1443 2812 absoluta,
1473 2739 1633 2822 superest
1655 2725 1813 2795 Domino

224 2859 406 2936 annuente
423 2844 469 2918 de
487 2843 567 2936 illa,
589 2869 668 2942 quae
685 2859 817 2935 restat,
842 2860 941 2944 parte
959 2861 1033 2919 tarn
1047 2847 1116 2917 tuis
1127 2870 1235 2943 quam
1251 2843 1486 2943 spiritualium
1501 2859 1643 2915 tuarum
1660 2843 1812 2916 filiarum

223 2964 405 3037 desideriis
423 2963 648 3072 complendis
666 2989 813 3062 operam
832 2963 930 3036 dare.
954 2967 1072 3036 Restat
1090 2966 1223 3063 quippe
1238 2964 1338 3060 juxta
1356 2962 1531 3062 praedictae
1549 2978 1673 3034 vestrae
1696 2978 1816 3061 postu·

221 3083 364 3156 lationis
378 3083 565 3174 ordinem,
586 3083 740 3181 aliquam
759 3083 861 3156 robis
881 3084 1161 3174 institutionem,
1182 3083 1281 3181 quasi
1303 3081 1495 3180 quamdam
1515 3081 1691 3181 propositi
1705 3084 1812 3153 vestri

222 3203 380 3300 regulam
398 3230 419 3277 a
438 3204 541 3281 nohis
557 3204 686 3294 scribi,
709 3219 744 3277 ct
762 3204 863 3276 vobis
879 3204 990 3294 tradi;
1014 3220 1052 3276 ut
1077 3205 1208 3276 certius
1237 3228 1278 3275 ex
1304 3203 1435 3300 scripto
1455 3226 1562 3299 quarn
1589 3227 1630 3273 ex
1660 3226 1812 3274 consue-

223 3325 347 3399 tudine
368 3325 527 3400 habeatis
547 3325 635 3422 quid
662 3349 726 3396 vos
749 3325 850 3423 sequi
867 3325 1068 3396 conveniat.
1097 3329 1169 3396 Nos
1198 3325 1318 3421 itaque
1340 3323 1470 3421 partim
1494 3321 1813 3394 consuetudinibus

221 3448 349 3537 bonis,
370 3447 501 3545 partim
519 3448 781 3544 Scripturarum
805 3445 1013 3517 testimoniis
1033 3443 1090 3516 vel
1108 3446 1286 3517 rationum
1307 3443 1460 3515 nitentes
1481 3441 1717 3530 fulcimentis,
1738 3442 1813 3512 haec

220 3571 343 3640 omnia
359 3568 395 3638 in
410 3591 524 3644 unum
536 3566 697 3638 conferre
713 3565 957 3656 decrevimus3
974 3579 1013 3636 ut
1032 3564 1214 3663 spirituale
1227 3565 1293 3636 Dei
1307 3561 1481 3661 templum
1496 3615 1506 3651 ,
1523 3561 1623 3658 quod
1637 3563 1717 3632 estis
1731 3585 1808 3652 vos,

218 3688 274 3760 his
304 3687 520 3774 decoram',
550 3686 651 3783 quasi
680 3684 896 3782 quibusdam
924 3685 1071 3782 egregiis
1102 3707 1274 3756 exornare
1308 3682 1453 3782 picturis
1473 3681 1674 3770 valeamus,
1704 3695 1739 3751 et
1768 3706 1811 3752 ex

220 3808 382 3906 pluribus
402 3807 616 3906 imperfectis
644 3805 766 3904 quoad
791 3809 1001 3905 possumus¹
1019 3829 1131 3876 unum
1152 3803 1367 3904 opusculum
1386 3826 1649 3888 consummare.
1677 3806 1716 3871 ln
1735 3827 1809 3898 quo

220 3928 368 4026 quidem
387 3952 496 4026 opere
510 3928 656 3998 Zeuxim
671 3927 846 4026 pictorem
870 3927 1068 4011 imitantes,
1092 3924 1140 3995 ita
1161 3923 1275 3996 lacere
1293 3925 1509 3996 instituimus
1528 3925 1563 3994 in
1582 3920 1716 4020 templo
1735 3923 1807 4022 spi-

216 4047 333 4137 ritali,
354 4049 444 4119 sicut
461 4045 519 4118 ille
541 4045 716 4144 disposuit
736 4044 941 4118 laciendum
960 4045 997 4114 in
1018 4042 1208 4142 corporali.
1235 4048 1339 4116 Hunc
1359 4043 1480 4131 enim,
1512 4057 1551 4113 ut
1568 4044 1604 4112 in
1626 4043 1812 4114 Rhetorica

211 4192 283 4240 sua
303 4170 313 4204 ³
342 4166 506 4238 Tullius⁸
537 4167 721 4256 meminit,
751 4166 966 4237 Crotoniatae
989 4164 1189 4237 asciverunt
1208 4161 1255 4234 ad
1280 4162 1465 4260 quoddam
1489 4162 1682 4262 templum,
1713 4161 1811 4259 quod

209 4290 479 4388 religiosissime
497 4290 687 4381 colebant,
707 4289 1007 4363 excellentissimis
1024 4289 1171 4388 picturis
1189 4287 1447 4360 decorandum.
1473 4286 1582 4376 Quod
1603 4302 1644 4358 ut
1661 4286 1810 4384 diligen·

206 4413 287 4482 tius
309 4411 461 4500 iaceret,
483 4391 642 4509 quinque
659 4410 724 4482 sibi
748 4411 902 4508 virgines
918 4409 1176 4509 pulcherrimas
1194 4408 1240 4480 de
1259 4407 1394 4507 populo
1414 4407 1474 4479 illo
1493 4408 1614 4507 elegit,
1635 4432 1724 4505 quas
1743 4407 1809 4479 sibi

199 4532 377 4631 pingenti
396 4531 596 4604 assistentes
614 4532 779 4622 intuens,
804 4555 927 4602 earum
947 4529 1249 4628 pulchritudinem
1269 4528 1450 4628 pingendo
1468 4530 1674 4602 imitaretur.
1700 4527 1825 4615 Quod

195 4649 357 4725 duabus
386 4650 432 4722 dc
454 4651 568 4724 causis
587 4649 718 4722 iactum
747 4675 823 4722 esse
850 4648 1019 4722 credibile
1046 4664 1109 4721 est.
1131 4653 1220 4720 Tum
1239 4647 1404 4747 videlicet
1423 4649 1528 4746 quia,
1559 4662 1600 4720 ut
1620 4636 1807 4746 praedictus

194 4771 382 4846 meminit
395 4770 539 4860 doctor,
556 4771 748 4843 maximam
760 4771 922 4870 peritiam
936 4770 972 4842 in
985 4767 1219 4868 depingendis
1232 4763 1440 4842 mulieribus
1453 4767 1570 4868 pictor
1583 4769 1642 4841 ille
1655 4767 1805 4876 adeptus

191 4895 353 4980 fuerat,
375 4906 452 4963 tum
470 4892 577 4964 etiam
594 4892 678 4990 quia
695 4890 902 4963 naturaliter
920 4889 1087 4990 puellaris
1107 4889 1221 4960 forma
1240 4887 1435 4986 elegantior
1452 4905 1488 4961 et
1506 4889 1692 4962 delicatior
1712 4886 1805 4960 virili

187 5010 479 5110 compositione
500 5017 510 5050 ¹
541 5025 717 5084 censetur.
749 5010 870 5082 Plures
898 5025 1016 5092 autern
1044 5010 1195 5106 virgines
1213 5006 1259 5080 ab
1279 5033 1324 5080 eo
1344 5008 1424 5107 eligi
1448 4989 1553 5108 supra
1584 5023 1802 5082 memoratus

228 5257 239 5282 ¹
267 5253 317 5304 Sic
330 5251 349 5302 C
363 5255 482 5304 -llabene
490 5237 612 5306 'decorare
623 5253 720 5304 Eda-
731 5253 787 5306 'Sic
799 5253 826 5303 C.
836 5279 854 5290 -
866 5254 935 5314 Quod
942 5257 1060 5316 posumus
1070 5253 1135 5305 lldd.
1147 5223 1190 5292 ζ’
1205 5251 1294 5306 invest.
1305 5252 1342 5315 ll,
1353 5269 1405 5302 r.-
1417 5251 1425 5276 ¹
1440 5252 1550 5302 Eximius
1558 5261 1586 5300 -et
1596 5254 1620 5300 in
1633 5260 1685 5299 erte
1697 5252 1804 5298 oratoria

182 5353 273 5398 inter
290 5341 391 5391 tactim
403 5345 494 5404 primm
506 5341 615 5394 atta·
629 5341 639 5368 ⁸
651 5341 818 5405 compactione
830 5338 880 5391 llS.
900 5338 972 5391 Amb.
996 5361 1001 5376 =

338 5447 348 5491 r
1645 5427 1685 5484 πθ
