4644 6112
845 681 1239 788 Minister

334 975 797 1214 curru
888 971 1740 1212 inuniunt

508 1617 925 1752 uutotssn
975 1619 1615 1790 consolaturus
1678 1532 1729 1571 ”
1777 1555 1800 1581 ”

865 1937 1221 2040 urtsuoun.
1343 1882 1346 1891 ’
1499 1886 1504 1894 ’
1588 1857 1665 1910 ⁹

960 2251 1136 2264 ι-ὴ--ι-α-ι--ο

287 2463 373 2520 oum
384 2457 577 2536 abelardus,
593 2459 694 2520 Scucti
707 2457 832 2520 Gildssii
846 2459 958 2534 abbas,
972 2462 1110 2522 vitereio
1125 2461 1268 2542 periculis
1280 2471 1310 2522 et
1323 2463 1475 2522 anxietate
1487 2445 1633 2522 condida
1644 2461 1790 2532 traheret,
1804 2459 1843 2520 ad

253 2560 386 2622 amicum
401 2559 529 2622 miseriis
540 2575 662 2641 quoque
675 2557 898 2636 conflictatum,
911 2563 1018 2640 longos
1027 2561 1066 2624 de
1077 2563 1299 2624 calamitatibus
1310 2563 1373 2626 suis
1387 2563 1608 2636 litterasmislt,
1621 2568 1689 2644 qute
1702 2571 1797 2644 quum
1812 2563 1842 2623 in

248 2661 411 2739 ,lleloissae‚
422 2663 484 2744 jam
496 2663 527 2723 in
540 2681 661 2726 secessu
675 2663 820 2725 Paracleti
830 2662 986 2744 degentis,
996 2683 1103 2728 manus
1111 2663 1307 2741 incidissent,
1320 2679 1356 2726 ea
1366 2665 1563 2730 vehementer
1573 2649 1726 2728 commoto
1738 2665 1843 2726 statuit

254 2764 294 2824 ad
305 2763 495 2828 Abaelardum
504 2765 637 2828 scribere
644 2765 803 2846 epistolum
815 2813 822 2841 ,
834 2785 895 2848 qua
903 2765 1024 2828 solliciti
1034 2767 1127 2829 animi
1137 2765 1334 2848 aegritudines
1343 2769 1467 2850 conjugi
1479 2767 1672 2849 signiticaret.
1684 2768 1738 2829 Cui
1749 2777 1842 2848 quum

256 2866 346 2945 paulo
359 2876 430 2948 post
440 2865 614 2930 ibaelardus
631 2868 852 2949 rescripsisset,
866 2871 1082 2932 commercium
1096 2869 1260 2931 litterarum
1275 2871 1354 2931 inter
1372 2887 1405 2931 se
1416 2871 1529 2931 babere
1544 2871 1740 2951 inceperunt,
1757 2879 1791 2929 ut
1807 2869 1844 2929 de

256 2968 415 3029 amoribus
426 2969 588 3050 praeteritis
603 2971 749 3050 primum,
763 2971 836 3033 dein
849 2971 888 3034 de
901 2971 1068 3052 theologia,
1082 2973 1210 3034 historia
1220 2971 1444 3054 disciplinaque
1454 2989 1540 3034 sacra
1553 2972 1808 3053 colloquerentur.
1821 2976 1825 2996 ¹

298 3073 349 3130 ue
362 3078 434 3129 suut
452 3067 653 3132 celeberrimae
666 3069 811 3134 lieloissae
832 3081 863 3133 et
880 3069 1030 3136 Abaelardi
1044 3069 1208 3154 Epistulae,
1226 3059 1302 3154 quus
1319 3073 1436 3153 primus
1452 3082 1523 3154 post
1538 3057 1734 3136 amboesium
1750 3071 1846 3133 edidit

258 3171 434 3235 Rawliuson
446 3171 473 3246 ⁸,
487 3171 527 3232 cd
550 3171 665 3234 codicis
683 3173 882 3254 manuscripti
896 3171 1009 3247 fldem,
1025 3181 1059 3234 ut
1072 3175 1138 3255 ipse
1153 3173 1354 3255 predicabat,
1372 3175 1540 3236 recensitas
1555 3181 1647 3255 etque
1660 3161 1844 3236 emendatas.

257 3271 388 3334 Codices
400 3272 547 3335 nbaelardt
561 3293 687 3356 operum
701 3293 795 3357 quum
808 3275 870 3336 sint
881 3276 1012 3338 rariores
1026 3285 1056 3336 et
1071 3285 1172 3337 textus
1185 3275 1224 3338 ab
1238 3275 1401 3340 amboesio
1414 3275 1502 3337 datus
1516 3293 1578 3336 uon
1596 3275 1672 3338 adeo
1684 3291 1788 3358 ‘purus
1804 3277 1850 3336 vi-

257 3373 395 3450 deretur,
419 3391 499 3434 nove
520 3371 614 3435 editio
639 3375 827 3438 eruditorum
853 3375 956 3438 studio
973 3395 991 3436 a
1010 3377 1161 3458 principio
1186 3395 1249 3438 uon
1269 3376 1468 3440 mediocriter
1488 3378 1655 3439 commouit
1683 3385 1714 3438 et
1737 3376 1850 3438 deinde

257 3476 358 3557 aliquo
372 3477 404 3538 in
418 3477 518 3558 pretio
537 3495 605 3540 esse
622 3497 686 3540 uon
700 3477 799 3540 desiit.
821 3478 997 3540 Rawlinson
1019 3497 1091 3542 vero
1111 3477 1227 3540 codicis
1246 3498 1337 3560 quem
1357 3480 1388 3540 in
1408 3479 1549 3542 manibus
1567 3498 1600 3542 sc
1618 3478 1759 3540 habuisse
1782 3480 1850 3558 glo-

259 3578 368 3652 rietur,
393 3577 521 3642 formem
537 3579 715 3642 describere·
728 3580 861 3656 omittit,
877 3575 1071 3663 declaratque
1086 3589 1203 3643 tantum
1217 3581 1276 3644 sibi
1294 3609 1305 3634 «
1320 3581 1400 3643 bunc
1420 3589 1525 3643 mutuo
1546 3581 1650 3643 datum
1664 3607 1677 3632 η
1691 3580 1732 3641 eb
1748 3582 1849 3642 arnico

228 3717 230 3720 -
261 3707 274 3732 «ι
291 3682 379 3762 cujus
395 3699 506 3744 nomen
520 3684 619 3744 malua
631 3683 731 3765 pudor
744 3684 823 3746 celat
847 3711 861 3734 u
876 3687 1024 3748 Praeterca
1038 3685 1064 3744 si
1077 3683 1116 3744 cd
1128 3685 1190 3744 boc
1203 3683 1403 3759 attendimus,
1421 3683 1503 3766 qnod
1515 3682 1668 3745 lectiones
1681 3683 1719 3744 ub
1732 3701 1769 3743 eo
1783 3701 1851 3764 pro-

260 3784 366 3863 positoe
378 3783 506 3846 multum
524 3804 543 3846 a
563 3786 665 3867 priore
684 3795 768 3848 textu
783 3785 967 3847 abhorreant
980 3803 1078 3868 neque
1093 3787 1225 3866 cognitis
1244 3795 1333 3848 cutes
1347 3784 1505 3848 codicibus
1518 3785 1736 3846 continuentur
1747 3831 1754 3858 ,
1767 3793 1799 3845 et
1813 3785 1851 3845 od

260 3885 326 3946 loce
344 3903 414 3948 vere
433 3896 575 3968 corrupta
602 3907 758 3969 nunquam
781 3887 969 3969 pertineant,
988 3903 1050 3948 uon
1071 3887 1212 3948 arbitrari
1234 3905 1296 3948 non
1320 3905 1484 3969 munius
1506 3887 1654 3949 editorem
1685 3887 1767 3947 nullo
1795 3907 1850 3948 co-

261 3986 328 4048 dice
342 4005 430 4048 usum
444 3989 538 4052 luisse
549 3987 805 4071 mendaciumque
812 3989 875 4052 sibi
887 3988 1097 4064 adornavisse,
1108 3996 1141 4050 ut
1152 3987 1244 4050 fidem
1259 3989 1439 4050 lectionibus
1453 3987 1567 4050 notitiis
1580 3989 1709 4062 iaceret,
1724 4005 1801 4069 quas
1812 4008 1850 4048 ex

260 4089 434 4168 conjectura
445 4089 478 4149 in
490 4089 727 4152 amboactanum
743 4099 857 4152 textum
871 4090 1057 4154 imeruisset.
1073 4093 1116 4151 Ea
1129 4097 1175 4152 est
1188 4089 1291 4151 Orellii
1305 4091 1411 4170 opinio
1423 4089 1475 4172 qui
1488 4091 1520 4150 in
1533 4089 1682 4152 editorem
1693 4084 1761 4150 doli
1779 4088 1850 4150 mali

260 4190 432 4251 convictum
453 4192 599 4253 acerrime
615 4191 770 4254 invehitur
782 4193 813 4252 *ε
830 4221 843 4246 «
859 4195 998 4272 liugnam
1013 4209 1106 4274 quum
1125 4191 1175 4253 bic
1194 4192 1364 4273 promissor
1386 4191 1460 4253 mihi
1476 4193 1720 4274 expectationem
1738 4191 1852 4251 movis-

261 4299 327 4364 set,
344 4303 414 4372 poat
426 4293 553 4374 primaru
568 4293 710 4376 pagiuam
730 4295 902 4358 accuratius
919 4295 1121 4358 examinatum
1143 4294 1246 4357 surim
1262 4293 1396 4356 intellexi
1407 4293 1679 4358 mendacissimum
1696 4293 1849 4354 bominem

261 4401 291 4454 et
305 4411 434 4474 nequam
454 4393 548 4456 luisse
567 4395 655 4457 istum
671 4397 863 4474 Ruwlinaon,
881 4415 979 4478 neque
996 4394 1163 4478 quidquam
1185 4403 1292 4476 preter
1310 4393 1455 4457 ridiculas
1470 4403 1561 4476 atque
1576 4395 1743 4456 levissimas
1756 4394 1850 4456 iuteo

261 4493 431 4574 polationca
453 4495 618 4558 obtendere
642 4498 775 4560 voluisse
794 4497 975 4572 lectoribus,
997 4509 1030 4559 ut
1052 4497 1221 4560 Bentleium
1244 4498 1277 4558 in
1302 4496 1410 4559 mediae
1432 4497 1530 4558 aetatis
1552 4498 1699 4576 scriptore
1724 4493 1849 4555 fortasse
1882 4493 1887 4502 '

260 4597 461 4660 aenrtilaretur.
481 4625 494 4648 u
511 4599 599 4660 Nullo
614 4599 707 4661 modo
719 4601 813 4680 igitur
830 4601 870 4664 ed
883 4610 998 4662 textum
1011 4599 1256 4677 constituendum
1280 4599 1320 4661 iis
1335 4599 1518 4660 lectionibus
1530 4617 1549 4659 a
1562 4597 1736 4660 llawlinson
1751 4595 1851 4656 alletis

260 4699 304 4758 uti
324 4699 494 4780 potuimus;
510 4717 563 4760 eea
576 4709 674 4762 tamen
688 4701 760 4762 huic
772 4700 901 4763 editioni
913 4701 1145 4782 subjunximus,
1162 4719 1255 4782 quum
1270 4701 1434 4780 ingenioaae
1449 4699 1538 4760 nobis
1553 4697 1738 4761 viderentur.

295 4897 380 4948 ¹Vidc
401 4899 547 4972 Querccteui
570 4911 651 4952 notam
673 4920 689 4952 ι.
708 4929 730 4940 -
758 4901 844 4954 'Vide
863 4911 944 4956 notem
965 4919 992 4954 u.
1009 4929 1037 4938 -
1074 4919 1128 4966 poce
1139 4913 1174 4954 est
1186 4904 1291 4954 Heorta
1303 4903 1471 4954 calamitatum
1480 4915 1577 4953 suerum
1588 4903 1622 4950 ud
1634 4903 1736 4949 cuicum
1750 4903 1848 4961 scripto.

264 4982 354 5034 'Petri
371 4986 498 5036 abelardi
515 4989 610 5036 abbatie
621 4987 896 5050 aucmentatum
910 4990 1040 5043 abbadesoe
1075 4985 1770 5051 Heloictoeetdboelcrdiiipietoloeqeccfcrnnturqututnor
1779 4986 1848 5045 prlo-

262 5067 440 5120 Pcrccletemie
454 5071 583 5132 Epistoloe,
597 5087 613 5120 a
621 5076 709 5134 paona
723 5076 836 5130 editionis
849 5075 969 5124 moribus
975 5089 1037 5136 pur·
1075 5088 1121 5122 ree.
1134 5069 1230 5122 additis
1241 5067 1320 5122 Godd.
1335 5067 1457 5120 Amboesii
1470 5078 1495 5120 et
1506 5066 1662 5136 llawlinconii
1675 5065 1748 5119 variis
1761 5065 1847 5116 lectio-

264 5163 326 5214 pntoe
340 5163 363 5201 et
377 5153 497 5205 tenue
512 5146 786 5216 collotoeaurellicnrdi
801 5156 1036 5220 Bauliuson,Lou-
1073 5155 1153 5208 uibus.
1166 5154 1248 5224 Edidit
1270 5155 1291 5204 l.
1316 5152 1409 5220 Gasper
1431 5152 1543 5204 Orellius.
1558 5150 1655 5212 Turici,
1678 5150 1751 5210 tttt,
1772 5150 1849 5198 in·l⁰.

264 5235 328 5295 dini,
342 5239 419 5297 titt,
432 5239 512 5288 in·8⁰.
525 5267 550 5274 -
567 5238 576 5264 ⁴
593 5241 701 5304 llopiatn'
713 5243 780 5291 Petri
796 5245 918 5292 Abtelordi
928 5243 1036 5304 Epistola
1073 5241 1110 5292 Gi.
1123 5242 1210 5291 Rerum
1220 5241 1364 5302 pullicorum
1375 5237 1484 5304 Script,
1496 5247 1514 5288 t.
1524 5235 1587 5295 xlv,
1599 5251 1627 5302 p.
1642 5235 1700 5282 278.

381 5369 392 5413 1
1712 5351 1725 5405 i
