4522 6104
454 535 526 610 664
1048 535 1176 608 PETRI
1201 537 1431 612 ABAELARDl

454 677 601 748 diversis
627 673 747 745 usibus
765 699 805 746 ea
823 699 901 771 quae
924 675 970 746 ad
992 700 1105 746 unum
1127 679 1274 748 minime
1295 677 1430 770 valent,
1457 677 1503 750 ad
1529 675 1626 750 aliud
1653 677 1848 752 commoda
1868 693 1970 772 sunt,
1988 695 2027 754 ut

453 811 633 869 sarmenta
647 795 792 892 praecisa
808 819 886 891 quae
903 795 1032 866 fructui
1047 797 1128 868 vitis
1146 814 1317 870 nocerent
1332 801 1361 870 si
1377 801 1414 870 in
1431 823 1472 871 ea
1489 813 1733 888 remanerent,
1756 799 1803 872 ad
1825 800 2026 874 laciendum

453 919 571 1011 ignem
584 913 639 985 vel
652 914 697 985 ad
715 914 799 987 alias
816 915 1095 986 necessitudines
1112 941 1186 987 non
1201 917 1336 989 inutilia
1354 933 1448 990 sunt.
1461 920 1624 1015 Denique
1639 933 1775 1016 quanto
1787 919 1939 1018 amplius
1955 923 2025 994 rita

453 1033 526 1104 haec
547 1033 781 1130 periculosior
799 1034 852 1104 vel
874 1035 985 1130 magis
1002 1035 1151 1131 poenalis
1167 1034 1333 1127 habetur,
1351 1051 1453 1110 tanto
1475 1036 1656 1109 ardentius
1672 1036 1732 1112 illa
1752 1039 1929 1136 expetitur
1949 1063 2026 1136 quae

452 1153 570 1251 abbis
588 1153 755 1225 omnibus
771 1156 939 1224 immunis
958 1158 1102 1226 exsistit.
1122 1157 1217 1243 Quid
1234 1172 1352 1228 autem
1369 1158 1514 1256 proprie
1529 1157 1668 1230 bonum
1684 1182 1726 1229 ac
1742 1183 1807 1256 per
1822 1183 1878 1248 se,
1896 1158 2025 1232 scilicet

451 1277 527 1346 sine
545 1274 761 1371 adjectione,
780 1274 836 1345 vel
853 1275 940 1372 quid
957 1275 1091 1347 malum
1108 1277 1181 1347 sive
1198 1277 1405 1349 indifferens
1429 1278 1579 1370 dicatur,
1598 1278 1636 1350 in
1658 1277 1817 1350 secunda
1836 1278 2026 1353 collatione

453 1409 591 1483 nostra,
606 1409 780 1491 quantum
797 1395 950 1466 arbitror
966 1397 1067 1484 satis,
1088 1411 1140 1467 est
1156 1395 1356 1470 definitum.

468 1507 469 1512 ’
500 1518 553 1584 De
567 1514 736 1584 creaturis
753 1527 871 1585 autem
894 1513 1068 1585 nonnulla
1084 1529 1137 1585 est
1152 1515 1318 1611 quaestio,
1337 1531 1458 1586 unum
1475 1516 1657 1606 videlicet,
1677 1531 1717 1588 ut
1732 1516 1942 1614 quibusdam
1967 1521 2022 1590 vi·

451 1632 568 1720 detur,
587 1631 762 1728 quidquid
779 1647 884 1703 estet
900 1646 1039 1703 creator
1056 1657 1131 1703 non
1160 1649 1233 1724 est,
1261 1649 1422 1706 creatura
1448 1634 1605 1725 dicatur3
1632 1659 1677 1708 an
1699 1635 1783 1707 solae
1807 1635 2021 1724 substantiae,

451 1775 526 1821 non
551 1752 658 1821 etiam
674 1775 797 1822 earum
815 1750 1012 1822 accidentia
1037 1750 1198 1822 dicendae
1214 1751 1286 1822 sint
1306 1768 1491 1841 creaturae,
1519 1777 1564 1825 an
1585 1778 1642 1826 res
1662 1755 1769 1826 etiarn
1791 1753 1918 1853 aliquae
1937 1757 2026 1827 sicut

452 1885 505 1942 est
520 1871 642 1940 sessio.
664 1874 741 1940 Non
762 1871 858 1941 enim
874 1894 988 1966 quum
1004 1870 1158 1967 aliquem
1175 1871 1299 1942 sedere
1316 1871 1457 1962 accidit,
1469 1873 1663 1970 quamdam
1679 1898 1757 1944 rem
1773 1887 1860 1944 tunc
1876 1874 2028 1946 dicimus

451 2015 527 2060 esse
552 2014 629 2085 quae
654 1990 751 2086 prius
779 2014 854 2060 non
884 1989 1006 2076 suerit,
1039 1990 1094 2060 vel
1122 1990 1317 2086 quamdam
1345 2015 1421 2062 rem
1450 1992 1595 2090 periisse
1624 2015 1702 2090 quae
1726 1993 1824 2090 prius
1850 1993 1887 2064 in
1913 2009 2026 2066 stante

451 2109 585 2180 luisset.

502 2257 520 2296 α
540 2234 584 2298 Et
610 2229 743 2300 lactum
767 2246 819 2301 est
841 2255 1000 2328 vespere.
1023 2260 1041 2298 n
1054 2233 1156 2302 Sicut
1173 2233 1210 2304 in
1231 2233 1365 2304 caeteris
1385 2230 1512 2303 diebus
1532 2229 1594 2304 tali
1616 2229 1686 2302 fine
1708 2255 1818 2328 opera
1835 2255 1963 2302 eorum
1978 2233 2027 2304 sic

452 2346 650 2436 concludit,
679 2364 717 2421 nt
742 2349 830 2420 nibil
850 2375 957 2447 supra
979 2349 1247 2448 intelligendum
1267 2353 1313 2422 sit
1332 2351 1431 2450 quod
1452 2351 1499 2422 ad
1520 2375 1629 2448 opera
1655 2350 1934 2448 uniuscujusque
1958 2350 2025 2424 diei

450 2469 644 2563 pertineat,
660 2467 708 2538 ita
724 2466 816 2538 etde
832 2467 900 2540 hac
917 2468 974 2539 die
991 2468 1261 2565 intelligendum
1279 2469 1432 2558 videtur,
1449 2484 1488 2540 ut
1499 2467 1588 2540 nihil
1604 2467 1736 2539 scilicet
1751 2491 1860 2565 supra
1876 2467 1911 2537 id
1926 2466 2025 2564 quod

450 2587 588 2658 dietum
603 2602 655 2657 est
669 2586 716 2657 ad
733 2589 980 2684 operationem
996 2589 1101 2684 hujus
1116 2588 1188 2661 diei
1204 2590 1382 2687 pertinere
1395 2589 1547 2678 dicatur,
1560 2588 1624 2660 sed
1634 2588 1753 2660 statim
1764 2587 1890 2686 primis
1904 2611 2027 2685 paren·

450 2706 544 2777 tibus
569 2707 712 2793 creatis,
743 2723 854 2779 totam
884 2709 1131 2806 operationem
1154 2709 1259 2804 hujus
1282 2725 1387 2780 sextae
1406 2709 1477 2780 diei
1502 2721 1787 2780 consummatam
1815 2731 1905 2778 esse.
1925 2706 2026 2780 Unde

449 2824 549 2922 quod
564 2826 600 2896 in
618 2825 849 2923 sequentibus
865 2827 1009 2899 additur
1025 2827 1071 2898 de
1087 2827 1330 2925 prohibitione
1346 2827 1431 2924 ligni
1447 2827 1558 2916 lacta,
1577 2826 1633 2897 vel
1649 2826 1931 2922 transgressione
1942 2850 2027 2923 prae·

449 2946 562 3043 cepti,
581 2960 617 3015 et
632 2945 678 3016 de
695 2948 869 3043 ejectione
881 2947 1053 3045 paradisi,
1074 2947 1127 3018 vel
1145 2949 1375 3045 impositione
1393 2948 1583 3020 nominum
1600 2971 1709 3044 quam
1725 2947 1839 3018 Adam
1855 2946 1954 3038 iecit,
1974 2947 2027 3018 vel

448 3066 477 3134 si
494 3087 563 3160 qua
580 3080 664 3136 sunt
689 3065 773 3156 alia,
793 3091 867 3138 non
887 3091 1029 3138 necesse
1048 3082 1100 3138 est
1116 3067 1191 3138 haec
1208 3068 1329 3138 omnia
1353 3091 1420 3138 nos
1441 3065 1601 3164 profiteri
1623 3081 1721 3138 sexto
1742 3066 1801 3138 die
1815 3065 1890 3138 haec
1915 3065 2024 3155 lacta3

448 3186 642 3281 praesertim
658 3210 771 3282 quum
787 3188 963 3258 incertum
987 3189 1032 3257 sit
1053 3203 1188 3284 quanto
1208 3187 1381 3282 temporis
1402 3187 1518 3284 spatio
1543 3185 1593 3256 illi
1613 3200 1778 3284 parentes
1802 3187 1841 3257 in
1861 3185 2027 3283 paradiso

448 3305 682 3401 perstiterint,
703 3318 742 3373 ut
756 3303 832 3375 haec
846 3303 979 3375 scilicet
996 3305 1118 3375 omnia
1135 3327 1213 3399 quae
1229 3317 1353 3399 postea
1369 3303 1571 3374 referuntur
1587 3302 1637 3374 ibi
1658 3303 1750 3375 facta
1765 3303 1891 3394 luisse,
1908 3307 2027 3402 peragi

449 3439 594 3521 possent
619 3439 701 3493 ante
727 3424 887 3519 ipsorum
912 3422 1162 3516 dejectionem.
1186 3421 1295 3508 Quod
1320 3423 1417 3493 enim
1442 3421 1561 3493 multis
1584 3423 1687 3494 annis
1714 3421 1771 3493 vel
1795 3421 1923 3494 diebus
1946 3437 2026 3494 ante

448 3544 765 3638 transgressionem
783 3543 819 3612 in
836 3541 1003 3638 paradiso
1019 3540 1167 3629 luerint,
1187 3556 1260 3611 tam
1278 3543 1470 3614 auctoritas
1484 3566 1595 3638 quam
1610 3543 1701 3614 ratio
1720 3539 1854 3613 habere
1872 3541 2022 3629 videtur,

451 3665 542 3735 sicut
559 3661 792 3760 postmodum
807 3662 889 3734 loco
906 3687 971 3734 suo
984 3687 1119 3759 ponere
1135 3660 1372 3735 decrevimus·

502 3811 519 3848 ι(
537 3782 621 3851 Dies
637 3795 766 3851 sextus.
792 3809 809 3847 n
829 3782 937 3867 Quod
955 3782 991 3851 in
1010 3805 1069 3852 sex
1087 3779 1214 3852 diebus
1230 3806 1341 3879 opera
1357 3805 1421 3854 sua
1437 3786 1554 3854 Deum
1570 3805 1837 3854 consummasse
1852 3780 2025 3881 propbeta

448 3899 607 3971 retulerit
624 3923 697 3970 non
714 3915 816 3971 vacat
834 3925 854 3972 a
872 3901 1061 3996 mysterio,
1080 3915 1120 3970 ut
1135 3899 1300 3972 videlicet
1316 3901 1525 3998 perfectioni
1543 3926 1694 4001 operum
1705 3901 1782 3999 ipsa
1797 3926 1944 3999 quoque
1961 3927 2024 3974 nu·

448 4021 536 4089 meri
558 4032 780 4091 attestaretur
800 4019 972 4116 perfectio
992 4047 1000 4088 :
1020 4018 1079 4089 hio
1102 4019 1236 4117 quippe
1257 4044 1427 4091 numerus
1447 4021 1510 4117 qui
1529 4021 1689 4093 senarius
1707 4019 1838 4091 dicitur
1859 4022 2025 4092 intereos

446 4163 616 4210 numeros
632 4140 694 4235 qui
708 4139 855 4236 perlecti
870 4137 1038 4208 dicuntur
1053 4138 1190 4236 primus
1206 4140 1372 4210 occurrit.
1390 4141 1474 4210 Tres
1490 4139 1624 4236 quippe
1640 4162 1876 4210 numerorum
1894 4141 2025 4238 species

445 4256 643 4328 secundum
665 4258 971 4354 computationem
995 4256 1150 4353 partium
1175 4280 1320 4328 suarum
1348 4257 1632 4352 distinguuntur;
1661 4279 1774 4355 quum
1789 4255 1956 4328 videlicet
1970 4257 2025 4330 alii

446 4377 611 4475 perfecti,
641 4376 699 4447 alii
725 4375 966 4464 abundantes,
994 4375 1053 4446 alii
1080 4375 1245 4448 dicantur
1273 4377 1453 4449 diminuti.
1475 4377 1622 4449 perlecti
1649 4400 1734 4448 vero
1761 4391 1847 4448 sunt
1871 4400 2025 4474 quorum

446 4500 602 4596 partium
618 4499 839 4595 computatio
862 4521 1009 4568 summae
1029 4499 1138 4568 totius
1163 4496 1368 4596 adaequatur
1388 4527 1396 4569 :
1416 4499 1516 4571 verbi
1532 4499 1661 4595 gratia,
1688 4499 1849 4570 senarius
1872 4499 2026 4570 mediam

447 4634 586 4714 partem
603 4615 712 4689 babet
727 4616 943 4705 ternarium,
963 4616 1104 4687 tertiam
1126 4616 1323 4708 binarium,
1352 4633 1486 4692 sextam
1509 4619 1682 4690 unitatem
1701 4643 1710 4688 ε
1729 4615 1860 4714 quibus
1881 4617 2026 4715 quidem

447 4735 492 4804 ad
509 4736 662 4806 invicem
677 4736 725 4806 ita
735 4734 867 4831 junctis
881 4749 920 4804 ut
936 4732 1052 4823 dicas,
1072 4758 1183 4823 unus,
1202 4735 1296 4824 duo,
1315 4751 1406 4826 tres,
1425 4736 1542 4810 solnm
1553 4733 1692 4834 perficit
1707 4735 1902 4807 senarium.
1913 4733 2027 4806 Abun-

448 4853 574 4926 dantes
590 4879 676 4926 vero
693 4854 834 4926 numeri
848 4853 1017 4925 dicuntur
1030 4879 1185 4952 quorum
1201 4859 1422 4954 computatio
1439 4857 1595 4956 partium
1611 4857 1708 4955 ipsos
1724 4855 1899 4929 excedens
1918 4858 2027 4952 majo·

448 4995 525 5042 rem
542 4971 664 5043 reddit‘
675 4997 884 5061 numerum,
904 4987 944 5044 ut
960 4972 1202 5047 duodenarius
1223 4975 1356 5071 :hujus
1377 4978 1509 5074 quippe
1532 4976 1693 5049 senarius
1718 4975 1838 5048 media
1852 4999 1936 5073 pars
1953 4988 2024 5063 est,

445 5092 693 5210 quaternarius
714 5092 833 5184 tertia,
859 5092 1034 5166 ternarius
1055 5108 1200 5192 quarta,
1225 5093 1385 5167 binarius
1407 5108 1521 5186 sexta,
1546 5094 1664 5167 unitas
1683 5083 1923 5183 duodecima3
1949 5115 2027 5194 quae
