4590 6110
457 541 531 620 tlt
1137 533 1372 611 tresuetx.

457 707 567 783 agone
584 680 806 771 contendant,
818 679 930 750 verbis
949 673 1126 775 peniteret
1143 679 1302 776 exemplis
1314 679 1487 750 accendas.
1509 682 1553 751 Es
1567 681 1658 750 eninr
1672 695 1779 752 unum
1791 680 1834 751 de
1846 676 2045 753 animalibus

457 807 535 896 illis,
553 829 627 902 quac
643 800 796 874 Ezechiel
812 801 979 897 propheta
991 799 1104 890 vidie,
1120 799 1198 871 licet
1213 802 1257 872 sis
1275 799 1415 871 mulier:
1429 825 1503 896 quae
1522 826 1591 870 non
1605 814 1735 872 tantum
1748 819 1786 872 ut
1797 803 1899 872 carbo
1912 803 2043 893 ardere,

456 929 514 999 sed
531 943 569 998 ut
586 928 712 1023 lampas
733 927 852 996 ardere
869 924 971 995 debes
991 923 1121 1021 pariter
1137 938 1171 994 et
1196 923 1318 994 lucere.
1343 927 1387 992 Es
1408 923 1545 1018 quidem
1567 922 1730 1019 discipula
1748 925 1916 1014 veritatis,
1935 925 1993 995 sed
2011 947 2044 994 es

456 1051 556 1119 etiam
571 1050 644 1144 ipso
662 1044 789 1136 officio,
805 1061 970 1143 quantum
986 1046 1029 1116 ad
1047 1045 1109 1116 tibi
1127 1045 1319 1115 commissas
1335 1044 1499 1139 pertinet,
1519 1045 1676 1140 magistra
1695 1043 1904 1116 humilitatis.
1924 1047 2045 1115 Humi·

455 1167 557 1238 litatis
572 1167 684 1263 plane,
701 1182 735 1238 et
747 1169 853 1238 totius
862 1165 1004 1238 coelestis
1017 1163 1215 1260 discipline,
1229 1164 1291 1234 tibi
1304 1189 1323 1234 a
1336 1166 1412 1233 Deo
1426 1165 1654 1260 magisterium
1666 1164 1862 1259 impositum
1874 1179 1923 1234 est
1933 1190 1942 1233 :
1954 1165 2043 1234 unde

454 1311 525 1359 non
543 1287 651 1359 solum
668 1290 732 1378 tui,
752 1289 858 1360 sedet
874 1288 1045 1359 commissi
1061 1287 1172 1384 gregis
1185 1308 1300 1356 curam
1319 1285 1458 1375 hahere,
1470 1299 1504 1356 et
1521 1285 1776 1380 prcuniversis‚
1792 1286 1952 1378 mojorem
1968 1286 2043 1354 uni·

452 1413 557 1482 versis
568 1411 669 1482 debes
681 1411 870 1482 mercedem
883 1412 1045 1507 recipere.
1060 1412 1178 1480 Manet
1192 1409 1253 1479 tibi
1268 1423 1358 1478 certe
1373 1405 1483 1502 palma
1496 1431 1560 1503 pro
1574 1407 1750 1478 omnibus:
1766 1408 1857 1502 quia,
1870 1419 1909 1477 ut
1917 1405 2043 1501 optime

453 1532 560 1622 nosti,
579 1546 749 1627 quotquot
775 1531 900 1602 ducatu
917 1545 976 1600 tuo
992 1529 1157 1600 mundum
1178 1523 1364 1622 mundique
1382 1528 1569 1623 principem
1589 1528 1754 1616 vicerint,
1774 1541 1826 1596 tot
1841 1525 1903 1596 tihi
1923 1525 2041 1594 trium·

452 1653 557 1748 phos,
579 1666 632 1720 tot
647 1649 793 1746 gloriosa
810 1651 961 1746 trophaea
979 1648 1069 1744 apud
1087 1664 1250 1718 aternum
1268 1655 1381 1743 reg'ern
1399 1661 1434 1717 et
1445 1647 1595 1742 judicem
1618 1647 1868 1744 preparabant.
1892 1644 1958 1714 Sed
1982 1669 2042 1716 nce

451 1774 592 1844 omnino
609 1773 699 1869 apud
719 1770 876 1844 mortales
895 1770 1069 1842 insolitum
1085 1785 1136 1841 est
1152 1770 1294 1840 seminas
1308 1769 1442 1840 seminis
1456 1770 1658 1866 principari,
1680 1791 1743 1839 nec
1758 1794 1797 1839 er
1816 1781 1889 1838 toto
1903 1767 2040 1836 inusita-

452 1907 524 1962 tum
538 1891 639 1962 etiam
656 1889 820 1987 praeliari3
845 1893 935 1986 ipsos
959 1891 1097 1986 insuper
1109 1891 1202 1960 viros
1218 1888 1260 1959 sd
1278 1887 1393 1984 praelia
1409 1889 1575 1959 comitari.
1599 1891 1686 1960 Nam
1703 1890 1730 1959 si
1749 1907 1866 1958 verum
1885 1884 2041 1980 estquod

451 2014 594 2084 dicitur'

916 2157 1029 2218 ....Fas
1043 2161 1092 2216 est
1107 2162 1139 2216 et
1151 2147 1191 2216 ab
1203 2152 1294 2215 hoste
1309 2151 1429 2230 doceri,

451 2355 485 2408 ct
501 2339 592 2436 apud
610 2337 751 2434 gentiles
764 2363 964 2410 amazonum
987 2339 1102 2434 regina
1124 2336 1344 2410 Penthesilea
1355 2363 1432 2408 cum
1449 2339 1517 2410 suis
1532 2339 1766 2426 amazonibus,
1784 2363 1854 2408 non
1871 2339 1965 2428 viris,
1983 2339 2039 2408 sed

450 2456 661 2548 mulieribus,
680 2459 818 2552 Trojani
837 2456 916 2528 belli
937 2471 1104 2553 tempore,
1116 2481 1204 2554 saepe
1216 2483 1382 2554 pugnasse
1392 2456 1591 2528 scribitur³t
1607 2472 1641 2527 et
1657 2458 1692 2528 in
1706 2455 1835 2554 populo
1847 2457 1949 2528 etiarn
1961 2459 2037 2546 Dei,

449 2577 662 2674 prophetissa
685 2577 844 2647 Debora‘
867 2577 995 2646 Baraeh
1014 2576 1165 2670 judicem
1188 2575 1292 2646 Israel
1311 2591 1431 2646 contra
1454 2576 1617 2647 Ethnicos
1634 2577 1796 2647 animasse
1814 2575 1950 2671 legitur.
1972 2578 2040 2645 Cur

449 2720 531 2792 ergo
554 2720 624 2766 non
647 2693 746 2766 liceat
764 2695 904 2766 feminas
921 2695 1056 2765 virtutis
1071 2709 1191 2766 contra
1208 2695 1330 2766 sortem
1343 2701 1510 2766 armatum
1528 2695 1570 2765 ad
1588 2694 1701 2791 praelia
1719 2695 1958 2790 procedentes,
1976 2695 2037 2766 du·

449 2817 569 2888 ctrices
584 2815 659 2886 lieri
671 2816 835 2887 exercitus
852 2815 1007 2906 Domini,
1029 2837 1135 2910 quum
1153 2830 1187 2886 et
1204 2813 1273 2906 illa,
1289 2815 1381 2911 quod
1398 2815 1536 2912 quidem
1552 2816 1711 2888 indecens
1727 2816 1922 2906 videbatur,
1939 2840 2039 2886 manu

448 2951 562 3007 minen
588 2935 728 3031 propria
750 2949 871 3005 eontra
887 2933 1001 3004 hostes
1017 2936 1235 3030 pugnaverit,
1259 2950 1295 3005 et
1313 2936 1384 3006 haee
1400 2952 1516 3008 nostra
1531 2937 1670 3006 Debora
1686 2937 1777 3007 viros
1793 2937 1884 3032 ipsos
1895 2934 1937 3005 ad
1956 2933 2038 3005 bella

448 3057 563 3128 divina
582 3057 822 3145 commoverit,
844 3056 1043 3145 armaverit,
1067 3055 1280 3127 accenderit?
1296 3058 1399 3128 Victo
1416 3045 1539 3128 dehinc
1555 3059 1655 3128 labin
1677 3081 1773 3154 rege,
1795 3058 1908 3128 occiso
1930 3059 2039 3128 Sisara

448 3177 552 3267 duce,
575 3176 686 3250 deleto
705 3177 885 3274 prophano
904 3177 1074 3268 exercitu,
1096 3179 1219 3249 cecinit
1238 3179 1351 3250 statim
1368 3179 1537 3250 canticum
1552 3178 1627 3270 illa,
1643 3177 1796 3274 illudque
1805 3179 1872 3249 Dei
1887 3177 2039 3250 laudibus

447 3299 569 3372 devota
582 3299 735 3372 dicavit¹.
754 3299 845 3390 Erit,
858 3299 922 3369 Dei
939 3299 1048 3395 gratia
1063 3300 1130 3370 hoe
1142 3299 1299 3390 faciente,
1318 3315 1396 3396 post
1406 3300 1518 3372 datam
1533 3301 1596 3371 tibi
1613 3301 1748 3396 tuisque
1759 3299 1802 3370 de
1814 3297 1913 3396 longe
1925 3299 2039 3370 fortio-

448 3421 541 3492 rihus
558 3420 715 3492 hostibus
732 3420 922 3510 victoriam,
945 3419 1046 3516 longe
1064 3435 1159 3492 tuum
1177 3419 1356 3518 gloriosius
1380 3423 1570 3512 canticum,
1593 3421 1686 3518 quod
1706 3422 1754 3492 sic
1775 3419 1851 3492 laets
1868 3421 2034 3510 cantabis,

447 3554 487 3610 ut
503 3563 678 3634 nunquam
696 3552 813 3633 postea
838 3536 964 3628 laetari,
984 3562 1161 3634 nunquam
1183 3553 1320 3610 cantare
1343 3539 1494 3612 desistas.
1528 3542 1676 3612 Interim*
1696 3541 1763 3612 eris
1792 3537 1921 3610 ancillis
1952 3540 2034 3628 Dei,

447 3661 514 3730 hoe
538 3675 589 3730 est
609 3657 736 3730 scelesti
755 3658 935 3748 exercitui,
955 3658 1047 3755 quod
1065 3658 1122 3730 illa
1139 3683 1200 3732 suo
1216 3661 1355 3756 judaico
1373 3661 1501 3759 populo
1518 3663 1659 3734 Debora
1676 3687 1686 3731 t
1706 3682 1801 3733 neca
1819 3677 1887 3732 tam
1908 3660 2037 3732 lucroso

448 3777 644 3869 cermmine,
656 3775 770 3874 dique
787 3792 952 3873 tempore,
971 3775 1125 3874 quolibet
1141 3803 1233 3871 casu,
1254 3781 1320 3852 nisi
1335 3779 1506 3854 rinoendc
1519 3781 1676 3854 cessabis.
1688 3783 1735 3852 Et
1744 3781 1823 3877 quia
1834 3780 1900 3850 boo
1916 3803 2035 3849 nomen

448 3899 598 3989 Debora‚
618 3914 659 3970 ut
673 3915 730 3970 tna
744 3899 840 3970 norit
852 3898 1013 3990 eruditio,
1034 3898 1151 3997 lingua
1165 3902 1323 3974 hebraica
1341 3925 1438 3998 spem
1453 3903 1624 4000 designat;
1641 3904 1707 3973 eris
1721 3902 1821 3972 etiam
1834 3903 1869 3970 in
1880 3901 1947 3971 hoc
1957 3913 1991 3968 et
2001 3913 2037 3968 tu

448 4019 601 4110 Debere,
617 4019 652 4089 id
669 4033 720 4090 est
734 4019 820 4116 apis.
839 4017 1051 4092 Mellilicahis
1066 4022 1158 4092 enim
1177 4037 1233 4114 tu,
1252 4024 1394 4094 sednon
1411 4023 1474 4096 soli
1491 4024 1572 4114 tihi,
1593 4024 1673 4120 quia
1693 4020 1856 4120 quicquid
1874 4021 1957 4090 boni
1979 4041 2038 4113 per

447 4139 596 4211 diversos
612 4156 646 4211 et
664 4166 684 4212 a
700 4139 840 4211 diversis
856 4137 1036 4236 collegisti,
1055 4141 1222 4239 exemplo,
1242 4143 1360 4235 verbo,
1382 4144 1559 4240 modisque
1577 4143 1700 4239 quibus
1717 4141 1862 4238 poteris,
1881 4139 2038 4209 domesti-

447 4261 494 4331 cis
507 4260 680 4332 sororibus
695 4285 756 4330 seu
769 4258 976 4354 quibuslibet
991 4260 1083 4353 aliis,
1101 4278 1211 4334 toturn
1228 4263 1397 4336 relirndes.
1418 4265 1563 4336 Satiahis
1579 4264 1645 4334 hoc
1657 4263 1778 4359 exiguo
1795 4263 1872 4333 ritae
1889 4258 2037 4331 mortalis

446 4395 600 4476 tempore
616 4394 652 4450 et
667 4393 701 4450 te
718 4379 826 4476 ipsam
841 4405 1015 4452 marum
1029 4380 1218 4456 litterarum
1235 4401 1361 4457 secreta
1375 4385 1568 4475 dulcedine,
1588 4400 1623 4456 et
1640 4385 1756 4456 beatas
1771 4407 1904 4454 sorores
1924 4395 2036 4476 aperta

447 4500 705 4598 praedicatione,
725 4525 914 4598 quousque,
930 4503 1027 4597 juxta
1046 4529 1164 4578 vocem
1185 4507 1438 4602 propheticam,
1458 4507 1494 4576 in
1518 4505 1592 4596 illa,
1615 4529 1691 4601 quae
1715 4505 1943 4601 promittitur,
1967 4501 2033 4589 die,

447 4619 613 4692 distillent
629 4635 761 4692 montes
774 4637 934 4693 eternam
951 4622 1166 4696 dulcedinem
1173 4628 1197 4716 ⁸,
1213 4642 1247 4698 et
1261 4626 1361 4699 colles
1374 4627 1482 4699 fluant
1497 4626 1595 4698 lacet
1611 4625 1690 4698 mel.
1711 4629 1786 4696 Hoc
1798 4626 1889 4695 enim
1903 4621 1981 4692 licet
1994 4621 2036 4691 de

448 4757 600 4839 tempore
615 4743 732 4838 gratiae
748 4741 897 4835 dicatur,
915 4743 965 4814 nil
980 4745 1104 4837 obstet,
1119 4748 1188 4818 imo
1204 4763 1240 4820 et
1253 4748 1384 4820 dulcius
1398 4765 1462 4838 est,
1480 4764 1520 4820 ut
1534 4749 1578 4820 de
1594 4765 1748 4844 tempore
1766 4745 1881 4842 glorie
1896 4743 2037 4838 accipia-

448 4878 516 4934 tur.
536 4861 644 4933 Dulce
659 4863 741 4934 mihi
759 4879 844 4935 esset
858 4863 918 4936 diu
932 4880 1043 4936 tecum
1057 4866 1100 4938 de
1116 4867 1307 4963 hujusmodi
1324 4870 1522 4965 protrahere
1540 4894 1749 4956 sermonem,
1769 4868 1849 4963 quia
1863 4880 1898 4936 et
1910 4865 2036 4935 famosa

480 5071 489 5102 ⁴
509 5071 611 5134 Erech„
627 5087 684 5141 cap.
698 5091 716 5126 r.
727 5101 759 5113 -
768 5071 860 5130 'orta
875 5075 975 5130 lemn.
988 5077 1033 5130 lib.
1048 5077 1091 5141 tv,
1102 5095 1125 5131 v.
1136 5079 1195 5132 ⁴28.
1206 5079 1255 5120 -⁸
1266 5081 1365 5145 lautia..
1376 5083 1451 5144 Fut„
1462 5080 1555 5145 libii,
1567 5095 1624 5148 cap.
1644 5095 1678 5144 tt,
1700 5097 1723 5132 r.
1745 5079 1786 5130 31.
1795 5105 1827 5117 -
1838 5075 1971 5129 ‘indicum
1994 5073 2035 5134 Ν.

447 5177 502 5231 esp.
514 5179 546 5214 ru.
561 5187 592 5200 -
601 5160 612 5189 ⁸
621 5160 697 5228 thid..
708 5177 764 5226 can.
776 5180 798 5217 r.
810 5191 842 5206 -
852 5163 946 5228 ‘doch
958 5181 1015 5234 cap.
1025 5185 1051 5230 r,
1062 5181 1086 5220 r.
1099 5169 1137 5220 18.
