4588 6106
933 647 1170 718 EPlSTOLAE.
1770 647 1834 720 181

257 782 387 852 rimum
406 782 619 873 exhortans,
640 785 808 856 annexuit
826 785 973 857 dicens:
998 816 1016 854 v
1034 792 1160 858 Fateor
1178 811 1301 859 coram
1322 790 1418 878 De0‚
1445 812 1487 859 ex
1509 811 1583 885 quo
1608 790 1684 858 Deo
1710 789 1841 860 servire

256 902 370 1002 ooepi,
391 903 577 999 quomodo
595 903 738 976 difficile
756 929 834 975 sum
854 920 1019 1004 expertus
1037 907 1201 978 meliores
1219 931 1328 1003 quam
1350 907 1413 1003 qui
1432 908 1470 978 in
1489 908 1713 979 monasteriis
1725 907 1842 1005 profe·

255 1037 401 1113 cerunt,
425 1023 472 1094 ita
490 1048 564 1096 non
580 1049 659 1096 sum
677 1040 843 1124 expertus
861 1026 1001 1124 pejores
1015 1051 1124 1123 quam
1142 1026 1257 1123 quiin
1273 1027 1495 1098 monasteriis
1515 1027 1735 1099 ceciderunt.
1757 1055 1774 1093 u
1791 1031 1842 1099 lta

259 1158 297 1214 ut
313 1142 418 1231 binc,
445 1143 621 1234 arbitror,
646 1146 682 1216 in
701 1145 922 1242 Apocalypsi
938 1147 1132 1244 scriptum¹
1153 1173 1160 1216 :
1189 1150 1341 1218 «iustus
1355 1146 1485 1242 justior
1508 1145 1589 1235 fiat,
1617 1161 1653 1217 et
1676 1145 1842 1217 sordidus

258 1262 437 1335 sordescat
454 1264 584 1336 adhue.
605 1294 623 1332 u
642 1270 753 1337 Tanta
766 1267 871 1362 igitur
885 1267 1115 1338 correctionis
1130 1265 1303 1337 districtio
1318 1268 1380 1355 sit,
1398 1281 1436 1337 ut
1450 1291 1671 1364 quaecunque
1682 1267 1718 1337 in
1735 1267 1843 1339 altera

258 1385 384 1457 viderit
401 1386 501 1482 quod
520 1387 772 1483 corrigendum
787 1387 855 1476 sit,
875 1403 910 1459 et
927 1387 1115 1475 celaverit,
1139 1387 1290 1484 graviori
1309 1385 1489 1483 subjaceat
1506 1387 1717 1486 disciplinae,
1734 1410 1844 1484 quam

258 1503 312 1574 illa
332 1529 410 1601 quae
428 1505 498 1576 hoc
512 1507 702 1578 commisit.
727 1505 829 1578 Nulla
847 1506 952 1604 igitur
969 1507 1026 1579 vel
1047 1532 1151 1578 suum
1166 1506 1222 1578 vel
1241 1506 1383 1578 alterius
1406 1505 1575 1578 delictum
1593 1531 1759 1578 accusare
1779 1506 1845 1578 dil·

258 1623 355 1694 lerat.
369 1629 599 1722 Quaecunque
619 1651 703 1696 vero
722 1651 759 1698 se
771 1651 942 1698 accusans
954 1626 1039 1698 alias
1050 1627 1272 1724 praevenerit,
1294 1627 1384 1698 sicut
1395 1628 1564 1725 scriptum
1578 1630 1672 1698 est²:
1692 1655 1709 1692 a
1726 1630 1845 1698 iustus

259 1745 356 1839 prior
369 1759 422 1816 est
433 1761 616 1817 aecusator
627 1745 702 1836 sui,
722 1775 739 1813 n
762 1748 940 1818 mitiorem
958 1761 1115 1818 meretur
1132 1745 1375 1845 disciplinam,
1395 1747 1424 1817 si
1442 1747 1517 1843 ejus
1536 1746 1722 1817 cessaverit
1734 1745 1844 1842 negli-

258 1864 385 1960 gentia.
405 1864 505 1936 Nulla
521 1889 606 1936 vero
625 1865 729 1937 aliam
749 1890 917 1937 excusare
935 1879 1150 1965 praesumat,
1174 1866 1242 1936 nisi
1260 1866 1350 1936 lorte
1369 1867 1568 1937 diaconissa
1587 1863 1633 1934 ab
1652 1863 1727 1934 aliis
1742 1864 1844 1960 igno·

259 1999 330 2056 tam
348 1985 399 2054 rei
416 1985 600 2056 veritatem
616 1985 821 2082 interroget.
846 1984 949 2056 Nulla
969 2008 1126 2081 unquam
1144 1983 1250 2055 aliam
1268 1983 1404 2056 caedere
1422 2009 1490 2082 pro
1508 2008 1722 2081 quacunque
1740 1982 1845 2081 culpa

259 2119 466 2199 praesumat,
486 2105 554 2176 nisi
579 2105 637 2176 cui
654 2105 856 2200 injunctum
873 2105 976 2178 luerit
994 2129 1014 2174 a
1033 2103 1245 2174 diaconissa.
1267 2104 1447 2202 Scriptum
1466 2117 1519 2174 est
1536 2116 1657 2172 autem
1676 2100 1720 2172 de
1743 2101 1845 2172 disci-

258 2222 352 2319 plina
368 2226 620 2296 correctionis³
635 2254 642 2296 :
662 2255 679 2294 a
695 2209 925 2323 Disciplinam
938 2224 1106 2312 Domini,
1127 2221 1177 2293 lili
1192 2226 1265 2312 mi,
1282 2248 1328 2294 ne
1341 2221 1495 2318 abjicias.
1512 2225 1564 2293 Ne
1577 2220 1720 2292 deficias
1732 2247 1844 2320 quum

258 2341 304 2413 ab
326 2368 371 2414 eo
399 2346 601 2443 corriperis.
628 2349 745 2434 Quem
763 2346 858 2416 enim
880 2343 993 2441 diligit
1012 2344 1189 2415 Dominus
1208 2342 1377 2442 corripit,
1411 2357 1446 2414 et
1470 2343 1572 2439 quasi
1594 2357 1695 2441 pater
1713 2343 1749 2412 in
1770 2341 1844 2414 filio
1927 2379 1931 2390 ¹

257 2462 454 2561 complacet
467 2465 545 2536 sibi.
568 2495 584 2531 u
608 2471 696 2536 ltem
725 2495 732 2536 :
764 2494 782 2534 u
798 2467 869 2554 Qui
883 2465 994 2563 parcit
1009 2465 1132 2560 virgae,
1150 2463 1227 2534 odit
1243 2462 1357 2534 lilium
1373 2490 1381 2533 ε
1399 2463 1462 2560 qui
1476 2477 1593 2533 autem
1608 2461 1720 2559 diligit
1729 2462 1842 2553 illum,

258 2583 428 2656 instanter
446 2585 594 2656 erudb‘.
614 2586 801 2658 Pestilente
815 2583 990 2681 flagellato
1004 2584 1131 2655 stultus
1155 2583 1347 2681 sapientior
1361 2583 1427 2653 erit
1438 2586 1460 2653 ⁵.
1478 2581 1647 2653 Mulctato
1660 2581 1846 2680 pestilente

258 2708 449 2803 sapientior
480 2709 546 2779 erit
569 2708 738 2806 parvulus
762 2709 783 2778 ⁸.
823 2706 1015 2804 Flagellum
1040 2729 1157 2803 equo,
1181 2718 1217 2776 et
1241 2702 1391 2775 chamus
1413 2703 1538 2787 asine,
1564 2718 1599 2774 et
1622 2703 1720 2799 virga
1738 2703 1846 2774 dorso

258 2829 539 2928 imprudentium
551 2833 572 2898 ⁷.
595 2828 829 2926 Quicorripit
848 2827 1034 2898 hominem
1051 2840 1175 2924 postea
1194 2824 1350 2896 inveniet
1368 2822 1465 2920 apud
1482 2848 1588 2911 eum,
1609 2823 1719 2919 magis
1736 2846 1846 2920 quam

259 2947 315 3022 ille
340 2952 400 3048 qni
426 2977 491 3050 per
514 2949 642 3048 linguae
666 2948 911 3021 blandimenta
931 2948 1065 3046 decipit
1076 2951 1097 3018 ⁸.
1127 2947 1253 3018 Omnis
1272 2959 1390 3016 autem
1411 2943 1596 3043 disciplina
1621 2944 1658 3014 in
1682 2946 1845 3042 praesenti

260 3070 347 3166 quid
360 3069 501 3142 videtur
515 3095 588 3142 non
608 3095 684 3141 esse
705 3067 845 3166 gaudii,
866 3067 930 3140 sed
949 3067 1124 3137 moeroris.
1144 3070 1269 3136 Postea
1282 3079 1402 3136 autem
1412 3062 1566 3134 fructum
1581 3062 1845 3161 pacatissimum

260 3191 456 3262 exercitatis
480 3217 544 3288 per
567 3216 647 3262 eam
665 3187 791 3262 reddet
810 3188 983 3286 justitiae'.
1006 3185 1176 3258 Confusio
1197 3185 1308 3283 patris
1326 3197 1379 3254 est
1398 3184 1432 3254 in
1458 3181 1532 3253 filio
1557 3180 1842 3280 indisciplinato,

259 3307 329 3380 filia
348 3325 466 3381 autem
485 3312 580 3383 fatua
598 3311 633 3380 in
653 3309 940 3382 deminoratione
960 3307 1025 3378 erit
1036 3308 1067 3374 ¹⁰.
1085 3305 1156 3392 Qui
1173 3303 1287 3400 diligit
1299 3301 1430 3392 lilium,
1447 3299 1603 3371 assiduat
1614 3299 1665 3371 illi
1683 3298 1843 3396 flagella,

260 3443 299 3500 ut
315 3429 451 3502 laetetur
470 3433 505 3501 in
523 3430 717 3502 novissimo
728 3432 758 3497 ¹¹.
780 3428 851 3516 Qui
865 3426 972 3498 docet
988 3423 1120 3512 filium,
1138 3422 1342 3494 laudabitur
1361 3422 1399 3491 in
1418 3419 1504 3509 illc,
1528 3420 1619 3491 etin
1639 3418 1759 3490 medio
1777 3417 1847 3489 do-

260 3551 489 3622 mesticorum
507 3551 543 3621 in
565 3549 626 3622 illo
645 3549 825 3646 gloriatur.
849 3552 970 3645 Equus
994 3544 1192 3617 indomitus
1210 3542 1337 3614 evadet
1354 3541 1487 3630 durus,
1509 3554 1544 3612 et
1568 3536 1661 3609 filius
1679 3538 1847 3609 remissus

260 3669 565 3770 evadet-praeceps.
582 3676 688 3741 Laeta
702 3669 812 3740 filium
834 3683 956 3756 tuum,
974 3679 1009 3738 et
1026 3679 1216 3764 paventem
1237 3679 1270 3734 te
1285 3661 1397 3734 faciet.
1415 3659 1514 3732 Lude
1528 3685 1610 3731 cum
1626 3684 1689 3749 ec,
1710 3673 1745 3729 et
1762 3682 1846 3729 con·
1961 3683 1969 3691 ·

261 3789 411 3864 tristahit
435 3797 510 3862 te¹¹.
530 3821 548 3859 n
575 3796 616 3863 ln
637 3791 854 3862 discussione
870 3813 957 3860 vero
985 3785 1123 3857 consilii
1149 3783 1294 3855 cuilibet
1321 3806 1423 3854 suam
1449 3779 1609 3880 proferre
1636 3779 1846 3850 sententiam

224 4001 232 4016 ·
261 3910 397 4000 licebit,
415 3911 478 3984 sed
491 3910 668 4010 quidquid
682 3908 850 3982 omnibus
861 3907 1037 3995 videatur,
1052 3903 1259 3976 diaconissa
1272 3902 1457 3974 decretum
1471 3899 1654 3971 immobile
1668 3912 1844 3987 teneatur,

261 4032 296 4102 in
313 4031 413 4127 cujus
432 4030 577 4102 arbitrio
595 4045 723 4105 cuncta
740 4029 960 4116 consistunt3
982 4025 1088 4096 etiam
1107 4024 1156 4112 si,
1177 4020 1277 4119 quod
1296 4020 1410 4110 absit,
1431 4021 1507 4117 ipsa
1520 4017 1677 4106 fallatur,
1694 4032 1730 4088 et
1747 4016 1847 4113 quod

261 4147 415 4224 deterius
428 4165 481 4223 est
498 4153 574 4251 ipsa
586 4150 788 4221 constituat.
808 4146 915 4219 Unde
927 4161 961 4217 et
974 4144 1062 4216 illud
1075 4158 1128 4216 est
1140 4141 1233 4213 beati
1249 4141 1431 4238 Augustini
1444 4139 1536 4211 libro
1553 4135 1819 4233 Confessionum
1835 4165 1842 4206 :

264 4271 448 4344 «Multum
461 4287 583 4370 peccat
597 4271 658 4368 qui
673 4268 883 4350 inobediens
898 4280 951 4338 est
966 4266 1038 4337 suis
1056 4261 1207 4364 praelatis
1229 4261 1267 4332 in
1293 4258 1435 4357 aliquo,
1457 4259 1485 4330 si
1503 4256 1559 4329 vel
1577 4255 1725 4326 meliora
1744 4255 1848 4352 eligat

261 4416 369 4488 quam
387 4417 430 4465 ea
449 4417 528 4490 quae
546 4391 612 4464 sibi
628 4390 811 4488 jubentur.
830 4419 848 4456 u
871 4388 984 4460 Multo
1003 4387 1136 4486 quippe
1150 4383 1275 4456 melius
1293 4397 1343 4453 est
1359 4379 1464 4451 nobis
1482 4378 1718 4466 benefacere,
1736 4399 1847 4474 quam

262 4511 399 4584 bonum
412 4511 540 4584 facere.
558 4515 630 4584 Nec
648 4526 721 4582 tam
741 4507 842 4607 quod
855 4505 929 4597 fiat,
944 4531 1052 4604 quam
1064 4502 1165 4602 quod
1183 4527 1256 4601 quo
1272 4499 1385 4571 modo
1396 4497 1451 4570 vel
1465 4498 1585 4570 animo
1605 4495 1678 4574 fiat.
1692 4518 1846 4594 pensan·

263 4631 349 4704 dum
367 4645 432 4704 est.
454 4637 547 4704 Bene
564 4655 650 4703 vero
671 4630 711 4704 fit
735 4627 911 4727 quidquid
925 4651 990 4726 per
1013 4624 1254 4696 obedientiam
1272 4620 1333 4713 lit,
1357 4620 1464 4692 etiam
1482 4618 1511 4689 si
1530 4615 1629 4715 quod
1646 4615 1687 4686 fit
1708 4613 1848 4686 bonum

185 4809 188 4814 ι
263 4777 338 4826 esse
355 4753 503 4825 minime
517 4751 690 4824 videatur.
710 4755 775 4822 Per
789 4749 911 4821 omnia
923 4749 1043 4844 itaque
1054 4745 1206 4845 praelatis
1219 4759 1271 4815 est
1285 4739 1551 4829 obediendum,
1572 4753 1849 4838 quantacunque

263 4874 331 4946 sint
349 4874 482 4947 damna
499 4899 641 4960 rerum,
669 4873 698 4944 si
716 4870 856 4943 nullum
874 4881 1022 4968 apparet
1038 4867 1164 4938 animae
1181 4862 1393 4964 periculum.
1415 4859 1604 4932 Provideat
1623 4857 1786 4959 praelatus
1809 4872 1851 4928 ut

234 5094 236 5103 ’
297 5105 304 5132 ¹
320 5108 433 5169 apocal„
446 5119 502 5172 cap.
522 5120 591 5167 un,
607 5121 631 5155 ι.
656 5107 696 5153 11.
707 5101 762 5144 ···'
776 5103 863 5161 Pron,
883 5117 939 5167 cap.
962 5115 1036 5161 ιιιιι,
1069 5114 1093 5149 ι.
1108 5099 1147 5146 11.
1158 5122 1189 5134 -
1200 5093 1295 5153 ¹·tbtd.,
1307 5108 1363 5160 cap.
1377 5108 1449 5153 ιιιι,
1464 5108 1488 5142 v.
1499 5093 1573 5141 ta-
1584 5087 1595 5116 ²
1607 5087 1682 5148 lbid,
1693 5102 1749 5153 cap.
1760 5101 1851 5147 ιιιιιι,

265 5205 287 5239 ι.
303 5192 340 5240 17.
350 5215 383 5227 -·
393 5188 404 5216 ⁸
415 5189 490 5248 lbid.,
503 5206 558 5256 cap.
571 5206 611 5249 ιιι,
621 5204 645 5239 ι.
658 5191 683 5236 11
698 5198 723 5238 et
738 5185 822 5238 12.-⁴
832 5184 906 5244 thid„
917 5199 974 5249 cap.
984 5199 1037 5245 ιιιι,
1069 5199 1093 5231 v.
1108 5183 1149 5230 23.
1162 5203 1188 5216 -
1202 5177 1214 5206 ⁰
1227 5180 1297 5235 Hah„
1309 5193 1364 5243 cap.
1377 5191 1424 5233 ιιι,
1435 5191 1459 5226 ι.
1475 5179 1514 5224 11.
1526 5199 1557 5210 -
1571 5172 1593 5200 ‘⁰
1604 5173 1695 5230 Ecclt„
1707 5185 1762 5237 cap.
1778 5186 1829 5220 xxu
1839 5207 1851 5230 ,,

265 5290 290 5323 ι.
299 5277 339 5325 tt.
353 5301 383 5313 -
395 5274 406 5302 ⁸
417 5275 492 5336 lbid.‚
514 5291 569 5341 cap.
589 5291 646 5336 ιιι,
659 5291 682 5324 ι.
698 5273 740 5324 25.
752 5299 783 5308 -
797 5271 807 5298 ⁸
821 5269 894 5333 ibid,
905 5285 961 5335 cap.
975 5284 1036 5328 ιιι,
1070 5283 1093 5317 ι.
1102 5263 1190 5316 a.-¹‘
1202 5263 1277 5326 thid,
1288 5277 1344 5328 cap.
1356 5277 1422 5318 ιιι,
1432 5275 1456 5309 ι.
1471 5267 1478 5307 1
1496 5261 1591 5309 ιιι-2.·-
1601 5257 1623 5286 “
1635 5256 1710 5320 ibid,
1724 5273 1747 5306 v.
1759 5258 1774 5304 8
1785 5265 1811 5305 et
1821 5255 1852 5304 9.
