4510 6108
425 583 1672 700 166611116610616611116166666161116666116.
1709 587 1711 590 Ι
1777 615 1849 688 483

269 767 475 864 quagesima
489 764 548 836 die
560 760 735 848 dandum,
750 773 785 830 et
796 758 911 855 legem
923 759 1054 829 amoris
1069 759 1188 857 potius
1206 784 1315 855 quam
1329 759 1467 829 timoris
1481 757 1756 856 imprimendam
1769 781 1849 828 cor·

270 885 376 957 dibus
386 910 511 956 eorum
527 882 755 981 promiserat,
775 878 934 950 dicens¹:
957 878 1135 974 «Rogabo
1151 893 1291 977 patrem
1307 903 1445 966 meum,
1464 893 1500 949 et
1516 877 1624 949 alium
1640 877 1850 976 paraclitum

271 1004 372 1076 dabit
383 1003 498 1090 vobiS,
514 1017 553 1072 ut
568 1015 712 1072 maneat
724 998 912 1070 vobiscum
926 999 964 1068 in
979 1013 1188 1070 61616616.»
1206 1004 1250 1070 Et
1263 1002 1440 1070 rursum¹:
1460 996 1586 1095 «Apud
1599 1023 1703 1086 vos,»
1718 999 1847 1096 inquit,

272 1152 290 1190 u
304 1121 477 1209 manebit,
492 1121 574 1191 etin
586 1119 689 1191 vobis
701 1120 780 1190 erit.
789 1148 805 1185 u
820 1118 882 1190 Illa
891 1119 1013 1214 utique
1027 1119 1164 1190 mansio
1177 1117 1393 1189 duodecima
1404 1117 1621 1206 Judaeorum,
1637 1141 1709 1214 qua
1719 1116 1774 1188 lex
1786 1117 1849 1189 da-

270 1255 340 1329 tur,
355 1241 526 1338 Spiritum
539 1238 774 1336 praesignabat
787 1263 909 1310 veram
922 1238 1091 1335 apostolis
1105 1237 1219 1334 legem
1232 1236 1466 1325 crediturum,
1482 1237 1566 1307 etin
1585 1237 1634 1308 eis
1648 1261 1722 1307 non
1735 1251 1851 1308 trans·
1917 1317 1925 1336 ι

271 1360 377 1447 itum,
394 1358 457 1430 sed
472 1359 696 1430 mansionem
715 1357 904 1429 facturum.
925 1356 1082 1456 Populus
1096 1357 1154 1428 1116
1170 1356 1216 1428 ad
1230 1356 1345 1453 legem
1360 1355 1456 1428 illam
1474 1355 1732 1454 imperfectam,
1746 1358 1851 1428 tertio

270 1476 329 1549 die
342 1477 619 1574 suscipiendam,
634 1476 778 1549 duobus
787 1501 825 1548 se
836 1479 1048 1576 praeparavit
1057 1476 1197 1549 diebus.
1218 1480 1290 1548 Nos
1300 1476 1345 1548 ad
1358 1501 1566 1574 supremum
1578 1477 1728 1575 Spiritus
1739 1480 1852 1550 sancti

270 1597 484 1685 adventum,
509 1597 571 1693 qui
596 1595 681 1692 legis
698 1597 955 1695 perfectionem
981 1595 1152 1695 apostolis
1179 1596 1313 1686 attulit,
1336 1595 1391 1666 his
1409 1594 1535 1667 6611616
1555 1595 1698 1668 (1661166
1715 1621 1852 1696 praepa·

176 1735 179 1742 ’
270 1741 387 1788 remus
416 1715 559 1805 diebus,
594 1731 634 1787 ut
660 1731 766 1812 tantae
791 1718 910 1812 gratiae
934 1719 1124 1815 participes
1148 1740 1349 1788 mereamur
1377 1739 1464 1787 esse.
1496 1721 1581 1788 Post
1608 1718 1853 1790 ascensionem

270 1835 422 1934 apostoli
434 1859 455 1907 a
468 1851 591 1907 monte
608 1835 737 1908 Oliveti
751 1837 979 1934 Jerosolymae
996 1839 1145 1928 revomi,
1167 1862 1281 1935 quum
1296 1837 1333 1907 in
1350 1836 1575 1908 coenaculum
1590 1837 1849 1928 ascendissent,

270 1955 491 2027 orationibus
518 1971 554 2027 et
583 1956 726 2052 jejuniis
756 1958 972 2054 promissum
999 1958 1150 2055 Spiritus
1177 1957 1292 2029 sancti
1320 1954 1516 2028 adventum
1543 1971 1763 2028 meruerunt.
1799 1962 1852 2030 De

269 2075 399 2171 quibus
426 2075 587 2173 profecto
612 2076 755 2171 jejuniis
782 2091 864 2174 post
894 2078 1140 2148 ascensionem
1163 2099 1267 2147 suam
1295 2074 1439 2163 futuris,
1464 2076 1641 2146 Dominus
1668 2076 1745 2173 ipse
1762 2102 1852 2175 prae·

270 2194 422 2266 dixerat⁸
441 2223 450 2265 :
471 2195 657 2266 «Venient
672 2193 768 2284 dies,
791 2219 904 2291 quum
921 2196 1099 2267 auferetur
1115 2193 1161 2266 ab
1178 2195 1228 2266 eis
1244 2219 1414 2293 sponsuS,
1439 2209 1475 2266 et
1489 2209 1576 2265 1666
1587 2193 1815 2290 jejunabunt.
1833 2225 1850 2262 1

273 2319 354 2386 Post
373 2316 493 2411 itaque
516 2314 591 2385 dies
607 2313 846 2410 jejuniorum,
869 2315 956 2386 istos
978 2314 1054 2387 dies
1070 2328 1259 2412 sequentes
1285 2329 1368 2412 post
1391 2329 1535 2387 octavas
1557 2314 1800 2404 Ascensionis,
1819 2331 1855 2387 et

270 2433 509 2531 praecedentes
536 2431 633 2504 diem
658 2438 902 2522 Pentecostes,
930 2458 1005 2505 non
1036 2433 1233 2530 incongrue
1261 2435 1476 2533 accepimus.
1501 2437 1623 2520 Quum
1636 2434 1740 2506 'enim
1757 2433 1853 2506 festi·
1935 2517 1938 2524 ,

270 2555 359 2626 vitas
380 2553 604 2625 ascensionis
623 2552 756 2626 habeat
776 2568 940 2644 octavas,
962 2569 1081 2626 totum
1097 2553 1186 2626 illud
1210 2569 1351 2653 tempus
1374 2567 1457 2624 octo
1474 2551 1615 2624 dierum
1629 2554 1853 2626 Ascensionis

270 2689 323 2746 est
350 2673 564 2760 dicendum;
596 2673 681 2770 quia
704 2697 857 2771 sponsus
882 2674 920 2745 in
948 2673 1059 2746 coelos
1082 2672 1296 2761 ascendens,
1324 2671 1509 2745 obtutibus
1525 2672 1773 2771 apostolorum
1788 2698 1853 2772 per

251 2794 493 2892 presentiam
519 2793 636 2864 carnis
660 2793 861 2866 subtractus
885 2793 1016 2865 dicitur
1044 2794 1101 2867 vel
1123 2793 1274 2868 ablatus.
1313 2793 1417 2865 Unde
1440 2817 1539 2863 6666
1563 2792 1638 2866 duo
1662 2809 1851 2893 praesentes

270 2915 345 2987 dies
356 2913 555 2986 secundum
568 2912 788 2986 dominicam
801 2915 1014 2987 sententiam
1023 2914 1167 3011 jejuniis
1180 2912 1378 3012 deputandi
1393 2905 1573 2984 videntur.
1590 2915 1677 3000 Quae
1688 2913 1851 3012 profecto

141 3089 143 3092 -
266 3033 401 3130 jejunia
420 3057 495 3103 666
512 3033 729 3132 poenitentiae
748 3047 849 3122 sunt,
869 3047 909 3106 61
925 3055 947 3105 6
962 3034 1116 3132 peccatis
1138 3056 1352 3132 purgemur,
1370 3029 1434 3103 sed
1457 3045 1497 3102 ut
1514 3029 1698 3104 desideriis
1712 3034 1852 3105 accensi

271 3152 318 3225 ad
333 3151 557 3249 sequendum
584 3177 775 3251 sponsum,
793 3167 896 3226 tanto
923 3152 1075 3252 amplius
1100 3153 1251 3251 Spiritus
1267 3153 1382 3224 sancti
1398 3173 1600 3224 mereamur
1614 3151 1848 3245 descensum,

269 3287 406 3369 quanto
423 3271 605 3344 ardentius
624 3272 672 3345 ad
688 3271 806 3363 illum,
824 3272 1010 3371 sequendo
1027 3271 1225 3362 Christum,
1249 3271 1459 3344 anhelamus
1475 3295 1675 3344 ascensum.
1695 3273 1800 3346 Unde
1815 3288 1853 3346 ct

271 3393 420 3492 ipsemet
437 3394 523 3465 ait⁴z
545 3395 651 3466 «Nisi
671 3418 738 3490 ego
755 3392 895 3484 abiem,
916 3394 1107 3466 Paraclitus
1129 3419 1203 3466 non
1224 3394 1390 3466 veniet.»
1410 3393 1520 3481 Quod
1533 3407 1587 3464 est
1606 3391 1755 3466 dicere:
1778 3397 1853 3468 Nisi

272 3513 405 3586 avobis
415 3537 607 3601 recesser0‚
620 3513 783 3612 superius
796 3512 1039 3604 ascendend0,
1053 3535 1284 3612 nequaquam
1295 3511 1362 3584 iilis
1371 3537 1437 3586 vos
1445 3510 1631 3585 desideriis
1639 3511 1848 3606 accendam,

270 3634 401 3733 quibus
421 3633 643 3706 advenientis
667 3634 818 3732 Spiritus
840 3635 1116 3732 promereamini
1139 3637 1302 3731 gratiam.
1321 3640 1422 3707 Hanc
1440 3634 1516 3732 ipse
1532 3633 1682 3732 Spiritus
1702 3637 1852 3732 gratiam

271 3781 339 3828 nos
360 3756 410 3827 ita
426 3755 531 3827 faciat
552 3755 746 3852 praevenire
756 3768 822 3862 ²'ut
836 3755 955 3853 ipsum
973 3755 1019 3825 ab
1036 3779 1079 3826 eo
1097 3777 1299 3826 mereamur
1314 3756 1509 3852 percipere.
1534 3757 1659 3826 Amen.

305 3993 312 4020 ¹
331 3993 580 4060 1616.,6ιρ.111,1.
598 3995 635 4044 16.
648 4019 680 4032 -
691 3992 701 4021 ’
714 3993 788 4054 thid„
801 4010 823 4046 1.
839 3997 921 4045 11.-
932 3995 941 4022 “
951 3993 1049 4056 1161111..
1059 4007 1115 4061 cap.
1125 4009 1166 4058 rx,
1177 4010 1201 4045 1.
1215 3995 1254 4046 15.
1268 4021 1295 4032 -
1307 3992 1318 4022 ⁸
1330 3993 1412 4056 1666,
1425 4008 1483 4060 cap.
1496 4009 1552 4055 xn,
1562 4009 1585 4044 1.
1598 3995 1623 4044 t.
