4510 6108
467 571 540 642 510·
1013 573 1018 581 '
1067 568 1196 640 Pffl'tu
1222 567 1455 641 ABAELARDI

468 724 576 806 atque
592 711 745 808 propriis
760 710 935 782 vaticiniis
950 709 1174 807 designatus,
1193 725 1264 782 eta
1280 711 1413 782 caeteris
1430 708 1604 782 discretus
1619 711 1739 806 itaque
1754 726 1968 807 segregatus.
1987 714 2051 786 llic

469 817 524 902 est
537 829 746 904 rhinoceros
762 856 825 904 seu
842 856 1057 904 monoceros
1081 831 1140 903 ille
1160 830 1290 902 divinis
1311 830 1421 903 hodie
1440 828 1526 902 loris
1550 829 1758 920 adstrictus,
1780 832 1844 929 qui
1867 833 2050 929 pristinam

469 951 644 1025 feritatem
665 952 847 1051 deposuit,
871 969 907 1026 et
925 955 1072 1026 Domini
1089 954 1176 1050 jugo
1192 951 1351 1040 deditus,
1370 952 1604 1049 divinumque
1620 967 1778 1024 aratrum
1797 951 1960 1045 trahens,
1980 954 2049 1051 gle-

468 1072 532 1144 bas
547 1072 693 1144 vallium
713 1073 875 1170 frangere
896 1075 1016 1172 coepit.
1036 1078 1089 1146 De
1105 1076 1205 1170 cujus
1228 1072 1382 1146 mirabili
1403 1073 1639 1144 conversione
1660 1085 1695 1143 et
1717 1073 1792 1169 ipse
1814 1073 1991 1144 Dominus
2005 1075 2050 1146 ad

468 1190 613 1263 beatum
629 1191 698 1264 lob
713 1193 883 1291 loquens,
901 1209 937 1264 et
951 1194 1119 1264 virtutem
1136 1216 1251 1281 suam,
1262 1215 1334 1290 qua
1349 1189 1387 1262 id
1403 1192 1537 1288 potuit,
1556 1188 1806 1286 magnificans,
1818 1190 1885 1262 ait¹
1901 1217 1909 1260 ε
1927 1219 1945 1258 u
1960 1195 2052 1264 Nun·

468 1313 555 1409 quid
578 1312 788 1386 rhinoceros
808 1314 904 1385 volet
925 1314 1056 1386 servire
1073 1312 1158 1385 tibi?
1172 1339 1189 1378 u
1208 1313 1294 1383 acsi
1311 1311 1445 1383 diceret
1466 1338 1474 1380 :
1493 1311 1596 1382 sicuti
1613 1309 1720 1400 mihi,
1741 1340 1759 1379 u
1778 1325 1840 1382 aut
1855 1309 2052 1384 morabitur

468 1433 513 1502 ad
539 1457 695 1533 praesepe
716 1436 838 1506 tuum?
863 1433 1032 1532 Nunquid
1054 1433 1212 1528 alligabis
1238 1431 1505 1504 rhinocerotem
1525 1429 1571 1503 ad
1590 1430 1767 1503 arandum
1788 1431 1868 1502 loro
1888 1447 1969 1520 tuo,
1992 1449 2052 1505 aut

468 1554 669 1652 confringet
689 1556 809 1652 glebas
824 1556 970 1636 uallium
986 1569 1067 1652 post
1083 1553 1138 1625 te?
1160 1552 1330 1650 Nunquid
1349 1552 1500 1624 habebis
1517 1551 1685 1624 fiduciam
1701 1553 1738 1626 in
1756 1576 1886 1648 magna
1912 1552 2050 1625 sortitu·

469 1674 553 1747 dine
582 1677 678 1773 ejus,
708 1693 743 1748 et
768 1677 992 1774 derelinques
1020 1676 1053 1745 ei
1079 1673 1218 1745 labores
1243 1675 1347 1745 tuos?
1374 1672 1543 1769 Nunquid
1569 1673 1693 1745 credes
1720 1673 1776 1762 ei,
1800 1674 1901 1771 quod
1928 1673 2051 1746 reddat

468 1809 665 1866 sementem
678 1793 757 1882 tibi,
777 1809 811 1864 et
827 1819 945 1865 aream
964 1809 1062 1864 tuam
1078 1794 1289 1888 congreget?
1301 1820 1319 1859 »
1338 1791 1446 1878 Quod
1461 1790 1587 1862 beatus
1603 1793 1809 1888 Gregorius,
1822 1789 1917 1863 libro
1932 1797 2052 1862 Moro-

470 1914 556 1984 lr'um
569 1919 698 2002 XXXl,
716 1912 761 1984 de
776 1912 884 1984 beato
901 1912 1055 2010 denique
1077 1912 1187 1984 Paulo
1204 1911 1392 2007 diligenter
1404 1913 1575 2010 exponit¹
1594 1939 1602 1982 ε
1629 1941 1647 1980 n
1663 1911 1943 2001 Rhinocerotus,
1961 1939 1976 1979 u
1998 1914 2053 1984 in·

469 2035 558 2129 quit,
581 2063 598 2100 «
610 2033 793 2104 indomitae
809 2035 959 2104 omnino
977 2047 1111 2104 naturae
1127 2048 1192 2120 est,
1207 2033 1256 2103 ita
1271 2046 1311 2102 ut
1327 2033 1356 2102 si
1372 2031 1520 2129 quando
1536 2047 1660 2130 captus
1677 2032 1795 2120 luent,
1809 2031 1924 2103 teneri
1941 2033 2052 2104 nulla·
2154 2111 2158 2120 ¹

448 2223 452 2232 ,
467 2166 571 2226 tenus
588 2154 711 2250 possit.
731 2153 924 2250 Impatiens
940 2153 1086 2249 quippe,
1104 2167 1144 2223 ut
1158 2152 1282 2240 sertur,
1300 2152 1395 2223 illico
1412 2151 1575 2223 moritur.
1596 2153 1679 2248 Ejus
1690 2176 1777 2223 vero
1793 2175 1930 2222 nomen
1944 2151 2051 2224 latina

469 2271 589 2368 lingua
605 2276 876 2371 interpretatum
892 2287 1000 2344 sonat
1021 2299 1029 2343 ε
1049 2274 1085 2343 in
1102 2297 1331 2344 nare-comu.
1350 2301 1447 2340 u-n
1463 2271 1701 2360 Rhinocerus,
1719 2273 1782 2369 qui
1797 2269 2049 2344 etiam'mono-

431 2479 433 2482 ¹
469 2418 571 2465 ceros
592 2395 712 2490 graecis
732 2394 954 2492 exemplariis
975 2395 1193 2484 nominatur,
1209 2408 1316 2466 tantae
1332 2419 1407 2465 esse
1424 2393 1640 2465 fortitudinis
1656 2392 1803 2482 dicitur,
1822 2409 1862 2464 ut
1877 2393 1975 2466 nulla
1990 2419 2049 2464 ve·

471 2515 633 2586 nantium
650 2515 780 2587 virtute
795 2515 967 2610 capiatur.
987 2513 1056 2584 Sed
1072 2514 1162 2586 sicut
1177 2513 1215 2583 hi
1232 2529 1407 2603 asserunt,
1425 2514 1487 2610 qui
1503 2512 1748 2586 describendis
1764 2514 1906 2585 staturis
1922 2514 2051 2585 anima-

470 2634 557 2706 lium
581 2634 761 2706 laboriosa
794 2634 1064 2730 investigatione
1095 2635 1330 2724 sudaverunt,
1362 2637 1462 2732 virgo
1494 2635 1526 2705 ei
1555 2634 1673 2731 puella
1703 2635 1932 2733 proponitur.
1966 2639 2050 2722 Quae

471 2757 626 2828 venienti
642 2757 759 2826 sinum
776 2755 902 2852 aperit,
914 2756 950 2824 in
967 2780 1040 2851 quo
1057 2755 1231 2842 iudomni
1248 2755 1430 2827 ferocitate
1446 2754 1609 2852 deposita
1621 2769 1728 2852 caput
1744 2754 1905 2852 deponit.
1925 2747 2049 2852 Sioque

470 2876 600 2966 absia,
618 2876 1082 2975 aquibuscapiquaeritur,
1107 2891 1253 2974 repente
1273 2878 1370 2948 velut
1391 2901 1543 2947 enervus
1562 2876 1754 2947 invenitur.
1778 2875 1885 2946 Burei
1907 2899 2050 2973 quoque
2125 2951 2130 2962 ,
2222 2910 2223 2928 .

470 2997 600 3068 coloris
608 3021 684 3070 esse
691 2993 916 3069 describitur.
936 2998 1120 3083 Quietiam
1130 3022 1212 3067 cum
1222 2996 1419 3096 elephantis
1428 2995 1576 3093 quando
1588 3009 1768 3068 certamen
1785 2992 1997 3090 ingreditur,
2008 3017 2050 3064 eo

471 3118 736 3215 cornuquodin
746 3141 833 3189 nare
841 3118 1064 3213 singulariter
1074 3132 1198 3214 gestat,
1211 3133 1373 3189 ventrem
1381 3116 1646 3189 adversantium
1656 3115 1760 3188 ferire
1768 3113 1995 3213 perhibetur-3
2013 3129 2050 3186 ut

470 3262 582 3333 quum
598 3262 639 3308 ea
655 3263 734 3334 quae
748 3237 914 3308 molliora
929 3253 1012 3307 sunt
1028 3237 1209 3326 vulnerat,
1228 3238 1477 3335 impugnantes
1494 3261 1530 3307 se
1547 3235 1648 3306 facile
1663 3248 1809 3306 sternat.
1832 3237 1952 3304 Potest
1967 3257 2050 3329 ergo

471 3383 535 3452 per
550 3357 647 3432 hunc
664 3355 942 3444 rhinocerotem,
960 3358 1016 3428 vel
1032 3372 1127 3428 certe
1143 3373 1432 3446 monocerotem,
1450 3350 1682 3443 unicornem,
1700 3354 1758 3426 ille
1779 3353 1933 3452 populus
1949 3353 2050 3459 intel·

472 3474 548 3570 ligi,
567 3475 628 3570 qui
645 3475 731 3546 dum
749 3475 794 3545 de
814 3489 959 3571 accepta
975 3473 1051 3569 lege
1068 3500 1142 3545 non
1160 3501 1290 3572 opera,
1313 3475 1375 3547 sed
1392 3474 1505 3546 solam
1521 3475 1614 3545 inter
1629 3487 1778 3544 cunctos
1794 3472 1961 3543 homines
1981 3471 2049 3543 ela·

360 3633 381 3662 .
472 3594 607 3663 tionem
632 3595 801 3689 sumpsit,
828 3594 929 3688 qnasi
952 3595 1044 3662 inter
1059 3609 1201 3664 caeteras
1225 3595 1355 3665 bestias
1371 3619 1486 3665 cornu
1501 3594 1671 3689 singulari
1686 3593 1847 3664 certavit.
1871 3589 1961 3662 Inde
1976 3616 2051 3690 pas·

467 3713 604 3782 sionem
632 3737 733 3782 suam
757 3713 955 3800 Dominus,
979 3711 1154 3809 propheta
1175 3730 1344 3802 canente,
1367 3714 1609 3810 praenuntians
1630 3712 1727 3785 ait⁸z
1750 3710 1906 3782 «Libera
1928 3735 1988 3782 me
2006 3710 2062 3782 de'

471 3858 487 3895 n
507 3855 569 3900 ore
586 3829 715 3920 leonis,
736 3846 770 3902 et
787 3855 807 3901 a
824 3830 995 3901 cornibus
1015 3832 1244 3902 unicornium
1262 3831 1500 3903 humilitatem
1516 3855 1646 3902 meam.
1666 3859 1683 3896 u
1705 3835 1772 3901 Tot
1790 3829 1926 3927 quippe
1941 3831 1978 3900 in
1994 3829 2051 3901 illa

468 3964 571 4042 gente
588 3951 777 4022 unicornes
795 3951 848 4022 vel
871 3949 1116 4022 rhinocerotes
1132 3952 1356 4040 extiterunt,
1383 3967 1473 4048 quot
1498 3965 1625 4022 contra
1650 3949 1941 4047 praedicationem
1967 3951 2052 4022 veri·

467 4070 546 4140 tatis
571 4069 616 4140 de
641 4068 725 4164 legis
756 4070 925 4166 operibus
956 4069 1117 4165 gloriati,
1145 4085 1180 4140 et
1205 4069 1300 4140 latua
1332 4070 1487 4141 elatione
1519 4068 1646 4140 confisi
1678 4084 1774 4140 sunt.
1807 4073 1915 4139 Beato
1947 4069 2052 4164 igitur

466 4189 533 4257 tob
568 4188 730 4259 Ecclesiae
762 4203 886 4285 typum
916 4190 1051 4259 tenenti
1091 4187 1222 4258 dicitur
1252 4217 1260 4258 ε
1293 4217 1310 4254 u
1345 4188 1511 4285 Nunquid
1542 4187 1638 4259 volet
1672 4187 1882 4266 rhinoceros
1920 4189 2053 4258 servire

469 4339 485 4373 a
502 4309 587 4378 tihi?
603 4339 620 4375 u
648 4315 696 4380 Ac
716 4310 745 4380 si
775 4309 942 4380 dicatur:
972 4308 1136 4404 nunquid
1169 4309 1267 4379 illu'm
1305 4310 1502 4406 populum,
1536 4333 1644 4406 quem
1680 4305 1864 4405 superbire
1896 4309 1933 4378 in
1966 4331 2054 4378 nece

466 4428 624 4500 fidelium
649 4431 755 4501 stulta
781 4453 845 4500 sua
870 4429 1023 4500 elatione
1049 4428 1296 4518 considerans,
1321 4429 1388 4500 sub
1405 4428 1574 4524 juretuae
1599 4425 1860 4525 praedicationis
1883 4425 2053 4501 inclinas?

425 4633 430 4642 Ι
465 4548 654 4621 subaudis:
671 4565 709 4620 ut
724 4575 804 4645 ege,
820 4551 881 4646 qui
898 4563 934 4618 et
949 4563 1074 4618 contra
1091 4571 1149 4618 me
1165 4547 1264 4618 illum
1281 4546 1450 4643 singulari
1467 4571 1580 4619 cornu
1598 4544 1717 4618 extolli
1733 4545 1936 4644 conspicio;
1955 4559 1990 4616 et
2006 4561 2055 4616 ta·

466 4691 547 4738 men
566 4669 653 4740 mihi
669 4727 676 4758 ,
695 4695 807 4766 quum
823 4667 993 4756 voluero,
1013 4668 1176 4764 protinus
1199 4665 1328 4739 subdo.
1353 4667 1423 4740 Sed
1445 4665 1517 4738 hoc
1541 4666 1668 4738 melius
1689 4664 1929 4753 ostendimus,
1953 4665 1982 4748 si
2008 4664 2055 4738 de

467 4815 595 4882 genere
616 4789 669 4862 ad'
683 4792 839 4888 speciem
860 4805 1092 4862 transeamus.
1121 4789 1183 4860 lllc
1208 4815 1293 4886 ergo
1311 4815 1352 4863 ex
1368 4787 1442 4860 hoc
1455 4789 1592 4888 populo
1609 4802 1645 4859 et
1659 4787 1796 4886 primns
1812 4788 1849 4858 in
1865 4785 2053 4886 superbia,

467 4925 500 4978 et
517 4912 749 5006 postmodum
771 4913 968 5008 praecipuus
989 4911 1086 4984 testis
1107 4911 1142 4982 in
1164 4910 1363 4983 humilitate
1380 4909 1485 4982 nobis
1502 4909 1547 4981 ad
1564 4909 1722 4982 medium
1741 4907 1920 5006 [Paulus]
1938 4907 2055 4980 dedu-

501 5177 508 5203 *
526 5181 587 5239 lob,
600 5197 655 5248 cap.
669 5198 761 5244 xxxix,
774 5199 796 5234 r.
813 5186 838 5234 9.
847 5209 878 5220 -
889 5181 899 5210 ⁸
912 5183 973 5251 Gap.
989 5201 1019 5243 u,
1037 5185 1098 5246 Opp.
1114 5195 1131 5232 t.
1144 5183 1154 5232 l
1165 5221 1172 5254 ι
1182 5183 1227 5232 col.
1242 5185 1300 5233 995.
1313 5210 1343 5218 -
1354 5181 1364 5208 ⁸
1376 5181 1465 5254 Psalm.
1478 5198 1536 5242 xxi,
1548 5195 1573 5230 r.
1585 5181 1625 5258 η,
