4536 6102
458 595 529 666 aas
1055 594 1182 665 rarat
1209 594 1439 704 anaplum

373 730 379 742 '
457 733 654 830 salsuginis.
676 761 694 799 u
713 731 954 803 Tabernacula
969 731 1120 804 mobiles
1139 734 1267 804 domus
1283 748 1385 822 sunt,
1405 731 1573 828 nullaque
1587 731 1776 804 stabilitate
1803 731 1892 821 frrae,
1913 729 2028 828 qualia

458 866 541 922 sunt
550 867 734 949 pastorum
743 851 799 922 vel
810 852 1115 947 peregrinantium
1127 851 1468 944 obumbracula.llis
1479 874 1634 948 corpora
1645 866 1768 923 nostra
1779 864 2029 949 comparantur

459 989 575 1044 morte
599 973 717 1045 adhue
739 972 977 1062 dissolubilia,
1001 997 1068 1043 nec
1090 973 1318 1044 stabilitatem
1341 971 1617 1044 immortalitatis
1641 971 1782 1070 adepta.
1801 978 1855 1044 De
1871 971 2030 1070 qualibus

459 1092 545 1163 dicit
562 1093 772 1191 Apostolus¹
791 1120 798 1162 :
818 1093 888 1163 «Si
906 1092 1120 1163 dissolvatur
1141 1093 1271 1164 domus
1289 1107 1411 1162 nostra
1432 1093 1625 1181 terrestris,
1653 1091 1828 1164 habemus
1850 1095 1887 1164 in
1904 1092 2030 1164 coelum

458 1211 608 1281 domum
625 1235 699 1282 non
718 1211 957 1282 manufactam
975 1235 995 1281 a
1012 1215 1088 1282 Deo
1106 1225 1280 1308 paratam.
1302 1239 1320 1278 u
1349 1214 1443 1280 Dum
1461 1235 1545 1306 ergo
1562 1211 1599 1280 in
1623 1210 1678 1280 bis
1701 1210 1804 1282 luteis
1822 1225 1858 1282 et
1874 1210 2030 1284 mortali·

458 1327 525 1399 bus
542 1330 754 1426 corporibus
774 1353 912 1417 sumus,
930 1330 966 1399 in
984 1327 1221 1399 tabernaculis
1242 1328 1353 1422 magis
1369 1350 1479 1423 quam
1494 1327 1532 1397 in
1549 1326 1717 1398 domibus
1726 1325 1943 1400 habitamus.
1965 1329 2030 1415 Qui

457 1471 542 1542 ergo
553 1447 611 1517 bic
623 1445 741 1519 adhuc
752 1449 1019 1545 peregrinantes
1032 1447 1133 1544 quasi
1140 1445 1410 1518 tabernaculum
1422 1444 1610 1534 habemus,
1623 1470 1737 1541 quum
1750 1445 1796 1518 ad
1813 1446 1963 1517 coelestis
1978 1449 2029 1516 Je-

458 1568 611 1636 rusalem
626 1568 778 1665 patriam
796 1567 1019 1655 venerimus,
1048 1566 1198 1636 domum
1224 1566 1343 1662 potius
1365 1563 1522 1636 habituri
1543 1589 1678 1636 sumus.
1703 1571 1742 1634 ln
1762 1567 1861 1662 cujus
1879 1567 1932 1636 rei
1950 1581 2028 1664 typo

458 1687 612 1786 populus
628 1691 693 1759 Dei
709 1689 865 1786 primum
879 1687 1006 1758 babuit
1021 1685 1291 1759 tabernaculum
1308 1689 1345 1757 in
1364 1687 1525 1778 deserto,
1545 1702 1580 1758 et
1596 1701 1721 1786 postea
1738 1686 1914 1786 templum
1925 1689 1962 1758 in
1976 1692 2028 1758 Je-

458 1810 665 1905 rosolymis,
679 1825 811 1882 terram
824 1809 973 1908 adeptus
990 1810 1250 1908 promissionis,
1263 1824 1299 1880 et
1316 1809 1471 1880 maxima
1483 1810 1580 1906 pacis
1592 1807 1816 1905 jucunditate
1831 1785 1952 1879 fruens
1968 1808 2029 1880 sub

458 1927 667 2018 Salomone,
686 1931 747 2026 qui
765 1954 807 2000 ex
827 1933 974 2002 nomine
990 1953 1135 2028 quoque
1153 1955 1239 2018 suo,
1261 1931 1352 2000 sicut
1368 1944 1404 2000 et
1427 1929 1639 2020 Jerusalem,
1653 1928 1715 2000 ubi
1733 1930 1908 2027 templum
1926 1927 2031 2002 aedtti-

459 2048 569 2135 cavit,
590 2072 714 2145 pacem
727 2048 931 2145 praetendit,
950 2075 1028 2147 quae
1045 2073 1224 2147 nusquam
1235 2050 1304 2120 nisi
1319 2050 1356 2118 in
1374 2048 1433 2120 illa
1449 2049 1642 2121 Jerusalem
1660 2072 1816 2148 superna
1826 2064 1943 2147 potest
1960 2073 2032 2120 esse

459 2189 555 2238 vcra.
570 2147 735 2238 Scribens
752 2169 859 2239 etiam
878 2169 924 2240 ad
943 2145 1136 2240 Hebraicos
1152 2168 1354 2266 Apostolus,
1368 2169 1520 2240 mortale
1535 2168 1723 2265 cujuslibet
1733 2168 2032 2266 corpustaberna·

459 2284 540 2356 culo
557 2301 742 2382 comparat
758 2287 922 2360 dicens¹:
945 2317 962 2356 u
981 2287 1163 2360 Habemus
1177 2289 1286 2360 altare
1300 2345 1309 2378 ,
1326 2290 1373 2359 de
1391 2314 1465 2386 quo
1482 2314 1556 2359 non
1573 2288 1710 2360 habent
1723 2288 1829 2360 edere
1842 2289 1906 2385 qui
1919 2288 2031 2359 taber·

459 2403 588 2474 naculo
608 2405 832 2496 deserviunt,
853 2435 871 2474 a
891 2406 963 2478 hoc
987 2423 1041 2480 est
1067 2407 1365 2505 concupiscentiis
1389 2409 1507 2478 carnis
1530 2408 1642 2503 magis
1665 2431 1774 2504 quam
1790 2407 1931 2504 spiritui
1950 2405 2030 2476 obe·

459 2522 578 2611 diunt,
593 2537 628 2594 et
644 2525 759 2595 ventri
776 2527 887 2621 magis
903 2551 1012 2623 quam
1028 2529 1106 2598 Deo
1121 2526 1350 2598 famulantur.
1368 2531 1475 2598 Terra
1490 2527 1710 2622 salsuginosa
1725 2526 1805 2597 loca
1820 2539 1905 2596 sunt
1917 2525 2029 2611 arida,

458 2657 493 2712 et
508 2642 619 2732 sicca,
639 2667 747 2740 quarn
761 2645 1015 2742 perambulans
1030 2646 1194 2750 diabolus
1210 2648 1369 2745 requiem
1386 2673 1462 2720 non
1479 2648 1628 2736 invenit,
1647 2648 1709 2744 qui
1726 2647 1761 2717 in
1780 2647 1868 2717 locis
1884 2645 2032 2716 humen·

457 2759 551 2831 tibus
573 2760 725 2852 dormit,
742 2765 832 2835 sicut
849 2764 896 2836 ad
912 2766 1079 2837 eumdem
1100 2765 1168 2837 Job
1184 2769 1361 2837 Dominus
1378 2767 1477 2838 dicit.
1497 2767 1631 2862 Onagri
1646 2790 1731 2861 ergo
1751 2763 1982 2836 tabernacula
1998 2764 2031 2834 in

456 2893 549 2952 terra
567 2896 651 2953 sunt
670 2883 789 2972 arida,
810 2885 896 2981 quia
919 2887 1031 2956 virtus
1052 2885 1276 2956 abstinentiae
1303 2887 1341 2956 in
1368 2888 1419 2956 eis
1446 2888 1560 2981 viget,
1587 2909 1743 2983 quorum
1762 2908 1917 2982 corpora
1943 2884 2033 2956 fluxu

430 3081 434 3089 ⁸
455 3001 652 3073 carnalium
668 3005 1038 3102 concupiscentiarum
1052 3029 1280 3102 nequaquam
1297 3019 1382 3076 sunt
1396 3004 1557 3076 humida.

506 3149 523 3188 u
536 3122 742 3192 Contemnit
755 3122 1023 3194 multitudinem
1039 3124 1203 3196 civitatis.
1220 3153 1239 3192 u
1258 3123 1312 3194 ld
1328 3123 1402 3194 dno
1414 3148 1493 3221 quae
1512 3125 1705 3196 novissime
1716 3123 1854 3196 dixerat
1867 3123 1945 3194 duo
1961 3121 2036 3194 sub

450 3239 584 3334 jungit,
601 3244 702 3336 quasi
719 3241 858 3338 singula
872 3243 1018 3339 singulis
1027 3243 1195 3314 reddens.
1216 3243 1270 3314 td
1284 3243 1373 3314 illud
1386 3243 1533 3341 quidem
1553 3270 1562 3314 ε
1584 3244 1680 3314 «Cui
1696 3243 1780 3314 dedi
1797 3245 1833 3313 in
1846 3241 2034 3314 solitudine

456 3358 618 3448 domum,
630 3361 752 3432 »istud
761 3361 868 3433 refert
879 3363 979 3459 quod
991 3387 1088 3434 nunc
1098 3363 1227 3434 dicitur
1239 3391 1247 3436 ι
1261 3391 1279 3431 u
1291 3365 1498 3436 Contemnit
1510 3362 1777 3434 multitudinem
1797 3362 1963 3450 civitatis,
1974 3359 2035 3432 »id

455 3493 508 3548 est
530 3478 768 3575 frequentiam
789 3481 1013 3552 saecularium
1034 3481 1228 3553 bominum
1250 3509 1328 3581 quae
1351 3483 1484 3555 multos
1508 3484 1603 3580 capit
1620 3497 1728 3579 atque
1749 3480 1916 3554 oblectat.
1941 3478 2037 3552 Multi

455 3597 589 3694 quippe
607 3612 690 3668 sunt
711 3600 852 3687 vocati,
880 3600 943 3670 sed
959 3600 1065 3698 pauci
1082 3601 1201 3691 electi,
1226 3616 1261 3673 et
1279 3604 1473 3700 spatiosam
1495 3617 1530 3672 et
1552 3600 1661 3673 latam
1677 3602 1773 3672 viam
1793 3602 1922 3672 mortis
1940 3597 2037 3672 multi

455 3714 717 3811 perambulant.
737 3719 827 3789 Sunt
843 3721 906 3815 qui
921 3719 1050 3790 timore
1066 3720 1123 3790 v'el
1144 3723 1351 3793 necessitate
1368 3721 1486 3819 aliqua
1503 3722 1678 3793 commoti
1700 3719 1747 3793 ad
1762 3707 1903 3792 occulta
1923 3718 2038 3790 solitu·

455 3832 549 3905 dinis
565 3817 609 3906 se¹
618 3836 826 3926 conferunt,
842 3853 878 3910 et
888 3839 959 3911 hoc
975 3865 1017 3911 ex
1032 3841 1218 3912 coactione
1230 3843 1342 3938 magis
1353 3867 1464 3939 quam
1480 3867 1522 3913 ex
1538 3840 1723 3912 voluntate
1739 3839 1889 3928 faciunt,
1903 3837 2037 3909 sicutin

455 3953 530 4024 Elia
541 3955 658 4052 primo
671 3958 807 4054 antiqui
822 3960 947 4058 populi
958 3960 1193 4050 anachoreta,
1213 3960 1270 4032 vel
1288 3962 1324 4031 in
1353 3961 1463 4033 Paulo
1482 3961 1716 4059 postmodum
1734 3959 1851 4058 primo
1867 3956 2039 4029 heremita

454 4072 587 4145 factum
608 4099 683 4146 esse
704 4075 866 4171 legimus.
892 4083 1042 4151 atvero
1071 4079 1231 4176 egregius
1252 4095 1305 4150 est
1328 4104 1349 4150 a
1369 4079 1498 4151 saeculo
1521 4103 1679 4151 recessus
1698 4093 1734 4149 et
1755 4081 1831 4148 Deo
1854 4089 2037 4173 acceptus,

452 4217 564 4287 quum
581 4195 661 4290 quis
682 4211 831 4294 propter
852 4201 968 4270 Deum
989 4197 1159 4296 relinquit
1180 4198 1377 4286 mundum,
1401 4223 1468 4269 nec
1490 4214 1565 4270 tarn
1587 4223 1671 4269 eum
1696 4194 1853 4268 mundus
1874 4192 2038 4292 expellit,

452 4335 561 4407 quam
572 4313 647 4410 ipse
660 4314 838 4387 mundum
847 4317 971 4412 rejicit.
990 4346 1008 4385 a
1025 4323 1069 4390 Et
1080 4318 1276 4389 clamorem
1285 4319 1458 4390 exactoris
1468 4343 1543 4390 non
1557 4317 1669 4407 audit,
1684 4345 1702 4384 u
1719 4339 1761 4388 ac
1773 4315 1803 4386 si
1814 4314 1973 4385 diceret:
1993 4317 2041 4381 Ex

451 4428 523 4502 hoc
544 4449 691 4530 apparet
713 4459 796 4518 erim
817 4437 853 4508 in
876 4453 970 4510 terra
994 4437 1181 4535 salsuginis
1206 4438 1339 4511 habere
1355 4438 1609 4532 tabernacula,
1631 4439 1715 4535 quia
1731 4434 1951 4534 quotidianae
1968 4429 2044 4505 abs·

451 4549 608 4624 tinentiae
629 4555 823 4627 moderatis
840 4558 983 4653 jejuniis
1009 4582 1155 4630 carnem
1177 4559 1322 4648 domat,
1340 4573 1380 4631 ut
1403 4574 1438 4630 et
1457 4557 1765 4656 concupiscentias
1794 4555 1987 4653 reprimat,
2008 4564 2044 4620 et

37 4647 633 5056 Ndefectun
650 4688 785 4746 naturae
799 4699 874 4748 non
893 4677 1063 4748 incurrat.
1084 4683 1314 4777 Importunus
1331 4693 1366 4749 et
1382 4677 1617 4775 quotidianus
1629 4689 1773 4746 exactor
1789 4673 1825 4744 in
1844 4673 1955 4743 nobis
1968 4694 2037 4740 ven

452 4799 506 4857 ter
521 4805 586 4878 est,
605 4794 667 4888 qui
686 4794 807 4865 cibum
825 4821 846 4868 a
866 4795 971 4868 nobis
987 4797 1162 4894 exigendo
1181 4799 1282 4895 quasi
1300 4797 1461 4894 quotidie
1483 4807 1696 4883 murmurat,
1712 4808 1748 4864 et
1762 4791 1910 4862 clamat:
1928 4787 2042 4874 bifar,

240 4929 244 4936 ·
452 4904 930 5008 afferlllicquidemvocem
942 4916 1167 4990 moderatam
1177 4910 2047 5004 babetinnecessariis,sedclamoremintempe-
2223 4941 2224 4966 1

449 5054 482 5088 κ

489 5093 556 5164 *tm¹

588 5181 613 5212 ⁴*
630 5184 670 5244 tt,
681 5201 736 5252 cap.
748 5203 772 5249 r,
784 5203 807 5238 r.
820 5191 842 5238 t.
855 5185 988 5252 -⁸ltab.,
1000 5206 1057 5258 cap.
1069 5209 1127 5256 nu,
1140 5208 1163 5243 v.
1179 5194 1218 5243 to.
1317 5245 1320 5250 ,
