4520 6104
572 623 662 696 CUM
688 626 813 698 PETRl
843 626 1076 699 ABAELARDI
1101 625 1424 701 SOLU'l'lONlBUS.
1720 634 1790 706 255

750 837 758 852 '
824 833 958 905 Solutio
982 832 1176 906 Aboelardr'.

259 1004 451 1076 Sciendum
464 1028 550 1076 tero
565 1005 603 1076 in
622 1006 723 1076 omni
735 1004 906 1103 parabola
923 1029 998 1077 non
1016 1021 1089 1078 tam
1103 1007 1154 1078 rei
1168 1008 1350 1090 veritatem
1364 1031 1566 1107 expressam
1579 1034 1668 1100 esse,
1685 1037 1794 1108 quam

210 1149 252 1196 ex
272 1141 371 1224 parte
389 1125 507 1223 aliqua
526 1125 577 1196 rei
596 1125 864 1199 similitudinem
879 1125 1063 1199 inductam
1081 1151 1176 1217 esse,
1198 1143 1233 1200 et
1255 1152 1347 1226 saepe
1367 1127 1529 1201 historiae
1546 1131 1684 1203 veritati
1703 1134 1799 1204 simi·

211 1246 398 1318 litudinem
426 1246 528 1343 quasi
554 1271 629 1340 rem
658 1261 792 1343 gestam
809 1247 967 1345 adjungi.
988 1251 1109 1334 Quum
1130 1247 1227 1320 enim
1253 1247 1299 1320 de
1319 1247 1429 1321 divite
1449 1265 1484 1320 at
1509 1254 1640 1322 Lazaro
1660 1265 1797 1349 gestum

211 1389 287 1436 esse
303 1365 461 1436 ereditur
481 1365 519 1436 in
537 1363 677 1436 duabus
695 1366 877 1464 personis,
902 1366 959 1438 vel
980 1369 1109 1465 saepius
1126 1367 1164 1438 in
1192 1366 1333 1456 multis,
1359 1367 1457 1464 quod
1480 1366 1586 1463 hujus
1608 1372 1726 1442 anima
1754 1373 1797 1442 sit

211 1483 367 1574 salvata,
391 1483 483 1555 illius
503 1483 671 1556 damnata
696 1510 705 1554 ε
729 1509 955 1582 nequaquam
971 1487 1071 1582 juxta
1089 1485 1243 1559 litteram
1268 1487 1381 1585 accipi
1407 1501 1545 1584 potest,
1575 1487 1673 1585 quod
1697 1489 1797 1562 dives

212 1603 359 1675 Abrahae
380 1604 487 1677 dicit¹
513 1630 521 1674 ε
555 1633 572 1672 κ
589 1606 686 1676 Mitte
704 1609 892 1696 Lazarum,
920 1622 959 1678 ut
975 1621 1173 1679 extremum
1193 1606 1291 1702 digiti
1315 1608 1367 1677 sui
1388 1607 1539 1704 intingat
1552 1609 1589 1678 in
1611 1631 1741 1704 aquam
1760 1625 1797 1682 et

213 1717 392 1820 refrigeret
409 1722 567 1820 linguam
586 1745 714 1795 meam.
734 1751 751 1790 u
772 1727 852 1795 Non
872 1725 968 1796 enim
987 1726 1185 1797 animarum
1205 1739 1257 1796 est
1282 1724 1431 1822 digitum
1446 1725 1503 1796 vel
1521 1725 1677 1823 linguam
1698 1729 1735 1798 in
1758 1751 1797 1801 se

212 1840 360 1932 habere,
374 1848 379 1857 '
392 1842 454 1914 sed
478 1867 672 1940 corporum
698 1841 852 1915 tantum.
876 1842 985 1931 Quod
1012 1869 1097 1940 ergo
1124 1844 1170 1916 de
1196 1844 1252 1916 his
1277 1844 1422 1934 dicitur,
1445 1869 1520 1916 non
1541 1843 1587 1916 ad
1611 1847 1796 1920 veritatem

212 1963 365 2059 pertinet
379 1964 429 2034 rei
442 1977 545 2059 gestae
558 1961 757 2034 secundum
770 1965 1025 2062 proprietatem
1037 1965 1180 2056 litterae,
1196 1964 1259 2036 sed
1273 1964 1320 2036 ad
1333 1964 1600 2037 similitudinem
1613 1965 1797 2038 inductam

211 2105 255 2152 ex
279 2079 396 2177 aliqua
415 2096 526 2179 parte.
549 2081 606 2152 Sic
626 2095 662 2152 et
688 2081 759 2152 hoc
785 2081 887 2172 loco,
919 2107 1032 2180 quum
1052 2106 1275 2154 murmurare
1296 2081 1464 2154 dicuntur
1486 2082 1634 2180 quidam
1656 2097 1692 2154 et
1718 2099 1795 2155 tan-

211 2223 321 2296 quam
349 2199 524 2296 indignari
545 2199 633 2270 alios
661 2198 728 2271 sibi
757 2200 951 2298 adaequari,
981 2187 1216 2272 murmmatio
1243 2203 1309 2273 ista
1329 2225 1403 2271 non
1428 2201 1703 2298 indignationis,
1733 2203 1797 2275 sed

189 2320 454 2390 ‘admirationis
471 2333 524 2391 est
540 2319 758 2416 accipienda.
780 2321 850 2406 Qui
873 2321 969 2391 enim
989 2334 1236 2404 murmurant,
1256 2320 1431 2390 mirantur
1444 2319 1481 2390 id
1495 2319 1588 2409 fieti,
1609 2319 1707 2418 quod
1720 2343 1795 2392 non

212 2437 416 2510 credebant.
441 2436 542 2508 Unde
570 2437 804 2508 murmuratio
826 2437 886 2508 illa
906 2461 1003 2509 nunc
1022 2437 1152 2509 dicitur
1176 2436 1372 2509 mtdtorum
1399 2434 1557 2536 fidelium
1580 2437 1792 2530 admiratio,

212 2557 312 2654 quod
331 2556 395 2629 sibi
416 2556 590 2629 videbunt
611 2557 648 2627 in
667 2557 813 2654 praemio
833 2556 1031 2652 adaequari,
1053 2579 1146 2652 quos
1162 2557 1321 2654 pauciori
1342 2571 1504 2653 tempore
1522 2573 1698 2649 noverant
1710 2582 1797 2656 ope·

213 2679 295 2748 rari.
318 2677 484 2748 Similiter
499 2674 625 2748 oculus
652 2699 806 2772 nequam
830 2700 895 2773 per
917 2673 1186 2747 similitudinem
1203 2673 1333 2746 dicitur
1352 2675 1542 2747 hominum
1560 2677 1791 2766 invidorum,

212 2798 274 2892 qui
299 2796 385 2867 inde
410 2791 578 2866 adversus
596 2793 683 2865 alios
702 2807 995 2880 oommoventur‚
1024 2792 1123 2890 quod
1152 2794 1253 2889 quasi
1282 2806 1408 2864 eontra
1435 2793 1611 2866 rationem
1635 2793 1792 2886 factum,

211 2914 314 3012 quod
331 2939 406 2987 non
424 2913 669 3004 crediderant,
696 2913 881 2984 mirantur.
906 2911 988 2984 Tale
1006 2927 1059 2984 est
1073 2935 1158 3010 ergo
1179 2939 1186 2981 :
1213 2941 1231 2980 <r
1248 2917 1300 2983 An
1320 2911 1445 2983 oculus
1459 2927 1540 2984 tuus
1558 2937 1714 3009 nequam
1724 2929 1792 3006 est,

211 3036 298 3132 quia
326 3059 392 3132 ego
419 3034 537 3107 bonus
562 3035 665 3108 sum?
690 3062 708 3102 n
736 3049 906 3130 tanquam
925 3035 954 3104 si
977 3032 1110 3105 diceret
1134 3061 1142 3102 ε
1168 3031 1338 3130 Nunquid
1357 3057 1400 3105 ex
1419 3057 1464 3104 eo
1488 3030 1588 3130 quod
1606 3033 1705 3106 vides
1729 3060 1794 3132 per

210 3175 331 3225 meam
349 3151 547 3227 bonitatem
568 3153 714 3242 factum,
737 3151 992 3241 commoveris,
1015 3175 1116 3222 more
1134 3149 1278 3241 mundi,
1301 3173 1346 3221 ex
1364 3151 1548 3248 iniquitate
1567 3150 1614 3222 ad
1631 3150 1792 3250 indigna·

211 3273 379 3346 tionem?
400 3277 447 3345 Ao
462 3275 492 3344 si
505 3272 638 3344 diceret
654 3299 662 3342 ι
680 3275 913 3368 Nequaquam
925 3271 976 3342 sio
988 3271 1168 3354 conuenit.
1187 3274 1263 3341 Hoc
1276 3282 1396 3341 autem
1410 3269 1608 3341 Dominum
1625 3271 1793 3367 cuiquam

209 3392 352 3482 dicere,
375 3406 428 3464 est
445 3393 563 3490 ipsum
581 3392 695 3463 facere
716 3390 787 3461 hoc
808 3389 1024 3486 intelligere,
1046 3389 1145 3486 quod
1164 3411 1238 3460 non
1261 3386 1347 3459 hinc
1366 3386 1495 3460 debeat
1512 3387 1707 3486 indignari,
1728 3373 1792 3462 sed

208 3515 326 3610 magis
343 3510 488 3584 laudare
504 3516 648 3584 Deum„

767 3718 947 3765 montena
972 3717 1137 3768 nabotssAE
1163 3719 1237 3766 x111.

265 3871 422 3958 Quaestio
439 3869 498 3941 illa
515 3869 560 3940 de
578 3883 724 3968 peccato
742 3867 780 3937 in
806 3865 974 3962 Spiritum
1002 3880 1163 3936 sanctum
1189 3862 1418 3972 irremissibili
1448 3887 1515 3934 nos
1540 3887 1688 3960 quoquo
1708 3866 1798 3938 sicut

204 3991 571 4061 multoscommovet.
583 3987 777 4075 Quomodo
787 3991 882 4060 enim
892 3987 971 4085 quis
983 3986 1019 4056 in
1035 3983 1149 4056 filium
1160 3981 1239 4072 Dei,
1256 3996 1291 4052 et
1306 4005 1382 4053 non
1395 3981 1432 4052 in
1446 3981 1617 4079 Spiritum
1633 3999 1796 4056 sanctum

201 4133 365 4206 peccare
382 4121 522 4207 potest,
543 4128 766 4203 quumunus
782 4107 917 4180 offendi
934 4125 1161 4200 nequaquam
1180 4102 1258 4173 sine
1274 4097 1344 4170 alio
1361 4113 1489 4197 queat,
1509 4114 1545 4172 et
1562 4101 1668 4171 unius
1685 4101 1796 4174 olien-

197 4228 346 4298 samin
366 4241 557 4323 utrumque
575 4224 776 4297 redundare
789 4227 834 4297 sit
851 4247 996 4299 necesse
1013 4249 1021 4292 :
1038 4245 1150 4320 quum
1169 4241 1395 4317 nequaquam
1412 4218 1580 4315 cuiquam
1593 4219 1705 4317 possit
1721 4241 1797 4290 esse

197 4346 394 4444 placatus,
415 4347 473 4418 cui
490 4345 556 4416 fuit
566 4343 625 4416 ille
642 4343 830 4416 offensus?

829 4531 964 4622 Saluuii
987 4526 1181 4602 Abaedzrdi.

254 4717 467 4807 Antequam
485 4708 722 4798 solutionem,
743 4721 851 4806 prout
867 4727 1081 4806 possumus,
1102 4723 1304 4800 ponamus,
1323 4683 1572 4800 praemittenda
1587 4713 1689 4788 sunt,
1706 4713 1802 4770 etex

185 4831 368 4903 diversis
393 4827 614 4926 evangelistis
638 4825 836 4924 colligenda
863 4825 969 4922 hujus
997 4823 1179 4896 sententio
1204 4819 1340 4932 lverba,
1367 4833 1404 4891 et
1428 4813 1525 4892 unde
1545 4819 1621 4917 ipsa
1644 4817 1800 4916 pendeat

181 4948 530 5051 praemittendum,
552 4963 593 5019 ut
609 4945 743 5018 facilius
757 4945 803 5017 ad
816 4943 1032 5018 solutionem
1045 4943 1089 5014 sit
1100 4938 1396 5039 perveniendum.
1412 4937 1509 5010 Sicut
1522 4960 1607 5034 ergo
1619 4936 1808 5010 Matthaeus

228 5225 237 5250 ¹
266 5221 360 5280 Luc..
371 5233 417 5285 cap
443 5234 499 5278 xri,
512 5233 535 5268 r.
549 5219 592 5268 at.
