4522 6102
906 573 1051 648 NOTAE.
1722 581 1763 651 tt

190 709 362 784 inquisitioni
377 707 501 766 sufficere
513 709 628 778 debeat,
644 723 676 767 ut
693 713 880 784 cognoscatis,
899 729 975 786 que,
991 711 1247 785 quemadmodum,
1265 731 1351 786 quare
1367 714 1425 768 siut
1441 713 1633 770 condemnata.
1645 739 1658 766 n
1680 716 1773 789 [Vide

189 803 265 860 doni.
278 803 369 868 belai,
383 803 485 876 Script.
500 821 554 859 rer.
569 805 651 876 gall,
664 815 685 859 t.
700 805 780 872 XlV,
796 823 824 877 p.
836 807 882 860 ssi
892 804 911 878 .]
928 805 970 859 Ac
986 804 1093 878 nequis
1108 804 1228 858 miretur
1245 803 1321 878 quod
1339 804 1374 859 de
1392 805 1483 876 primo
1502 809 1684 880 quaternione
1696 807 1772 864 illius

189 893 256 949 iibri
273 893 357 970 dicit,
372 894 460 950 habeo
473 913 547 950 nuuc
563 895 734 968 ipsissimum
751 896 891 970 exemplar
910 895 985 952 dono
1004 895 1056 952 riri
1074 895 1149 976 docti
1167 906 1196 951 et
1210 895 1326 952 humani
1345 896 1452 953 Nicolai
1474 899 1624 954 Camusatii
1644 903 1772 957 canonici

190 987 312 1043 ecclesie
327 989 471 1056 trecensis,
487 988 515 1042 in
529 989 608 1060 cujus
621 989 711 1064 capite
729 990 863 1064 scriptum
877 989 970 1043 adhuc
987 984 1107 1062 iegitur:
1122 1010 1136 1037 r
1150 989 1233 1044 Deest
1249 1007 1321 1044 nuris
1332 1000 1499 1064 quaternus,
1512 993 1560 1066 qui
1573 993 1694 1048 tenuerit
1707 993 1773 1049 obe-

188 1079 323 1136 silentiam
342 1079 525 1152 scriptorum,
544 1079 624 1136 illuni
642 1083 774 1156 requirat.
787 1104 801 1132 s
818 1080 915 1155 [Istud
926 1079 962 1136 de
973 1098 1031 1155 quo
1044 1081 1237 1151 Quercetanus
1256 1080 1382 1154 loquitur
1401 1099 1470 1153 opus
1489 1081 1595 1155 publici
1611 1084 1684 1156 juris
1705 1084 1770 1139 iecit

189 1171 222 1226 B.
236 1171 344 1240 Tissier,
366 1171 541 1228 Bibliotheca
562 1173 681 1230 Parum
702 1176 921 1242 abimum,
940 1183 962 1228 t.
980 1172 1024 1230 lv
1040 1173 1226 1244 (more,
1240 1175 1408 1242 isto-stis,
1424 1172 1544 1244 iii-tot).
1567 1175 1659 1230 Habet
1677 1187 1769 1232 sutem

188 1275 331 1319 auctorem
343 1283 510 1336 anonymum
524 1283 575 1320 nec
588 1266 676 1321 tribui
690 1276 779 1339 potest
792 1265 946 1321 Guillelmo
960 1265 1085 1320 sSaucto
1099 1264 1279 1320 Theodorico
1293 1265 1372 1337 cujus
1386 1275 1482 1338 partus
1495 1265 1650 1338 legitimus,
1666 1267 1772 1324 scilicet

187 1354 348 1428 Disputatio
361 1355 498 1412 adversus
509 1355 625 1412 Petrum
640 1357 834 1424 Abcclnrdum,
850 1375 906 1412 uno
920 1356 992 1412 libro
1005 1367 1150 1425 contenta,
1165 1357 1194 1411 in
1207 1357 1304 1413 eadem
1319 1355 1490 1410 Bibliotheca
1502 1358 1585 1430 paolo
1597 1375 1679 1431 supra
1693 1361 1771 1414 inve-

187 1447 286 1519 nitur]
918 1440 921 1457 '

223 1540 331 1595 Verum
346 1552 374 1596 et
387 1541 548 1598 Gauii-edus
558 1544 641 1598 etiarn
655 1541 715 1610 iiie,
730 1543 821 1615 primo
836 1541 972 1599 Abelartli
985 1541 1106 1610 auditor,
1119 1540 1241 1616 indeque
1252 1541 1436 1596 cisterciensis
1452 1539 1619 1610 monachus,
1632 1543 1770 1600 Autissio-

187 1629 312 1688 dorensis
330 1627 414 1712 vulgo
431 1631 657 1708 cognominatus,
677 1629 806 1690 adversus
826 1633 957 1688 etttrtdetb
976 1631 1368 1706 hbeiarduurprsccptoreis
1385 1631 1606 1704 susurscrtpstr.
1627 1631 1709 1702 Quod
1728 1632 1770 1690 vei

187 1736 250 1780 ante
268 1743 364 1783 omues
385 1727 484 1785 asserit
500 1719 688 1796 helinandus,
710 1721 779 1784 aiter
801 1727 829 1782 ln
851 1721 969 1801 Frigido
988 1723 1084 1784 Monte
1103 1720 1271 1794 monachus,
1292 1719 1341 1800 qui
1362 1733 1393 1780 et'
1410 1725 1468 1799 ips'e
1489 1723 1612 1800 quaedam
1638 1719 1770 1782 Gouiridi

186 1817 269 1874 nerlu
288 1819 375 1876 refert
397 1822 428 1876 in
447 1821 650 1878 hrmomodum
674 1811 789 1894 [script.
803 1840 859 1876 rer.
872 1821 981 1895 gallic„
993 1830 1015 1877 t.
1031 1811 1111 1888 XIV,
1130 1839 1160 1894 p.
1177 1811 1246 1890 370]
1260 1843 1266 1874 z
1282 1841 1293 1868 ι
1308 1814 1399 1894 Hujus
1417 1812 1494 1874 Petri
1509 1801 1659 1897 aliquando
1680 1820 1770 1894 lueret

187 1907 343 1982 discipulus
354 1911 519 1968 Goulrcdus.
535 1912 794 1980 eutissiodorensis,
811 1914 863 1986 qui
880 1913 970 1970 multo
990 1922 1115 1986 temptes
1133 1912 1187 1968 tuit
1207 1911 1334 1968 mortus
1351 1912 1438 1972 cancri
1454 1911 1611 1980 sernum,
1626 1913 1676 1986 qui
1696 1913 1771 1968 ieter

186 2010 284 2056 cerm
291 2002 328 2056 de
337 2003 432 2058 ecdem
442 2006 527 2062 Petro
534 2005 621 2060 ossis:
633 2006 714 2080 uligo
725 2006 798 2062 mihi
809 2006 963 2079 aliquando
973 2005 1066 2062 recolo
1078 2006 1244 2079 numium
1256 2005 1340 2060 inissa
1353 2004 1447 2073 illuni,
1461 2005 1512 2078 qui
1523 2007 1645 2078 pretium
1659 2004 1770 2060 redeci-

186 2093 293 2164 ptionis
304 2101 401 2150 nosue
411 2109 558 2165 evacuans,
573 2095 647 2152 nihii
656 2095 733 2151 aliud
744 2098 773 2151 in
786 2097 923 2152 sacrificio
932 2097 1078 2154 dominice
1090 2097 1225 2171 passionis
1240 2095 1469 2164 commendabat,
1483 2093 1536 2152 nisi
1551 2098 1662 2152 virtutis
1677 2111 1771 2153 eteni-

184 2183 279 2256 pium,
293 2197 321 2240 et
329 2189 431 2242 amoris
443 2189 624 2243 incentivum.
637 2186 722 2257 Quod
734 2189 808 2242 enim
821 2189 971 2260 Scripturas
982 2188 1132 2260 perhibent
1141 2187 1176 2244 de
1185 2193 1322 2260 potestate
1333 2186 1436 2242 diaboli
1446 2189 1568 2261 pretioso
1578 2184 1626 2243 iilo
1636 2190 1771 2262 sanguine

186 2275 338 2332 humanum
354 2296 441 2350 genus
453 2297 512 2334 esse
528 2279 721 2352 redemptum,
737 2280 766 2334 in
778 2297 812 2334 eo
824 2279 883 2334 solo
900 2289 1026 2336 constare
1040 2278 1166 2345 dicebat,
1180 2279 1257 2352 quod
1273 2279 1431 2352 exemplum
1450 2280 1530 2336 nobis
1551 2280 1707 2338 exhibitum
1728 2294 1773 2337 est
1827 2294 1829 2298 ’

186 2385 272 2442 usque
285 2367 320 2424 sd
334 2383 452 2426 mortens
466 2381 520 2445 pro
529 2373 645 2427 scritate
657 2382 685 2428 et
696 2371 805 2444 justitia
817 2371 956 2440 certandi,
971 2379 1000 2426 et
1010 2369 1169 2434 adhibitum
1181 2380 1224 2426 est
1236 2370 1309 2426 velut
1322 2371 1465 2446 quoddam
1475 2373 1645 2430 incentivum
1657 2376 1769 2444 cruoris,

185 2477 270 2534 quum
289 2481 322 2516 err
339 2464 465 2536 impenso
482 2483 576 2518 anrore
594 2462 658 2518 data
677 2475 719 2520 est
735 2459 843 2518 occtsio
859 2463 1031 2519 immadi.
1052 2460 1086 2518 Et
1103 2461 1218 2537 quidem
1237 2481 1337 2536 magna
1356 2475 1421 2519 sunt
1438 2465 1495 2518 hec
1509 2475 1538 2520 ct
1553 2482 1630 2533 vera,
1651 2466 1767 2521 sednon

184 2554 239 2609 sola
260 2555 428 2611 Benedictus
448 2557 535 2624 Deus,
555 2557 604 2630 qui
619 2557 689 2611 mihi
703 2555 786 2622 simul
804 2566 832 2609 et
847 2556 925 2610 robis
942 2556 1107 2629 magistrum
1120 2554 1199 2609 dedit
1211 2565 1305 2627 postea
1320 2553 1483 2622 meliorem,
1499 2575 1548 2629 per
1566 2575 1648 2631 quem
1667 2560 1769 2631 prioris

183 2645 326 2720 redarguit
349 2647 552 2722 ignorantiam,
576 2655 605 2704 et
627 2648 803 2704 insolentiam
826 2641 994 2716 confutavit,
1019 2645 1173 2704 secundnm
1191 2658 1276 2722 quern
1297 2649 1350 2708 tria
1376 2645 1503 2721 specialh
1524 2647 1553 2704 in
1572 2651 1699 2723 pedone
1719 2668 1767 2705 sua

182 2740 312 2796 Circinus
323 2741 405 2798 noce
420 2741 563 2810 exhibuit,
577 2733 736 2815 eanum
753 2741 881 2810 virtutis,
899 2741 1072 2798 incentivum
1088 2740 1208 2810 amoris,
1223 2750 1251 2794 ct
1268 2739 1435 2802 subiiciens
1452 2739 1665 2814 redemptionis.
1682 2743 1768 2812 Quod

185 2837 298 2890 testium
311 2839 454 2892 evacuanti
472 2837 596 2897 heretico
610 2835 682 2892 nibil
697 2835 827 2912 prodesse
845 2836 897 2893 tria
914 2845 1009 2892 cetera
1027 2844 1189 2907 potuerunt.
1206 2835 1270 2892 flaec
1284 2845 1313 2890 et
1330 2833 1384 2890 alia
1402 2832 1490 2890 multa
1503 2834 1593 2891 dictus
1606 2836 1766 2892 Gauiredur

184 2938 281 2982 contra
293 2929 410 2983 Petrum
428 2930 591 3004 magistrum
605 2947 685 2983 suurn
702 2928 813 2982 sortiter
827 2938 855 2982 et
872 2925 1007 2984 catholice
1027 2925 1172 2999 scripsit.»
1188 2925 1291 2979 Eadem
1313 2925 1394 2979 verba
1416 2925 1534 2980 recitant
1552 2937 1582 2980 et
1603 2927 1767 2989 Vincentius

183 3017 354 3075 beivacensis
365 3021 412 3076 lib.
423 3015 493 3076 xxi
505 3021 620 3094 Speculr'
631 3019 784 3076 historiatis
794 3036 853 3094 cap.
867 3034 930 3089 xvir,
945 3027 974 3075 et
983 3019 1269 3074 loannesmonachus
1278 3015 1373 3074 Sancti
1386 3012 1512 3073 Victoria
1522 3017 1552 3072 in
1567 3015 1703 3074 chronico
1714 3019 1767 3074 snb

183 3125 292 3164 anum
304 3112 409 3168 Christi
421 3115 500 3171 istu.
1078 3157 1081 3168 .
1140 3180 1144 3186 ¹

216 3207 339 3262 interim
354 3225 422 3264 roro
431 3208 591 3266 Abalardss
606 3209 636 3265 iu
651 3207 781 3264 morbum
796 3206 912 3274 incidit,
936 3217 964 3261 et
984 3204 1148 3264 valetudinis
1164 3215 1246 3260 cassa
1266 3203 1482 3262 cabilonum-ab
1495 3203 1596 3262 abbate
1613 3215 1664 3260 tuo
1683 3206 1766 3262 Petro

185 3302 303 3370 missus,
322 3303 361 3358 ibi
374 3305 403 3356 in
418 3304 586 3362 monasterio
600 3301 693 3360 Sancti
711 3300 864 3358 Marcellini
884 3300 1066 3356 cluniacensis
1085 3297 1193 3353 ordinis
1210 3298 1327 3352 excessit
1343 3316 1359 3351 e
1375 3297 1443 3366 rita,
1464 3297 1509 3352 die
1525 3299 1555 3355 24
1580 3296 1675 3370 aprilis
1695 3317 1767 3354 anno

183 3395 290 3451 Christi
307 3399 394 3465 titt,
413 3415 486 3452 anno
505 3397 590 3452 astatis
607 3413 660 3452 suae
679 3397 721 3452 63.
736 3393 798 3449 Hoc
814 3391 889 3449 enim
910 3391 1006 3466 prodit
1024 3377 1212 3446 calendarium
1227 3399 1305 3445 retus
1317 3385 1505 3463 paracletense
1521 3381 1619 3464 galiico
1640 3407 1767 3446 sermone

183 3490 372 3562 conscriptum
385 3487 430 3544 his
445 3486 551 3544 verbis:
564 3487 702 3544 «bisiuco
717 3487 813 3542 Pierrc
826 3477 981 3556 Abaehrd,
994 3479 1145 3540 iondateur
1155 3481 1191 3539 de
1201 3499 1233 3538 ce
1246 3483 1302 3540 lieu
1314 3491 1344 3537 et
1357 3481 1522 3538 inscissum
1542 3481 1577 3538 de
1595 3483 1685 3537 sainte
1700 3481 1767 3537 reii-

184 3583 291 3654 κείαν,
306 3593 443 3656 trespassc
457 3583 484 3638 le
499 3599 545 3640 ιιι
559 3581 643 3652 arii,
655 3583 725 3654 mgb
733 3581 769 3636 rb
780 3597 848 3636 suu
856 3589 917 3638 urs.
931 3599 948 3634 s
958 3579 1017 3636 lico
1029 3578 1132 3636 reterre
1146 3590 1218 3650 opus
1228 3587 1274 3636 cst
1287 3587 1393 3652 qusota
1408 3595 1474 3636 curn
1489 3579 1664 3646 ensurius,
1674 3579 1767 3651 poni·

183 3677 281 3744 enin,
298 3675 445 3732 devotione
458 3687 629 3751 possessum
646 3676 727 3732 illurn
743 3677 806 3731 vire
821 3690 875 3730 suo
891 3674 1045 3732 terminum
1061 3670 1201 3729 clauserit.
1218 3670 1317 3726 Petrus
1329 3670 1387 3746 ipse
1403 3671 1573 3740 Mauricius,
1590 3670 1674 3726 abbas
1690 3671 1764 3743 ejice,

184 3767 209 3822 id
223 3771 333 3844 optime
345 3767 499 3846 diffuseque
513 3770 660 3844 descripsit
674 3770 703 3824 in
720 3767 837 3843 epistola
851 3766 887 3822 ad
904 3765 1058 3821 Heloissam
1075 3761 1210 3817 Paracleti
1226 3761 1410 3830 abbatissam,
1429 3777 1513 3837 quam
1525 3779 1576 3817 nos
1588 3763 1672 3818 etiam
1683 3781 1766 3836 supra

180 3861 236 3930 jam
256 3862 434 3917 inseruimus.
453 3861 546 3934 [Vide
564 3861 600 3917 ad
616 3862 718 3918 calcem
740 3859 857 3933 hujusce
874 3854 1022 3914 voluminis
1039 3857 1069 3910 in
1087 3849 1269 3929 appendice]
1290 3853 1345 3909 Sed
1364 3869 1420 3909 non
1442 3855 1665 3927 pretereundum
1688 3857 1764 3930 quod

184 3969 247 4010 nani
258 3956 357 4012 eodem
373 3953 457 4013 Petro
468 3967 605 4014 munstur
612 3953 752 4013 liebertus
764 3951 1027 4020 Antiuiodorensis,
1040 3947 1210 4008 Guiiielmas
1223 3942 1350 4022 mogins
1359 3957 1388 4002 et
1400 3947 1463 4015 aiii,
1474 3947 1596 4018 subscr,
1608 3946 1767 4005 Iieioiuarn

182 4047 257 4106 iiim
274 4050 418 4124 qnondam
436 4050 573 4108 Amuli
589 4051 754 4124 conjugem,
772 4071 786 4098 «
802 4061 931 4122 mamni
947 4055 1011 4119 post
1026 4044 1087 4118 ejus
1102 4051 1222 4099 nortem
1240 4039 1269 4098 et
1280 4041 1311 4096 in
1327 4039 1444 4098 oddus
1461 4041 1592 4114 precibus
1610 4040 1694 4097 lidum
1706 4060 1766 4098 seru

183 4160 275 4212 rasse,
288 4161 445 4220 corpusque
458 4145 519 4218 ejus
530 4143 636 4202 deloco
650 4145 698 4202 ubi
711 4143 820 4200 obierat
831 4141 867 4198 ad
880 4141 1043 4216 praedictum
1052 4135 1189 4195 Paracleti
1201 4137 1401 4191 monesterium
1416 4136 1599 4191 transtulisse.
1611 4159 1625 4186 s
1639 4136 1766 4212 Denique

180 4239 301 4310 etipsa,
319 4239 388 4293 dont
397 4240 427 4293 in
440 4239 573 4296 chronico
585 4239 730 4295 turonensi
742 4237 856 4310 legitur,
871 4257 883 4286 a
896 4235 926 4290 in
941 4229 1106 4307 egritudine
1119 4227 1207 4303 posita
1222 4227 1347 4300 precipit
1356 4239 1388 4283 ut
1398 4232 1508 4284 mortua
1521 4229 1593 4284 intre
1607 4229 1700 4284 mariti
1718 4240 1763 4285 tu-

180 4329 292 4386 mulum
306 4345 465 4406 poneretur.
482 4331 518 4389 Et
532 4335 571 4389 sic
586 4331 684 4388 eadem
699 4331 831 4388 defuncta
849 4329 884 4385 ad
901 4321 1041 4384 turnuhmr
1056 4323 1217 4400 deportata,
1231 4321 1474 4398 maritasq‘osqui
1484 4321 1580 4377 turritis
1589 4317 1690 4377 diebus
1699 4331 1764 4376 a‘nte

180 4441 244 4482 m
259 4425 411 4484 defunctus
424 4427 531 4500 imm,
543 4426 655 4484 elevatis
665 4423 893 4482 bmtbiisillarn
903 4423 1022 4496 recepit,
1036 4422 1192 4478 atilanum
1202 4413 1372 4490 mplesatus
1380 4459 1388 4486 ,
1406 4416 1536 4472 bracchia
1554 4432 1603 4471 sua
1619 4416 1762 4472 nundus

183 4519 370 4596 [Fragmenta
385 4522 512 4580 chronici
525 4522 683 4578 turonensis
697 4519 836 4578 habentur
854 4517 929 4591 apud
943 4515 1020 4574 dom.
1039 4513 1126 4584 Brial,
1143 4513 1245 4587 Serpa
1266 4531 1320 4568 rer.
1340 4511 1444 4588 gallic,
1465 4521 1485 4565 t.
1503 4510 1578 4578 Xli;
1597 4507 1763 4565 sedlocuea

181 4612 361 4684 Quercetano
374 4614 473 4671 allatus
492 4613 538 4669 hic
556 4632 613 4682 non
630 4613 745 4688 legitur.
760 4612 789 4668 Si
805 4621 897 4666 autem
915 4608 1099 4684 reliquiarum
1115 4606 1253 4663 hbaeiardi
1273 4616 1301 4662 et
1319 4604 1450 4661 Heloissae
1469 4604 1525 4660 iate
1545 4619 1659 4658 noscere
1678 4601 1760 4675 veiis,

179 4705 246 4762 vide
262 4708 366 4764 clariss.
383 4709 435 4764 sir.
457 4705 669 4781 Re'musatt.1,
687 4726 714 4781 p.
728 4703 781 4766 ibi
799 4716 827 4760 et
846 4721 914 4778 seq,
936 4711 965 4758 et
986 4697 1090 4758 Scrr'em
1106 4701 1316 4757 abbatissarum
1331 4699 1493 4756 monasterii
1510 4697 1712 4770 paracletenses
1733 4698 1763 4752 in

178 4801 337 4874 appendice
350 4801 436 4875 hujus
454 4801 624 4875 rotundius]
