4590 6110
432 632 438 648 ·
460 609 534 682 toa
1129 605 1366 680 APPENDlll.

461 755 618 828 labantur
634 757 670 824 in
688 755 769 825 suis.
785 753 926 844 Pictavi,
943 756 1136 824 vuascones
1153 769 1186 824 et
1202 753 1319 823 Hiberi
1336 779 1344 822 :
1359 751 1558 836 Narmania,
1579 748 1751 840 Flandria,
1767 749 1996 821 Theutonicus
2012 766 2046 820 et

461 879 601 948 Suevius
615 891 710 946 tuum
725 871 834 945 calere
851 874 1038 970 ingenium,
1057 873 1195 945 laudare
1208 889 1242 945 et
1255 874 1436 970 praedicare
1449 871 1580 942 assidue
1597 869 1765 942 studebat.
1786 871 1953 941 Praetereo
1964 895 2047 942 cun·

461 1011 532 1067 ctos
551 995 758 1067 Parisiorum
775 995 945 1066 civitatem
964 995 1171 1085 habitantes,
1193 1011 1228 1064 et
1248 997 1338 1065 intra
1359 992 1544 1065 Galliarum
1566 992 1737 1088 proximas
1753 1006 1787 1061 et
1810 992 2047 1062 remotissimas

460 1133 572 1214 partes
584 1117 642 1213 qui
660 1119 707 1188 sic
724 1143 743 1186 a
759 1132 793 1187 te
806 1117 921 1188 doceri
935 1117 1106 1208 sitiebant,
1119 1141 1157 1188 ao
1170 1118 1197 1187 si
1211 1098 1296 1186 nitiit
1311 1115 1496 1211 disciplinae
1510 1091 1688 1211 non'apud
1700 1131 1734 1186 te
1750 1113 1896 1184 inveniri
1912 1113 2048 1208 potuis-

461 1251 522 1307 set.
548 1237 680 1331 Ingenii
697 1234 865 1325 claritate,
890 1251 924 1305 et
942 1237 1104 1306 suavitate
1123 1232 1267 1330 eloquii,
1285 1251 1321 1305 et
1343 1235 1464 1331 linguae
1480 1233 1694 1306 absolutioris
1714 1232 1889 1322 facilitate,
1913 1255 2046 1302 necnon

461 1371 495 1426 et
512 1355 658 1426 scientia
677 1353 863 1425 subtilitate
878 1355 1042 1450 permoti,
1064 1356 1158 1450 quasi
1177 1354 1220 1424 ad
1236 1354 1507 1450 limpidissimum
1523 1354 1746 1450 philosophiae
1763 1353 1892 1422 fontem
1911 1351 1977 1421 iter
1994 1373 2047 1420 ac·
2096 1393 2105 1418 t

461 1477 664 1548 celerabant.
685 1480 770 1548 Nam
787 1475 891 1567 illud,
911 1476 1006 1572 quod
1020 1477 1068 1547 sic
1083 1493 1136 1566 te,
1151 1491 1190 1546 ut
1208 1477 1322 1566 aiunt,
1344 1477 1550 1573 praecipitem
1567 1476 1679 1566 dedit,
1699 1473 1905 1571 singularum
1923 1472 2047 1544 scilicet

460 1597 662 1668 feminarum
679 1622 841 1686 amorem,
861 1595 1047 1694 etlaqueos
1058 1594 1209 1666 libidinis
1225 1619 1355 1686 earum,
1368 1598 1490 1692 quibus
1502 1621 1579 1668 suos
1596 1596 1734 1692 capiunt
1748 1609 1961 1681 scortatores,
1975 1615 2045 1661 me·

462 1716 525 1790 lius
542 1718 625 1788 mihi
637 1718 755 1788 videor
767 1719 952 1812 praeterire,
965 1740 1066 1813 quam
1078 1716 1204 1813 aliquid
1224 1717 1335 1788 dicere
1352 1717 1444 1812 quod
1463 1716 1576 1787 ordini
1590 1731 1721 1804 nostro,
1737 1732 1772 1786 et
1790 1713 1912 1810 regulae
1925 1727 2063 1783 nostrae'

462 1837 633 1934 religionis
649 1864 719 1908 non
737 1838 941 1940 concordet:
959 1837 1236 1934 quandoquidem
1251 1863 1363 1908 ,sermo
1380 1838 1422 1908 de
1440 1835 1562 1908 talibus
1578 1862 1665 1934 saepe
1684 1837 1788 1932 magis
1804 1833 1909 1904 soleat
1926 1857 2047 1902 nocere

462 1959 575 2046 bouis,
594 1983 694 2053 quam
714 1958 885 2060 prodesse.
906 1961 978 2027 Hac
995 1957 1143 2027 fortassis
1161 1959 1197 2027 in
1216 1973 1248 2028 te
1270 1957 1439 2028 bonorum
1456 1957 1717 2054 congregatione
1737 1957 1773 2024 in
1790 1971 1823 2025 tc
1840 1969 1875 2024 et
1895 1978 1996 2048 super
2016 1968 2048 2022 te

462 2077 568 2148 elatus
588 2077 761 2174 (quamvis
777 2079 926 2172 sapiens,
947 2079 973 2149 si
995 2079 1094 2172 hujus
1113 2079 1260 2148 nominis
1277 2079 1555 2174 significationem
1573 2077 1608 2147 in
1630 2103 1664 2149 se
1685 2101 1755 2147 non
1772 2077 1978 2170 exstinguat,
1997 2073 2048 2141 his

462 2199 566 2268 animi
580 2198 679 2267 bonis
696 2198 834 2267 minime
849 2197 1043 2294 moveatur)
1061 2201 1096 2267 in
1109 2200 1314 2295 superbiam,
1330 2200 1465 2270 initium
1473 2213 1508 2268 et
1521 2213 1649 2293 pestem
1659 2199 1812 2268 omnium
1824 2193 2002 2279 malorum,
2015 2208 2047 2262 et

462 2319 655 2389 inanissime
667 2318 886 2407 efferbueras,
901 2333 935 2388 et
952 2334 984 2387 te
996 2319 1166 2412 jactantiae
1184 2334 1285 2388 vento
1304 2319 1510 2408 ostentandi,
1526 2344 1643 2388 omnes
1660 2318 1729 2387 fere
1747 2316 1843 2406 alios,
1858 2316 1960 2386 etiam
1976 2339 2047 2384 san·

462 2453 547 2525 ctos,
567 2438 625 2531 qui
645 2451 723 2504 ante
739 2451 770 2504 te
787 2437 959 2530 sapientia
975 2461 1113 2531 operam
1130 2435 1311 2526 dederant,
1329 2453 1367 2508 ut
1384 2439 1481 2508 aiunt
1496 2439 1555 2533 qui
1574 2454 1606 2509 te
1623 2437 1833 2533 frequentius
1850 2434 2044 2522 audiebant,

403 2576 422 2634 s
462 2555 639 2626 inferiores
658 2569 690 2624 tc
708 2555 918 2624 existimabas
932 2559 952 2624 ¹.
972 2559 1018 2624 Aa
1036 2555 1252 2650 omnipotens
1267 2559 1332 2626 Dei
1354 2557 1505 2652 dignatio
1527 2572 1561 2627 et
1574 2557 1782 2652 benignitas,
1804 2557 1863 2652 qui
1885 2552 2047 2650 superbia

462 2690 600 2745 ventum
623 2673 704 2744 facit
725 2697 940 2763 evanescere,
965 2690 999 2745 et
1020 2674 1220 2745 humilitatis
1241 2678 1382 2771 gratiam
1404 2675 1624 2772 multiplicat3
1654 2678 1712 2772 qui
1740 2677 1910 2746 neminem
1929 2673 2047 2742 morbo

463 2811 680 2892 egrotantem
708 2795 892 2888 superbia,
922 2794 1061 2890 aliisque
1084 2797 1187 2865 animi
1214 2799 1470 2891 egritudinibus
1497 2797 1706 2868 laborantem
1728 2822 1797 2868 nou
1814 2797 1907 2890 justo
1922 2793 2047 2889 judicio

462 2915 623 3010 despicit3
644 2930 708 2984 tuae
725 2914 847 2990 utentis
873 2913 1099 3002 inflationem,
1123 2930 1156 2984 et
1178 2914 1356 2988 oculorum
1377 2915 1605 2988 extollentiam
1624 2918 1689 2988 hoc
1706 2916 1914 2987 adversitatis
1929 2937 2048 3008 genere

462 3037 512 3110 tui
527 3034 719 3106 miserando
730 3033 945 3129 perdomuit:
966 3051 1130 3130 quatenus
1147 3051 1181 3106 et
1205 3037 1240 3105 in
1263 3051 1296 3108 te
1319 3037 1463 3132 superbe
1486 3063 1556 3108 non
1580 3063 1730 3132 saperes,
1751 3052 1785 3108 et
1802 3035 1885 3106 alios
1900 3057 2048 3130 quosque

462 3154 571 3226 bonos
594 3154 820 3250 vituperando
844 3153 1012 3250 negligere
1039 3154 1232 3245 desisteres3
1263 3156 1535 3252 castimoniaeque
1558 3159 1753 3244 sanctitate,
1780 3174 1814 3229 et
1834 3153 2048 3228 continentia

462 3273 622 3346 laudabili
642 3275 822 3345 devotione
840 3273 882 3343 de
904 3271 1035 3368 reliquo
1049 3272 1204 3368 polleres.
1229 3278 1310 3346 Haec
1326 3277 1478 3371 corporis
1492 3276 1674 3372 particula,
1693 3301 1795 3371 quam
1808 3272 2049 3370 omnipotentis

461 3397 528 3468 Dei
541 3397 683 3490 judicio,
704 3412 738 3468 et
752 3395 919 3474 beneficio
934 3393 1124 3491 perdidisti,
1140 3411 1304 3491 quantum
1322 3398 1385 3468 tibi
1402 3414 1575 3488 nocuerat,
1596 3423 1635 3470 ac
1656 3423 1791 3486 nocere,
1806 3397 1958 3494 quandiu
1976 3421 2049 3491 per-

463 3517 599 3604 mansit,
613 3541 684 3585 non
700 3514 893 3604 desistebat,
912 3513 1031 3584 melius
1049 3528 1183 3585 tuarum
1198 3515 1379 3587 diminutio
1393 3543 1520 3607 rerum,
1535 3543 1636 3613 quam
1653 3543 1728 3588 mea
1742 3518 1847 3612 possit
1864 3531 2050 3586 monstrare

464 3638 592 3725 oratio,
619 3636 730 3707 docet.
750 3635 928 3731 Quidquid
949 3661 1026 3706 vere
1050 3636 1197 3708 scientiae
1220 3653 1286 3709 tuae
1308 3639 1504 3710 venditione
1527 3639 1719 3736 perorando
1741 3653 1863 3734 prater
1880 3635 2048 3734 quotidia-

466 3783 549 3827 num
565 3757 690 3826 victum
708 3770 742 3825 et
753 3780 851 3826 usum
867 3757 1104 3846 necessarium,
1121 3757 1207 3828 sicut
1220 3757 1383 3829 relatione
1396 3759 1513 3850 didici,
1533 3761 1707 3856 acquirere
1724 3773 1876 3855 poteras,
1896 3759 1934 3826 in
1951 3781 2049 3826 rora·

465 3877 578 3971 ginem
594 3875 783 3946 fornicariae
796 3877 1066 3970 consumptionis
1075 3876 1270 3974 demergere
1282 3905 1352 3954 non
1362 3879 1524 3954 cessabas.
1539 3881 1650 3950 Avara
1662 3879 1878 3950 meretricum
1889 3877 2050 3972 rapacitas

465 4011 585 4068 cuncta
610 3995 671 4066 tibi
699 4011 869 4090 rapuerat.
897 3995 997 4068 Nulla
1020 3997 1202 4078 audierunt
1218 3999 1338 4074 saecula
1358 4001 1569 4072 meretricem
1583 3997 1667 4072 velle
1689 3999 1785 4072 alteri
1805 3999 1978 4084 misereri,
1999 3993 2051 4065 rel

466 4116 652 4210 pepercisse
669 4115 769 4186 rebus
792 4115 1039 4210 appetitorum,
1061 4143 1144 4214 quaa
1162 4145 1301 4215 quoquo
1323 4120 1426 4191 modo
1450 4121 1582 4192 auferre
1604 4135 1801 4217 potuerunt.
1826 4118 1972 4190 Videtur
1987 4115 2053 4185 boc

437 4279 441 4291 ι
465 4234 611 4329 probare
628 4250 685 4308 tua
702 4234 874 4330 profunda
887 4252 1079 4332 paupertas,
1097 4239 1155 4334 qui
1170 4237 1267 4329 nihil,
1280 4255 1318 4310 ut
1332 4239 1469 4330 dicitur,
1485 4257 1608 4336 prater
1619 4264 1752 4336 pannos
1763 4265 1803 4310 ex
1815 4251 1911 4309 tanto
1925 4249 2053 4332 quaestu

465 4353 631 4443 habebas,
656 4379 761 4449 quum
784 4355 837 4424 his
859 4356 1006 4448 primum
1030 4357 1160 4430 casibus
1181 4357 1374 4452 subjacuisti
1395 4360 1552 4432 fortunae.
1580 4363 1752 4430 Damnum
1774 4357 1911 4455 quidem
1934 4357 1969 4424 in
1987 4355 2054 4424 hoc

467 4491 619 4571 tempore
642 4478 692 4550 tui
711 4477 864 4571 corporis
886 4477 1072 4572 pertulisti,
1096 4495 1130 4550 et
1148 4481 1332 4552 secundum
1347 4481 1457 4552 saculi
1476 4484 1676 4571 vanitatem,
1697 4497 1730 4552 te
1746 4481 1888 4554 forsitan
1902 4491 2051 4572 reputas,

467 4612 525 4668 aut
545 4597 694 4692 reputari
719 4597 860 4669 aestimas
878 4597 1030 4670 viliorem
1049 4626 1056 4668 :
1076 4602 1229 4672 omnium
1250 4601 1417 4672 infelicem
1438 4603 1716 4691 estimationem,
1735 4617 1769 4672 et
1789 4600 1923 4696 penitus
1941 4622 1960 4668 a
1976 4619 2055 4666 veta

467 4719 598 4788 ratione
618 4719 813 4790 destitutam
834 4721 1095 4814 reputationem.
1118 4723 1153 4791 Si
1172 4723 1283 4792 verius
1302 4723 1393 4818 quod
1410 4724 1539 4818 justum
1564 4741 1597 4796 et
1623 4725 1752 4795 bonum
1776 4735 1827 4792 est
1851 4717 2068 4816 perscrutari,

471 4854 581 4910 tecum
598 4853 632 4909 et
652 4837 742 4909 solus
767 4839 914 4910 studiosa
933 4829 1170 4938 frequentique
1192 4843 1411 4916 meditatione
1427 4843 1547 4936 velles,
1567 4846 1753 4942 postposita
1769 4843 1935 4928 vanitate,
1962 4841 2058 4908 inre·

471 4961 560 5032 nires
583 4977 746 5055 quantum
768 4959 830 5030 tibi
854 4959 974 5032 afferat
991 4962 1144 5046 utilitatis
1162 4965 1404 5060 particularum
1429 4967 1492 5040 ista
1514 4966 1694 5040 mutilatio.
1717 4966 1872 5038 Primum
1894 4959 2055 5057 quidem,

507 5236 515 5264 ⁴
532 5237 593 5290 Vide
610 5239 671 5292 litat.
690 5243 798 5300 calamit,
810 5257 837 5308 p.
855 5243 906 5292 θοι
918 5257 956 5308 aq.
975 5241 1045 5308 bujua
1055 5245 1191 5295 voluminis.
