4520 6104
837 817 1073 890 EPlSTOLAE.
1679 829 1755 898 ‘tta

174 960 253 1050 dici,
279 962 345 1032 nisi
374 961 472 1058 quod
494 963 727 1051 ruminat,=et
745 957 913 1056 xmgulam
940 957 1055 1030 lindit.
1081 958 1183 1030 Nulla
1204 961 1338 1058 quippe
1367 978 1420 1034 est
1445 965 1563 1037 anima
1591 969 1747 1058 munda,

173 1082 228 1151 nisi
245 1105 324 1178 quae
343 1081 570 1171 meditando,
590 1094 764 1178 quantum
782 1103 909 1178 capere
927 1094 1063 1178 potest,
1085 1079 1203 1152 divina
1218 1082 1374 1154 ruminat
1386 1101 1580 1184 praecepta,
1601 1103 1636 1158 et
1656 1089 1691 1159 in
1710 1091 1750 1161 iis

171 1201 381 1298 exequendis
398 1189 650 1274 discretionem
667 1200 815 1290 lxabest3
836 1214 877 1271 ut
894 1223 969 1270 non
987 1198 1104 1271 solum
1115 1199 1233 1291 bona,
1252 1201 1316 1273 sed
1330 1217 1366 1274 et
1377 1202 1471 1276 bene
1483 1260 1493 1294 ,
1506 1205 1578 1278 boc
1591 1224 1643 1280 est
1655 1225 1748 1280 recta

169 1323 264 1394 saciat
281 1324 491 1395 intentione.
513 1315 658 1394 Divisio'
668 1323 802 1421 quippe
820 1319 960 1418 ungulae
973 1320 1096 1418 pedis,
1118 1321 1284 1394 discretio
1298 1339 1352 1394 est
1369 1327 1501 1416 animi,
1521 1327 1567 1400 de
1580 1354 1651 1426 qua
1666 1333 1749 1401 seri·

167 1458 264 1541 ptum
281 1459 332 1516 est
348 1472 355 1514 :
374 1473 392 1512 a
407 1445 443 1514 Si
458 1457 553 1515 tecte
571 1442 719 1531 offeras,
742 1457 836 1514 reete
854 1457 974 1514 autem
988 1465 1063 1512 non
1078 1441 1237 1532 dividas,
1254 1447 1445 1542 peccasti.»
1464 1477 1481 1514 u
1496 1449 1531 1518 Si
1545 1451 1625 1546 quis
1636 1450 1747 1548 diligit

167 1587 239 1652 me,
260 1591 277 1629 u
297 1564 412 1660 inquit
427 1564 608 1651 Veritas²,
633 1593 649 1630 u
666 1585 869 1634 sermonem
885 1587 1005 1634 meum
1024 1561 1215 1634 servabit.»
1230 1565 1318 1650 Quis
1334 1579 1452 1637 autem
1467 1567 1574 1641 verba
1588 1569 1643 1641 vel
1656 1596 1745 1669 prae-

164 1698 261 1780 cepta
283 1684 427 1755 Domini
447 1684 502 1755 sui
523 1708 662 1755 servare
680 1682 884 1755 obediendo
903 1684 1054 1781 poterit,
1077 1683 1143 1753 nisi
1161 1681 1235 1756 haec
1253 1685 1351 1782 prius
1373 1687 1611 1761 intellexerit?
1634 1695 1746 1763 Nemo

162 1803 338 1876 studiosus
360 1805 427 1875 erit
445 1804 481 1874 in
501 1803 733 1901 exequendo,
767 1804 832 1875 nisi
858 1803 928 1900 qui·
946 1817 1100 1876 attentus
1124 1803 1286 1875 fueritin
1310 1805 1503 1879 audiendo.
1530 1809 1626 1880 Siout
1648 1827 1684 1882 et
1700 1811 1746 1883 de

160 1925 259 1996 beata
271 1924 332 1996 illa
350 1923 478 2021 legitur
494 1925 660 2015 muliere,
681 1950 778 2022 quae,
801 1923 1120 1996 ceteris-omnibus
1140 1926 1362 2024 postpositis,
1379 1927 1507 2000 sedens
1521 1953 1623 2002 secus
1636 1933 1746 2031 pedes

159 2044 315 2134 Domini,
332 2043 497 2116 audiebat
516 2044 772 2116 verbumillius
790 2071 797 2113 :
816 2043 885 2114 illis
894 2043 1057 2114 videlicet
1070 2043 1216 2116 auribus
1229 2045 1479 2144 intelligentia,
1495 2075 1585 2147 quas
1597 2053 1746 2151 ipsemet

158 2165 304 2261 requirit
322 2163 490 2235 dioens':
517 2165 621 2250 «Qui
639 2163 748 2236 babet
766 2187 870 2236 aures
884 2163 1075 2254 audiendi,
1096 2164 1228 2236 audiat.
1251 2194 1267 2232 u
1287 2168 1395 2254 Quod
1410 2171 1439 2240 si
1453 2170 1490 2240 in
1509 2185 1616 2243 tantae
1632 2173 1745 2244 fervo·

157 2309 226 2356 rem
247 2283 450 2356 devotionis
467 2283 616 2355 accendi
636 2307 710 2354 non
734 2282 876 2372 valetis,
902 2283 1111 2353 imitamini⁸
1130 2282 1255 2355 saltem
1274 2301 1311 2356 et
1328 2311 1451 2360 amore
1469 2304 1506 2361 et
1528 2291 1646 2362 studio
1665 2319 1744 2364 san·

156 2423 291 2478 ctarum
304 2406 500 2478 litterarum
515 2403 635 2477 beatas
647 2404 722 2477 illas
736 2405 848 2475 sancti
861 2404 1067 2499 Hieronymi
1082 2403 1273 2503 discipulas
1288 2407 1432 2480 Paulam
1446 2424 1483 2481 et
1494 2412 1739 2502 Eustochium,

154 2521 305 2626 quarum
320 2528 497 2626 praecipue
510 2541 635 2623 rogatu
651 2541 703 2597 tot
712 2523 957 2596 voluminibus
971 2521 1162 2594 Ecclesiam
1184 2525 1372 2622 praedictus
1385 2528 1514 2600 doctor
1525 2529 1738 2604 illustravit‘.

843 2869 1055 2888 -ι-ι--ι-ὴ-ύι

263 3185 533 3275 Exuunrts
563 3195 592 3272 ll
622 3193 837 3274 REGUblS
866 3181 1269 3272 Pansunut'uttsts
1293 3185 1619 3278 uouss‘t'nttlt'.
1653 3243 1664 3284 ,-

186 3458 450 3531 lnstructiones
468 3471 597 3528 nostrae
616 3471 763 3527 sumunt
782 3455 970 3528 exordium
991 3481 1011 3527 a
1036 3455 1198 3528 doctrina
1216 3455 1345 3527 Christi
1362 3456 1604 3555 praedicantis,
1632 3475 1663 3530 et
1689 3475 1738 3530 te-

136 3581 255 3650 nentis
288 3591 558 3677 paupertatem,
591 3576 848 3664 bumilitatem,
880 3591 915 3648 et
942 3575 1195 3648 obedientiam.
1223 3577 1413 3673 Sequimur
1441 3592 1561 3650 autem
1594 3580 1738 3676 vestigia

136 3698 392 3797 apostolorum
416 3699 452 3768 in
476 3721 669 3770 commune
688 3697 897 3768 viventium.
923 3700 963 3765 ln
987 3695 1111 3768 habitu
1132 3710 1256 3767 nostro
1281 3695 1533 3768 conservamus
1549 3714 1737 3798 pauperta-

132 3834 201 3892 tem
219 3835 260 3892 et
285 3817 546 3908 humilitatem,
565 3818 602 3888 in
622 3817 843 3913 subjectione
860 3814 1121 3908 obedientiam3
1142 3817 1179 3887 in
1198 3817 1470 3888 conversatione
1489 3832 1631 3909 nostra,
1653 3821 1735 3916 quia

130 3940 386 4014 communiter
409 3941 581 4030 vivimus,
606 3939 789 4035 sequimur
809 3935 1012 4035 apostolos,
1037 3936 1121 4033 quia
1142 3936 1383 4034 undecunque
1405 3935 1579 4010 beneficia
1599 3953 1736 4038 tempo-

128 4061 209 4133 ralia
235 4062 485 4160 proveniant,
516 4059 687 4132 dividitur
714 4057 879 4154 siugulis,
905 4071 1012 4155 prout
1034 4070 1172 4153 potest3
1203 4056 1232 4126 si
1260 4081 1335 4126 non
1358 4055 1525 4129 abundat
1540 4058 1732 4150 omnibus,

122 4186 291 4256 maxime
320 4183 432 4256 datur·
445 4186 557 4280 magis
575 4179 829 4279 indigentibus.
853 4183 897 4250 Et
912 4179 1084 4277 quoniam
1107 4177 1228 4252 seculo
1249 4178 1563 4270 abrenuntiamus,
1595 4198 1630 4254 et
1656 4187 1734 4256 Deo

119 4304 357 4394 militamus,
382 4303 612 4402 persistamus
626 4303 663 4372 in
683 4300 870 4400 proposito
887 4300 1075 4387 castitatis,
1102 4314 1137 4371 et
1149 4322 1216 4397 pro
1229 4298 1364 4370 viribus
1383 4300 1513 4398 uostris
1523 4301 1622 4396 juxta
1635 4326 1734 4374 men-

116 4449 239 4496 suram
270 4424 491 4496 donationis
510 4448 581 4496 suae
601 4423 635 4496 ei
651 4421 792 4522 placere
809 4419 1082 4492 contendamus.

155 4552 215 4618 De
236 4547 502 4618 convenientia
520 4531 820 4616 coruuetudirtum.
832 4541 1048 4612 -Domino
1062 4564 1171 4640 super
1187 4564 1255 4612 uos
1267 4541 1526 4640 prospiciente,
1555 4557 1591 4614 et
1615 4542 1732 4640 aliqua

111 4661 184 4738 luca
206 4665 343 4738 nobis
361 4665 553 4763 largiente,
575 4664 735 4734 misimus
753 4661 925 4760 quasdam
945 4685 989 4734 ex
1007 4661 1137 4734 nostris
1148 4661 1417 4758 ad-religionem
1436 4662 1648 4754 tenendam,
1666 4659 1736 4736 nuss

106 4809 207 4858 mero
239 4785 476 4859 sufficiente.
511 4789 734 4856 Annotamus
762 4796 881 4854 autem
904 4780 993 4855 boni
1022 4781 1199 4880 propositi
1225 4781 1339 4852 nostri
1363 4781 1664 4875 cousuetudines;
1692 4801 1730 4856 ut

100 4907 198 4999 quod
221 4907 371 4982 tenuit
389 4922 504 4992 mater
520 4901 877 4993 incommutabiliter,
901 4917 1046 4974 teneant
1063 4917 1099 4974 et
1117 4899 1196 4977 fitiae
1214 4901 1450 4976 uniformiter.

15 5122 28 5203 ᾗ
123 5137 130 5159 “
144 5136 243 5202 loen„
257 5152 339 5202 oap-
359 5151 408 5198 xu,
422 5151 444 5185 r.
460 5137 502 5186 23.
512 5134 564 5174 -'
577 5134 673 5194 batth„
685 5148 739 5199 cap.
754 5148 828 5195 xt,t.
844 5133 916 5182 te-
951 5129 1079 5182 tribuenda
1093 5145 1148 5182 esse
1158 5130 1275 5182 lleloissae
1286 5131 1395 5191 censuit,
1407 5141 1433 5182 et
1449 5131 1505 5184 idco
1524 5148 1571 5183 non
1583 5133 1725 5185 omittenda.

18 5206 27 5233 *
97 5212 161 5268 ²Sie.
179 5238 229 5288 ap.
249 5219 448 5272 Anxboesium.
459 5246 477 5259 -
488 5217 632 5272 lmiteruiut?
646 5217 697 5255 -⁴
712 5218 762 5269 lluc
774 5233 851 5285 usque
862 5215 915 5285 ple·
949 5215 1014 5266 Loca
1032 5213 1175 5283 pontificuln
1193 5223 1218 5266 et
1237 5213 1396 5265 conciliorum
1415 5213 1487 5267 allate
1508 5215 1597 5283 passim
1618 5217 1730 5268 invenies¹

90 5299 152 5366 rique
163 5306 293 5359 codiee·
313 5304 485 5356 Amboesisni
498 5316 523 5356 ct
541 5315 624 5357 noster
641 5303 765 5356 Parisinus
776 5303 855 5364 abab
869 5301 914 5354 sed
937 5301 973 5355 in
984 5301 1087 5352 Decreta
1100 5299 1217 5352 Gratiani.
1232 5299 1353 5352 Nonnulla
1367 5311 1423 5352 sunt
1437 5301 1482 5352 sub
1497 5301 1570 5354 linem
1583 5319 1637 5370 qua
1648 5302 1680 5354 ad
1690 5317 1727 5353 re·

92 5384 278 5457 inexemplari
299 5390 486 5442 paracletensi
498 5391 563 5458 quod
575 5399 600 5442 et
613 5390 706 5440 auctius
718 5387 808 5455 ubique
823 5398 873 5448 est,
886 5403 916 5438 es
948 5385 1027 5454 gulam
1039 5385 1240 5438 xnonasteriorum
1251 5385 1486 5437 Praemonsuuenuu
1496 5387 1588 5438 ordinis
1597 5389 1720 5454 pertinere

86 5485 130 5531 tw
148 5488 328 5543 sequuntur
360 5475 461 5542 reperiit
479 5475 623 5528 limboesius
638 5491 691 5542 quae
706 5473 770 5524 haud
794 5472 914 5523 immerito
948 5470 1069 5522 videntur.
