4486 6100
1028 573 1156 645 PETRI
1182 573 1416 651 ABAEttuul

513 716 619 772 sanson
632 725 729 771 noster
740 713 863 782 validus,

512 805 675 861 Resurretit
687 805 842 872 Dominus,

511 896 722 970 Circumseptus
733 894 865 951 hostibus

546 985 643 1040 Portas
657 983 779 1040 sustulit.

513 1074 672 1130 Frustratus
683 1073 850 1149 Alophilus,

545 1164 666 1238 stupens
678 1166 810 1238 ingemit.

492 1283 496 1290 ⁸
512 1293 551 1349 Ut
565 1292 653 1349 lconis
667 1293 789 1359 catulus,

512 1383 677 1440 Resurrexit
688 1384 843 1453 Dominus,

512 1475 604 1543 Quem
617 1475 728 1547 rugitus
739 1474 850 1546 patrius

547 1562 599 1618 Die
612 1563 695 1618 tertia

512 1652 633 1708 Suscitat
644 1653 786 1720 vivificus,

546 1742 631 1797 Teste
643 1742 766 1816 physica.

513 1861 571 1915 Deo
585 1863 671 1933 patri,
686 1871 739 1918 etc.

755 2007 859 2066 XLIV.

515 2128 596 2182 Veris
613 2139 692 2201 gmto
706 2139 848 2203 tempore,

515 2216 675 2272 Resusresit
687 2217 837 2274 Dominus.

514 2306 637 2361 Mundus
649 2307 812 2364 reviviscere

548 2397 644 2466 Quum
654 2398 713 2470 jam
728 2398 843 2472 incipit,

515 2487 666 2542 Auctorem
679 2505 826 2563 resurgere

549 2576 649 2632 Mundi
662 2577 768 2634 decuit.

514 2706 631 2761 Cunctis
644 2705 852 2774 exultantibus,

515 2795 679 2852 Resurrerit
692 2797 850 2864 Dominus,

513 2885 615 2942 Herbis
630 2887 854 2956 renascentibus,

549 2977 694 3032 Frondent
706 2976 835 3046 arbores,

514 3068 623 3124 Odotes
637 3087 670 3123 ex
684 3067 801 3123 floribus

548 3159 623 3212 Dant
635 3155 814 3231 multiplices.

513 3281 663 3333 Transacta
675 3278 733 3348 jam
748 3278 859 3345 hieme,

513 3367 677 3422 Resurrexit
689 3365 842 3434 Dominus,

514 3459 547 3511 lu
560 3455 606 3511 illa
619 3466 759 3530 perpetue

550 3546 623 3602 vite
637 3543 752 3617 gaudia,

516 3635 625 3691 Nullius
638 3631 771 3690 molestias

550 3727 619 3795 Qum
630 3735 697 3781 sunt
708 3726 828 3781 conscia.

518 3853 525 3878 ¹
535 3888 586 3902 .....
600 3857 736 3908 restauret
749 3847 858 3912 omnis,

514 3937 677 3992 Resurrerit
688 3937 839 4004 Dominus,

515 4027 659 4101 Tanquam
673 4027 725 4084 ista
738 4023 837 4098 gaudia

551 4117 674 4172 blundus
687 4115 821 4184 senserit,

514 4209 609 4274 Quum
626 4223 708 4261 carne
720 4203 860 4259 dominice

548 4300 609 4353 Jam
624 4297 759 4354 relloruit.

498 4425 555 4476 lieo
567 4421 653 4492 patri,
667 4429 720 4472 etc.

762 4557 850 4614 XLV.

498 4687 530 4738 ln
541 4681 683 4739 montibus
695 4680 741 4735 liic
755 4677 869 4747 saliens,

500 4773 588 4831 Venit
602 4769 685 4826 colles
697 4765 864 4834 transiliens,

462 4867 597 4940 Sponsam
610 4859 731 4916 vccatde
743 4857 901 4913 montium¹
913 4859 1032 4913 vertice:

463 4959 573 5028 Surge,
589 4969 685 5016 soror,
700 4959 729 5004 et
740 4967 783 5004 me
796 4947 854 5020 jam
868 4965 994 5022 sequere.

462 5163 469 5188 ⁴
489 5159 627 5212 llembrans
641 5156 688 5207 hoc
700 5155 754 5206 loco
766 5167 835 5205 crasa
847 5162 894 5204 est.
904 5176 937 5190 -
949 5151 958 5179 ¹
974 5152 1033 5217 leg.
1047 5157 1142 5204 monus

1311 714 1357 771 Ad
1369 726 1518 790 paternum
1530 714 1680 790 palatium,

1312 805 1358 861 td
1372 806 1458 880 patris
1469 803 1603 861 scandens
1616 803 1730 870 solium,

1277 895 1389 969 sponse
1400 896 1519 952 clamat:
1535 894 1659 962 Dilecta,
1674 911 1814 968 properam
1901 940 1904 946 .

1276 985 1347 1041 Sede
1362 1003 1470 1043 mecum
1483 985 1512 1042 in
1525 985 1612 1060 patris
1624 983 1746 1041 dextera.

1312 1115 1414 1173 Omnis
1427 1116 1550 1173 turbate
1563 1117 1680 1182 civium,

1313 1205 1356 1261 Te
1368 1223 1488 1279 regnum
1501 1216 1596 1260 manet
1608 1204 1740 1278 patrium.

1276 1295 1344 1350 Tuae
1356 1306 1415 1352 tota
1427 1313 1492 1350 cnm
1504 1307 1583 1370 patre
1595 1295 1672 1350 curia

1279 1385 1431 1442 presentie
1441 1385 1561 1460 requirit
1575 1383 1684 1458 gaudia.

1313 1513 1381 1584 Quae
1393 1515 1467 1588 regis
1479 1530 1585 1587 sponsae
1596 1521 1766 1585 congruant,

1313 1604 1382 1673 Que
1393 1605 1495 1678 regine
1507 1603 1689 1668 conveniant,

1277 1691 1331 1748 llic
1345 1691 1463 1748 intextas
1474 1709 1507 1746 ex
1521 1708 1590 1746 auro
1603 1686 1728 1763 cyclades

1277 1782 1350 1837 Cum
1365 1782 1498 1856 purpuris
1511 1779 1657 1854 gemmatis
1670 1777 1785 1860 indues.¹

1314 1910 1358 1967 Sit
1371 1909 1485 1965 Christo
1498 1925 1606 1964 somma
1620 1907 1724 1980 gloria,

1313 2000 1371 2070 Qui
1384 1997 1518 2055 scandens
1531 2015 1616 2072 super
1628 1995 1729 2065 sidera,

1278 2089 1351 2144 Cum
1364 2088 1486 2162 Spiritu,
1498 2104 1562 2143 curn
1575 2097 1668 2160 patre,
1681 2102 1780 2158 supera

1278 2179 1438 2236 musanus
1451 2177 1525 2251 regit
1537 2187 1566 2232 et
1580 2175 1680 2232 infers.

1803 2265 1895 2318 Auru.

1572 2425 1675 2483 XLVI.

1313 2567 1489 2638 Quibusdam
1504 2567 1583 2641 qussi
1600 2565 1715 2621 saltibus

1312 2657 1432 2730 Super-ni
1446 2657 1531 2730 patris
1543 2656 1631 2722 lilius,

1279 2746 1323 2803 lld
1336 2758 1444 2802 terrens
1458 2746 1560 2801 venite
1574 2745 1696 2820 superis,

1279 2836 1409 2910 Spoliatis
1421 2852 1496 2890 nunc
1508 2834 1582 2890 redit
1594 2834 1729 2890 Tartaris.

1312 2967 1336 3020 Α
1351 2967 1414 3020 sinu
1426 2966 1503 3020 venit
1515 2965 1620 3037 patrio,

1298 3105 1300 3108 .
1315 3055 1412 3110 Matris
1425 3064 1568 3127 susceptos
1581 3065 1680 3122 utero;

1277 3144 1311 3226 lp
1327 3143 1476 3217 sepulchro
1488 3144 1523 3200 de
1536 3161 1619 3199 cruce
1631 3143 1738 3217 positus

1278 3233 1443 3289 Resurrexit
1454 3252 1505 3308 pei·
1518 3251 1603 3308 quem
1617 3235 1799 3307 resurgimus.

1314 3361 1516 3418 escendentem
1530 3361 1566 3416 ad
1577 3361 1693 3430 ethera,

1313 3451 1409 3506 Nubes
1419 3452 1528 3524 excepit
1541 3450 1652 3520 lucida,
1767 3456 1772 3464 '

1279 3539 1435 3596 Terebatur
1448 3540 1548 3596 erectis
1560 3540 1702 3609 manibus,

1280 3629 1448 3685 Benedicens
1462 3631 1519 3685 suis
1531 3630 1695 3687 astantibus.

1314 3758 1516 3816 escendentem
1530 3761 1709 3816 cernentibus
1785 3777 1792 3792 ·

1219 3845 1224 3858 '
1313 3853 1355 3904 Ac
1370 3867 1453 3922 super
1472 3851 1525 3907 hoc
1538 3851 1719 3920 mirantibus,

1279 3938 1438 3994 Astiterunt
1454 3941 1483 3995 in
1497 3938 1567 3996 albis
1577 3940 1685 4015 angeli,

1251 4041 1254 4050 ·
1276 4027 1346 4082 Tam
1357 4028 1427 4083 facie
1439 4047 1523 4103 quam
1536 4041 1609 4085 veste
1622 4028 1714 4086 nitidi.

1311 4158 1404 4228 Quid,
1420 4158 1553 4232 inquiunt
1564 4159 1694 4228 attoniti,

1311 4249 1356 4304 Sic
1373 4247 1475 4303 coelum
1488 4248 1661 4304 intuemini?
1766 4304 1770 4314 ,

1276 4339 1367 4407 Quem
1378 4347 1492 4393 euntem
1506 4337 1535 4392 in
1550 4339 1651 4394 coelum
1664 4340 1790 4408 cernitis,

1278 4427 1324 4482 Sic
1335 4429 1427 4484 veniet
1439 4429 1468 4483 in
1481 4427 1570 4484 forma
1584 4429 1698 4501 judicis.

1310 4555 1352 4612 Sit
1364 4573 1488 4625 summo,
1508 4569 1560 4613 etc.

1565 4717 1685 4774 XLVII.

1287 4863 1290 4872 '
1309 4866 1342 4918 In
1357 4865 1439 4920 terris
1451 4864 1545 4920 adhuc
1557 4827 1691 4939 positum,

1310 4954 1445 5027 Sponsam
1459 4953 1589 5012 Christus
1602 4954 1751 5010 Ecclesiam
