4522 6104
579 617 583 628 ·
721 565 955 641 Expostulo
981 564 1026 640 lN
1050 560 1343 638 HEXAMERON.
1753 557 1825 630 675

296 709 457 782 «Evilat.
473 735 491 776 n
510 705 552 780 ld
572 722 642 797 est,
662 705 781 795 India,
799 729 885 803 -quae
908 704 994 777 inde
1016 703 1127 777 babet
1148 703 1219 776 hoc
1241 723 1397 791 nomen,
1420 697 1521 800 quod
1544 709 1628 798 post
1650 693 1826 770 diluvium

245 851 407 926 possessa
423 830 469 902 sit
491 828 538 900 ab
554 827 653 900 Evila
674 826 748 900 lilio
770 829 911 916 lectan,
930 824 993 895 lilii
1012 824 1144 914 lleber,
1163 822 1261 897 unde
1280 821 1432 896 Hebraei.
1453 820 1587 896 Plinius
1606 819 1693 892 dicit
1716 818 1827 894 lndiae

244 949 408 1046 regiones
423 949 500 1020 auri
514 949 614 1019 venis
630 969 702 1043 prae
718 945 852 1018 caeteris
867 943 1053 1017 abundare
1068 944 1183 1015 terris.

176 1113 180 1122 ·
298 1095 317 1136 a
334 1066 510 1139 Bdellium
527 1094 545 1133 n
574 1079 627 1137 est
646 1063 755 1136 arbor
774 1063 970 1135 aromatica
993 1062 1115 1134 colore
1140 1062 1264 1160 nigra,
1286 1061 1444 1159 lacryma
1467 1059 1543 1157 ejus
1566 1056 1705 1149 lucida,
1723 1070 1828 1155 gustu

245 1209 387 1275 amara,
406 1186 493 1257 boni
510 1186 650 1274 odoris,
668 1184 732 1256 sed
748 1185 833 1256 vino
850 1183 992 1282 perlusa
1007 1181 1205 1256 odoratior.

297 1333 315 1372 a
326 1306 444 1400 Onyx,
458 1332 476 1372 n
496 1303 585 1403 lapis
601 1305 777 1401 pretiosus
795 1302 844 1374 ita
860 1302 1071 1401 appellatus,
1085 1302 1185 1400 quod
1200 1303 1238 1374 in
1256 1327 1294 1374 se
1309 1299 1421 1372 habet
1435 1297 1651 1399 permixtum
1667 1295 1828 1372 colorem

246 1421 302 1496 vel
317 1425 355 1496 in
372 1423 642 1496 similitudinem
658 1423 786 1519 unguis
802 1422 964 1494 humani.
983 1423 1097 1494 Graeci
1112 1423 1210 1494 enim
1226 1443 1382 1517 unguem
1399 1431 1506 1515 ὄνυχον
1522 1417 1660 1490 dicunt.
1674 1417 1830 1514 Antiqua

245 1541 429 1614 translatio
446 1541 556 1614 habet
571 1565 639 1640 pro
655 1541 730 1630 bis,
751 1571 768 1610 a
784 1540 1024 1613 carbunculus
1040 1555 1075 1612 et
1091 1540 1180 1639 lapis
1196 1540 1391 1638 prassinus.
1407 1567 1426 1608 n
1445 1535 1692 1615 Carbunculus
1706 1550 1761 1608 est
1776 1535 1829 1607 la·

224 1729 227 1734 .
245 1662 300 1758 pis
320 1662 414 1758 ignei
430 1661 580 1750 coloris,
598 1663 662 1758 qui
679 1661 796 1734 noctis
811 1660 977 1734 tenebras
997 1658 1161 1734 illustrat.
1180 1661 1363 1734 Prassinus
1383 1657 1507 1732 viridis
1529 1672 1705 1756 aspectus.
1725 1653 1830 1728 Unde

246 1795 282 1853 et
297 1806 320 1854 a
335 1803 445 1878 porro
469 1805 603 1854 nomen
623 1783 778 1879 accepit,
796 1781 935 1880 quoda
953 1781 1216 1880 Graecisnpotror
1237 1780 1381 1854 dicitur.
1402 1782 1523 1866 Quum
1546 1776 1690 1850 laudem
1712 1776 1831 1873 cujus·

246 1924 401 1997 cumque
421 1899 520 1970 lluvii
541 1899 587 1972 de
607 1900 774 1999 paradiso
797 1899 1011 1997 egredientis
1031 1901 1272 1998 prosequitur,
1291 1899 1329 1970 in
1348 1897 1703 1994 commendationem
1724 1894 1832 1990 hujus

246 2015 317 2088 loci
332 2016 535 2090 redundare
552 2017 708 2108 videtur,
727 2033 899 2116 tanquam
916 2043 959 2090 ex
974 2018 1057 2092 loco
1072 2019 1266 2092 nativitatis
1281 2043 1353 2090 suae
1372 2018 1512 2106 trahat,
1530 2014 1631 2113 quod
1649 2015 1704 2086 his
1724 2013 1832 2086 bonis

246 2133 419 2208 abundet.
444 2141 488 2208 Et
511 2152 599 2209 nota
621 2137 722 2236 quod
743 2137 790 2212 ad
811 2139 986 2235 majorem
1006 2137 1139 2210 horum
1159 2138 1353 2212 fluviorum
1367 2138 1535 2210 notitiam
1552 2160 1628 2208 non
1653 2134 1771 2206 solum
1789 2157 1833 2206 ex

246 2257 455 2328 nominibus
465 2258 538 2330 suis
549 2282 613 2330 eos
630 2257 832 2354 distinguit,
845 2283 972 2332 verum
986 2260 1093 2332 etiarn
1107 2285 1150 2331 ex
1163 2259 1251 2330 locis
1264 2274 1441 2332 terrarum
1454 2258 1502 2332 ad
1512 2279 1591 2356 quae
1602 2257 1830 2354 perveniunt,

246 2389 286 2448 ut
301 2400 344 2447 ex
363 2376 514 2448 utilitate
529 2377 691 2474 ipsorum
706 2377 757 2448 ibi
773 2378 950 2476 praecipue
968 2378 1113 2472 cognita
1130 2376 1282 2475 amplius
1297 2375 1611 2450 commendentur.
1630 2378 1751 2462 Quum
1776 2373 1833 2446 di·
1872 2377 1876 2384 '

246 2494 295 2566 cit
310 2493 355 2564 de
373 2493 429 2566 his
446 2493 655 2566 fluminibus
672 2519 804 2585 unuin,
822 2493 878 2568 vel
894 2495 1112 2586 secundum,
1130 2497 1187 2570 vel
1210 2498 1356 2570 tertium
1375 2521 1438 2570 seu
1454 2510 1644 2594 quartum,
1666 2518 1742 2566 non
1762 2492 1834 2564 hoc

243 2615 341 2708 juxta
363 2611 528 2687 ordinem
551 2615 740 2712 positionis
766 2639 910 2705 eorum,
937 2615 1002 2688 sed
1024 2616 1139 2712 magis
1167 2617 1383 2691 narrationis
1403 2614 1653 2712 accipiendum
1675 2612 1830 2698 videtur,

246 2731 315 2802 nisi
331 2732 423 2805 forte
439 2734 518 2830 quis
534 2733 631 2804 dicat
646 2733 683 2803 in
704 2733 874 2830 praedicta
896 2758 1043 2832 quoque
1069 2733 1245 2808 divisione
1269 2735 1440 2832 ipscmm·
1455 2732 1554 2804 hunc
1577 2731 1744 2804 ordinem
1767 2730 1834 2802 ha·

247 2848 343 2942 beri,
362 2867 402 2924 ut
418 2852 507 2924 alius
524 2853 594 2924 alio
606 2853 705 2950 prius
716 2853 897 2926 dividatur
910 2856 947 2926 in
962 2854 1103 2928 alveum
1123 2879 1232 2928 suum
1243 2854 1380 2952 abipsa
1390 2853 1529 2950 origine
1540 2851 1733 2927 nativitatis
1746 2874 1830 2924 suae.

298 2976 410 3068 «lpse
426 2985 480 3043 est
495 2969 707 3069 Euphrates.
726 2999 743 3038 n
762 2976 866 3043 Hunc
883 2997 958 3044 non
976 2974 1024 3044 ita
1041 2973 1212 3046 describit
1228 2999 1269 3046 ex
1285 2973 1374 3046 locis
1389 2998 1455 3072 per
1470 2995 1550 3071 quae
1565 2969 1733 3044 discurrit
1742 2969 1835 3042 sicut

247 3103 413 3178 caeteros,
431 3114 562 3187 quum,
586 3104 627 3163 ut
646 3090 767 3178 aiunt,
790 3091 942 3162 vicinior
962 3105 1070 3186 atque
1090 3092 1212 3162 notior
1236 3090 1373 3189 populo
1398 3090 1605 3165 ludaeorum
1623 3103 1729 3160 esset.
1752 3091 1834 3160 Haec

247 3207 396 3282 llumi'na
422 3211 587 3306 gentibus
606 3235 671 3308 per
693 3234 783 3309 quas
804 3209 923 3283 fluunt
945 3211 1131 3284 notissima
1151 3226 1247 3284 sunt.
1271 3211 1424 3284 Duobus
1444 3235 1571 3283 eorum
1590 3224 1747 3283 renisus
1769 3231 1836 3282 no-

246 3331 345 3400 mina
363 3331 527 3401 mutavit.
549 3358 566 3397 a
580 3329 675 3400 Gion
689 3356 707 3396 »
727 3331 862 3428 quippe
882 3329 960 3428 ipse
975 3344 1028 3402 est
1044 3331 1108 3426 qui
1129 3355 1228 3402 nunc
1247 3330 1346 3404 Nilus
1369 3345 1531 3402 vocatur.
1554 3329 1754 3400 «Phison»
1773 3351 1835 3402 au·

247 3462 319 3519 tem
335 3445 395 3518 ille
411 3446 598 3520 dicebatur
613 3469 723 3545 quem
736 3471 836 3520 nunc
852 3452 1001 3544 Gangen
1020 3448 1214 3546 appellant.
1234 3451 1317 3520 Duo
1337 3472 1425 3521 vero
1445 3449 1566 3546 Tygris
1583 3462 1620 3519 et
1636 3446 1835 3546 Euphrates

247 3568 394 3664 antiqua
409 3567 559 3638 nomina
574 3582 819 3642 servaverunt.
833 3566 905 3640 Sed
919 3591 1066 3640 morere
1083 3582 1203 3666 potest
1217 3567 1318 3667 quod
1334 3567 1381 3640 de
1396 3567 1453 3642 his
1468 3565 1676 3641 fluminibus
1689 3566 1832 3659 dicitur,

248 3685 401 3760 aliorum
419 3687 537 3760 fontes
551 3710 630 3760 asse
648 3703 778 3778 notos,
796 3687 950 3760 aliorum
966 3711 1114 3786 prorsus
1127 3690 1289 3785 ignotos,
1303 3703 1342 3762 et
1356 3687 1440 3761 ideo
1454 3713 1529 3760 non
1544 3712 1650 3786 posse
1663 3687 1776 3786 accipi
1787 3686 1836 3760 ad

248 3808 402 3880 litteram
418 3808 518 3906 quod
541 3834 583 3880 ex
604 3833 679 3880 uno
701 3806 1043 3898 sonte'dividantur,
1066 3831 1179 3905 quum
1205 3809 1326 3906 potius
1348 3807 1571 3884 credendum
1591 3809 1637 3880 sit
1662 3809 1835 3906 quoniam

248 3908 594 4026 tocus'ille'paradtsi
610 3942 770 4001 remotus
787 3941 841 4000 est
856 3951 877 4000 a
893 3927 1099 4022 cognitione
1116 3925 1329 4016 hominum,
1347 3926 1410 4024 qui
1426 3927 1463 3998 iu
1482 3941 1638 4023 quatuor
1659 3951 1835 4024 aquarum
1913 3917 1920 3930 ’

248 4061 367 4146 partes
383 4046 568 4137 dividitur,
578 4049 671 4119 sicut
686 4046 892 4120 fidelissima
906 4047 1083 4145 scriptura
1098 4061 1260 4120 testatur.
1272 4045 1343 4120 Sed
1357 4071 1400 4120 ea
1417 4045 1567 4120 flumina
1583 4071 1740 4143 quorum
1758 4047 1837 4118 lon·

248 4181 302 4240 tes
324 4169 403 4241 noti
423 4167 593 4242 dicuntur
617 4167 749 4241 alicubi
766 4193 842 4242 esse
858 4167 925 4244 sub
941 4169 1063 4260 terris,
1083 4182 1119 4240 et
1138 4183 1222 4267 post
1242 4182 1376 4242 tractus
1402 4166 1620 4266 prolixarum
1645 4168 1834 4264 regionum

249 4285 337 4358 locis
354 4287 430 4360 aliis
446 4288 621 4387 erupisse,
635 4288 698 4360 ubi
710 4303 884 4386 tanquam
894 4288 932 4359 in
945 4289 1017 4360 suis
1030 4286 1190 4360 lontibus
1208 4289 1286 4360 noti
1303 4312 1380 4360 esse
1395 4283 1643 4385 perhibentur.
1663 4286 1834 4364 Namhoc

249 4403 365 4478 facere
381 4403 495 4478 solere
512 4405 704 4481 nonnullas
722 4409 840 4504 aquas
848 4407 928 4504 quis
946 4407 1111 4504 ignorat?
1130 4406 1187 4478 Sic
1208 4421 1245 4481 et
1261 4405 1350 4480 illud
1365 4406 1478 4479 Boetii
1498 4404 1636 4478 absolvi
1648 4404 1829 4503 judicant,

248 4525 351 4622 quod
375 4525 470 4602 libro
495 4531 526 4621 V
548 4526 591 4600 de
609 4526 856 4600 Comolau'one
880 4526 937 4600 his
963 4525 1081 4600 verbis
1097 4526 1259 4624 deTygri
1285 4543 1320 4600 et
1340 4526 1522 4626 Euphrate
1538 4525 1668 4602 dixin:

568 4722 665 4807 Rupis
678 4721 870 4789 Achemenis
883 4723 1018 4806 scopulis
1030 4722 1083 4786 ubi
1095 4741 1183 4788 versa
1196 4731 1376 4808 sequentum

649 4825 831 4890 Pectoribus
843 4825 911 4909 ligit
923 4825 1040 4910 spicula
1056 4845 1161 4910 pugna
1173 4825 1281 4908 fugax,
1368 4911 1376 4916 -

567 4927 676 5010 tygri·
688 4935 721 4990 et
735 4926 907 5014 Euphrates
919 4947 982 4991 uuo
995 4945 1029 4992 se
1046 4926 1133 4991 lente
1144 4925 1312 4992 resolvant.

285 5161 293 5188 ¹
311 5162 407 5214 Consol.
419 5161 507 5227 philos.
520 5161 552 5213 t.
