4510 6108
641 607 685 678 lN
710 605 1005 680 DEDlCATlONE
1031 605 1251 676 ECGLESlAE
1275 604 1434 676 SERMO.
1760 598 1829 670 537

255 771 346 820 unus
362 750 505 848 spiritus
522 753 603 822 est¹.
627 777 645 816 n
663 753 773 822 Caute
789 763 909 822 autem
922 773 964 820 ac
980 749 1130 848 provide
1146 762 1272 820 votum
1289 748 1420 820 faciens
1435 745 1546 818 Jacob
1563 743 1609 815 de
1629 741 1839 842 persolven.

233 915 237 924 ·
254 866 309 938 dis
324 868 489 959 decimis,
508 895 583 942 non
601 870 646 942 de
662 871 734 941 suis
750 869 901 956 viribus,
920 868 983 939 sed
1000 868 1046 939 de
1062 868 1306 941 misericordia
1322 869 1387 938 Dei
1403 889 1636 965 presumens,
1655 863 1756 961 quasi
1772 886 1833 958 ap·

253 995 369 1090 posita
393 996 600 1069 conditione
618 996 686 1066 ait¹
706 1023 714 1064 :
737 1024 753 1062 v
772 995 808 1064 Si
824 993 929 1064 fuerit
955 1017 1096 1064 mecum
1111 996 1225 1080 Deus,
1248 1007 1283 1064 et
1299 991 1508 1063 custodierit
1524 1013 1603 1076 me,
1621 1017 1638 1054 ιι
1657 987 1741 1084 quia
1757 985 1832 1079 ejus

253 1105 371 1210 gratiae
392 1131 445 1186 est
464 1114 638 1213 quidquid
663 1113 752 1185 boni
777 1113 926 1210 agimus.
946 1112 1050 1184 Unde
1066 1127 1102 1183 et
1118 1112 1263 1184 Paulus³
1284 1140 1292 1182 :
1315 1111 1472 1182 «Gratia
1497 1110 1563 1180 Dei
1583 1133 1662 1178 sum
1679 1104 1716 1178 id
1732 1105 1832 1202 quod

254 1256 345 1304 sum.
369 1259 386 1299 n
408 1239 453 1306 Et
473 1259 614 1305 rursum
637 1257 750 1330 quum
767 1233 931 1304 dixisset:
955 1261 972 1300 ιι
994 1231 1076 1303 Plus
1101 1231 1270 1302 omnibus
1294 1230 1474 1318 laboravi,
1497 1259 1514 1295 n
1542 1229 1661 1300 statim
1679 1225 1830 1320 adjecit:

256 1379 273 1418 ιι
294 1356 373 1424 Non
390 1377 457 1448 ego
474 1367 610 1444 autem,
630 1354 693 1426 sed
710 1355 822 1450 gratia
837 1353 903 1424 Dei
917 1376 1071 1425 mecum.
1092 1380 1110 1419 u
1125 1352 1289 1423 Decimas
1305 1351 1468 1422 omnium
1481 1355 1558 1421 Deo
1575 1347 1757 1448 persolvit,
1771 1349 1833 1442 qui

254 1470 464 1568 decalogum
496 1473 615 1570 legens
652 1475 688 1544 in
726 1473 825 1544 nullo
860 1473 1015 1561 excedit,
1050 1496 1167 1544 neca
1198 1470 1376 1544 mandatis
1408 1470 1492 1558 Dei,
1525 1494 1603 1567 quae
1635 1494 1699 1567 per
1729 1466 1834 1540 deca-

252 1585 375 1684 logum
399 1589 500 1662 illum
520 1589 766 1687 intelliguntur
791 1592 828 1662 in
852 1591 972 1688 aliquo
995 1589 1142 1662 recedit.
1178 1589 1287 1677 Quod
1309 1589 1347 1660 in
1379 1602 1491 1660 semet
1522 1587 1627 1660 nobis
1649 1587 1700 1658 sic
1731 1609 1832 1656 com·

253 1705 350 1802 plere
366 1710 558 1799 concedat,
577 1724 616 1782 ut
633 1708 732 1807 quod
747 1708 946 1782 visibilibus
962 1710 1192 1781 sacramentis
1208 1709 1360 1781 exterius
1377 1723 1497 1780 aetum
1513 1722 1582 1794 est,
1601 1707 1638 1777 iu
1655 1705 1834 1804 corporali

253 1826 387 1924 templo
404 1829 479 1925 ipse
495 1828 717 1900 invisibiliter
732 1830 770 1900 in
787 1829 893 1901 nobis
909 1828 1095 1928 operando
1108 1827 1281 1927 templum
1297 1852 1364 1899 nos
1380 1829 1496 1898 verius
1513 1825 1652 1897 efficere
1668 1825 1833 1920 dignetur

252 1967 413 2016 summus
430 1948 589 2045 pontifex
609 1961 645 2018 et
669 1973 730 2020 rex
750 1951 850 2020 lesus
870 1948 1048 2035 Christus,
1071 1948 1172 2044 cujus
1194 1963 1268 2028 tam
1290 1947 1531 2020 sacerdotium
1550 1969 1659 2042 quam
1683 1967 1833 2039 regnum

254 2080 456 2157 perseverat
472 2067 509 2136 in
526 2065 653 2138 saecuta
668 2066 890 2146 saeculorum.
911 2075 1035 2148 Amen.

769 2727 834 2804 llll
863 2725 1053 2806 SANGTA
1081 2729 1320 2819 SUSANNA,

708 2933 762 2992 ln
793 2933 1112 3000 ttoa'rartoltstt
1145 2936 1371 2997 vltthNUtt.

924 3133 1034 3180 SERMO
1059 3134 1156 3180 xxlx.

300 3319 471 3407 Audistis,
490 3320 696 3405 carissime,
711 3334 818 3418 atque
835 3321 973 3394 utinam
989 3323 1217 3395 exaudissetis
1233 3323 1377 3396 beatam
1393 3321 1489 3393 illam
1505 3347 1644 3420 sponsae
1660 3320 1833 3393 sollicitu-

250 3433 372 3508 dinem
395 3437 432 3506 in
454 3439 598 3508 Castico
614 3441 839 3509 Cantt'corum
854 3439 900 3512 ad
918 3440 1203 3513 exhortationem
1225 3456 1380 3514 vestram
1396 3439 1582 3536 diligenter
1602 3441 1829 3541 descriptam.

249 3559 335 3642 Quae
351 3580 464 3652 quum
479 3556 543 3627 din
558 3557 745 3653 quaesitum
763 3557 799 3628 in
816 3556 946 3632 lectulo
963 3559 1134 3632 dilectum
1150 3561 1311 3632 invenire
1327 3584 1403 3630 non
1420 3574 1541 3658 posset
1556 3563 1584 3629 ⁴:
1607 3587 1625 3627 ιι
1637 3563 1799 3656 Surgam,
1811 3589 1829 3627 u

248 3675 382 3771 inquit,
399 3705 416 3742 ιι
437 3689 473 3746 et
483 3673 643 3746 circuibo
659 3676 839 3749 civitatem
860 3705 868 3748 ε
888 3704 954 3777 per
971 3680 1070 3751 vicos
1086 3694 1122 3752 et
1137 3679 1272 3777 plateas
1288 3702 1446 3776 quaeram
1462 3704 1573 3776 quem
1589 3679 1702 3776 diligit
1713 3681 1833 3751 anima

249 3817 340 3864 mea.
363 3822 381 3860 n
400 3798 439 3864 ln
457 3792 588 3865 lectulo
609 3794 780 3866 dilectum
800 3797 944 3893 quaerit,
967 3812 1003 3868 et
1023 3821 1098 3869 non
1116 3797 1269 3885 invenit,
1288 3822 1401 3894 quum
1420 3798 1540 3868 anima
1557 3797 1712 3894 perfecta
1729 3798 1832 3869 fatuis

247 3912 445 4008 virginibus
469 3910 635 4008 adjuncta
659 3937 769 4012 opera
789 3914 948 4013 ipsarum
970 3914 1221 4005 considerans,
1240 3916 1409 4015 exemplis
1430 3941 1554 3988 earum
1570 3917 1698 3987 instrui
1713 3919 1829 4016 cupit,

247 4056 337 4128 quas
348 4032 394 4104 de
406 4034 625 4106 continentia
635 4035 751 4106 earnis
763 4035 800 4105 in
814 4059 944 4132 magna
958 4036 1130 4107 virtutum
1141 4037 1360 4135 perfectione
1374 4060 1450 4107 esse
1463 4036 1588 4107 credit.
1604 4041 1724 4123 Quum
1734 4038 1831 4108 enim

247 4154 355 4224 etiam
364 4155 430 4227 ista
442 4155 557 4226 caruis
569 4156 808 4244 continentia,
821 4169 857 4228 et
867 4155 974 4252 hujus
989 4171 1064 4230 tam
1080 4156 1182 4229 ardui
1198 4157 1374 4258 propositi
1390 4154 1616 4226 observantia
1633 4180 1830 4253 paucorum

247 4274 313 4361 sit,
332 4273 455 4346 talium
466 4275 539 4346 vita
556 4300 575 4348 a
596 4273 752 4348 tumultu
769 4276 886 4348 saeculi
902 4292 1041 4350 remota
1056 4275 1188 4349 lectulo
1208 4278 1328 4376 potius
1345 4300 1454 4373 quam
1471 4277 1563 4348 lecto
1585 4292 1827 4374 comparatur,
1875 4363 1881 4378 ι

247 4395 332 4490 quia
357 4419 486 4492 magna
513 4396 614 4492 quies
639 4411 692 4469 est
719 4420 740 4469 a
766 4395 937 4470 molestiis
966 4399 1174 4497 nuptiarum
1203 4421 1350 4487 vacare,
1378 4411 1414 4468 et
1444 4395 1688 4494 voluptatibus
1713 4399 1829 4468 carnis
1928 4405 1930 4410 “

247 4537 395 4611 operam
412 4539 486 4584 non
505 4514 603 4587 dare.
623 4515 693 4586 Sed
710 4517 885 4612 quianon
903 4540 1076 4614 magnum
1092 4517 1180 4615 quid
1195 4516 1292 4589 banc
1306 4516 1587 4603 continentiam,
1606 4540 1685 4611 quae
1701 4539 1830 4613 pauco·

247 4656 328 4704 rum
345 4648 414 4723 est,
433 4634 588 4733 imperiti
603 4638 791 4725 aestimant,
810 4653 847 4708 et
862 4635 944 4710 ideo
962 4637 1063 4711 facile
1078 4663 1121 4710 ex
1137 4639 1283 4710 caritate
1301 4661 1365 4709 sua
1386 4638 1422 4708 in
1439 4635 1632 4708 clationem
1651 4637 1828 4735 simplices

246 4752 372 4844 trahit,
400 4778 475 4825 non
495 4769 614 4853 potest
634 4756 671 4826 in
693 4755 823 4829 talibus
839 4756 1000 4829 Christus
1023 4757 1190 4857 reperiri,
1211 4757 1275 4854 qui
1294 4755 1456 4855 superbis
1477 4756 1607 4827 resistit
1622 4780 1774 4855 semper,
1794 4771 1829 4827 et
1870 4785 1873 4791 ¹

242 4871 441 4945 humilibus
458 4872 520 4945 dat
536 4875 699 4971 gratiam.
717 4880 795 4948 Hoc
806 4877 927 4974 itaque
943 4901 1077 4976 sponsa
1091 4877 1315 4975 conspiciens
1331 4876 1432 4973 quasi
1448 4875 1494 4946 de
1503 4873 1634 4945 lectulo
1650 4877 1773 4972 surgit,
1794 4890 1829 4946 et

280 5111 288 5138 ‘
309 5113 418 5167 Corinth.
431 5115 458 5174 t,
473 5128 529 5179 cap.
544 5129 567 5165 n
577 5152 584 5177 ,
595 5129 618 5166 v.
634 5117 673 5166 tt.
683 5139 711 5152 -·
725 5113 840 5175 ‘Geren
852 5129 907 5182 cap.
924 5130 1014 5179 urm,
1027 5131 1051 5167 v.
1062 5116 1105 5168 20.
1115 5137 1148 5156 -·
1160 5115 1170 5145 ⁸
1183 5115 1290 5168 conatii.
1304 5117 1329 5177 l,
1341 5131 1397 5184 esp.
1411 5133 1453 5180 xv,
1465 5133 1487 5167 r.
1502 5117 1540 5166 10.
1552 5114 1605 5153 -⁴
1620 5115 1702 5175 Cana,
1716 5131 1770 5181 cap.
1785 5131 1828 5176 ιιι,

240 5213 268 5247 v.
286 5199 311 5249 2.

367 5303 377 5349 1
1668 5291 1707 5352 et
