4520 6104
487 599 557 672 tat
914 595 1043 666 PETRI
1069 591 1305 667 ABAELARDl
1326 593 1386 664 ET
1409 590 1636 664 HELOISSAE

483 741 666 840 propriam
684 737 871 826 virtutem,
895 751 929 808 et
948 749 1111 808 naturam
1127 760 1279 832 sequens
1290 730 1409 834 potius
1422 759 1530 832 quam
1546 733 1710 824 trahens,
1727 757 1954 832 nequaquam
1968 747 2064 808 usum

484 861 652 933 satietatis
665 863 687 949 ¹,
709 857 772 930 sed
786 856 938 930 abusum
956 856 1091 928 auferat
1105 856 1375 956 superfluitatis3
1393 871 1428 927 et
1439 857 1490 926 sic
1503 856 1722 955 extirpentur
1733 856 1828 946 vitia,
1845 880 1913 927 nec
1925 856 2066 929 laedatur

486 998 623 1054 natura.
646 980 735 1052 Satis
754 993 806 1050 est
826 977 996 1067 infirmis,
1018 979 1048 1048 si
1065 992 1210 1076 peccata
1229 979 1364 1066 vitent,
1387 977 1469 1048 etsi
1488 1001 1562 1047 non
1584 975 1631 1048 ad
1649 975 1875 1075 perfectionis
1888 978 2065 1049 cumulum

483 1101 739 1174 conscendant.
761 1098 899 1170 Sufficit
919 1123 1064 1195 quoque
1083 1098 1239 1196 paradisi
1256 1096 1388 1194 angulo
1406 1096 1580 1186 residere,
1597 1097 1627 1168 si
1645 1097 1858 1193 martyribus
1871 1121 1945 1168 non
1959 1099 2065 1196 possis

482 1222 681 1296 considere.
700 1225 831 1292 Tutum
845 1235 898 1292 est
912 1242 1042 1291 vovere
1056 1219 1222 1308 modica,
1245 1231 1284 1288 ut
1303 1219 1439 1314 majora
1455 1216 1583 1289 debitis
1607 1216 1821 1315 superaddat
1835 1219 1957 1314 gratia.
1983 1221 2066 1290 Hinc

482 1345 578 1417 enim
596 1341 768 1440 scriptum
785 1344 860 1411 est‘
882 1369 889 1408 :
916 1343 1071 1425 «Quum
1090 1337 1241 1409 feceritis
1257 1339 1379 1410 omnia
1397 1363 1475 1435 quae
1492 1353 1668 1436 praecepta
1689 1353 1790 1428 sunt,
1812 1337 1920 1428 dicite
1943 1366 1951 1409 :
1973 1341 2066 1411 Servi

482 1463 624 1535 inutiles
640 1485 775 1550 sumus,
790 1484 869 1557 quae
883 1457 1072 1546 debuimus
1083 1457 1198 1530 facere
1210 1457 1368 1530 fecimus.
1382 1486 1399 1525 a
1415 1487 1433 1525 r<
1447 1463 1527 1547 lex,
1544 1487 1563 1526 n
1580 1459 1695 1555 inquit
1709 1458 1897 1557 Apostolus
1908 1461 1932 1548 ¹,
1951 1487 1969 1527 u
1984 1461 2066 1530 iram

402 1663 405 1672 ,
483 1599 663 1684 operatur.
681 1581 751 1652 Ubi
769 1580 866 1651 enim
879 1603 954 1650 non
969 1594 1023 1651 est
1034 1577 1104 1668 lex,
1119 1602 1186 1649 neo
1201 1578 1453 1677 praevaricatio
1471 1607 1490 1646 »
1507 1583 1550 1650 Et
1563 1580 1737 1651 iterum⁸z
1757 1608 1775 1646 a
1791 1579 1875 1650 Sine
1885 1578 1963 1676 lege
1976 1580 2067 1651 enim

483 1716 670 1803 peccatum
698 1715 881 1772 mortuum
907 1713 994 1771 erat.
1019 1703 1093 1796 Ego
1117 1711 1236 1770 autem
1254 1698 1417 1770 vivebam
1438 1700 1514 1770 sine
1532 1697 1609 1795 lege
1635 1698 1841 1796 aliquando.
1869 1698 1940 1770 Sed
1961 1723 2069 1796 quum

484 1824 638 1900 venisset
662 1819 891 1909 mandatum,
911 1833 1099 1918 peccatum
1117 1818 1253 1889 revixit.
1275 1821 1349 1914 Ego
1372 1833 1493 1890 autem
1515 1833 1677 1889 mortuus
1702 1841 1802 1909 sum,
1832 1831 1865 1890 et
1886 1819 2067 1889 inventum

484 1959 536 2016 est
556 1943 645 2015 mihi
662 1940 892 2029 mandatum,
911 1937 1009 2036 quod
1027 1951 1104 2009 erat
1121 1936 1167 2007 ad
1184 1937 1313 2026 vitam,
1334 1937 1406 2008 hoe
1419 1961 1495 2010 esse
1513 1936 1559 2009 ad
1574 1951 1739 2009 mortem.
1757 1941 1845 2006 Nam
1863 1951 2066 2035 peccatum,

484 2063 670 2134 occasione
688 2074 831 2157 accepta
845 2083 911 2156 per
924 2055 1147 2145 mandatum,
1165 2054 1304 2127 seduxit
1321 2080 1399 2145 me,
1422 2070 1457 2127 et
1474 2080 1539 2153 per
1552 2055 1639 2127 illud
1654 2079 1712 2126 me
1725 2054 1875 2144 occidit,
1890 2070 1930 2126 ut
1942 2054 2003 2126 liat
2017 2081 2070 2126 su·

483 2209 549 2282 pra
563 2180 713 2254 modum
730 2202 881 2279 peccans
900 2191 1087 2276 peccatum
1099 2201 1164 2274 per
1182 2175 1404 2248 mandatum.
1422 2203 1440 2243 n
1456 2176 1670 2272 Augustinus
1687 2173 1738 2245 ad
1752 2173 2025 2271 Simplicinnum
2036 2179 2069 2245 ³.-

487 2307 573 2399 «lix
590 2300 833 2400 prohibitione
851 2311 957 2368 aucto
975 2295 1154 2368 desiderio
1166 2293 1305 2366 dulcius
1321 2295 1453 2366 factum
1471 2310 1544 2386 est,
1569 2310 1605 2367 et
1622 2295 1704 2368 ideo
1719 2293 1850 2366 fefellit.
1874 2321 1890 2361 a
1915 2294 2017 2366 Idem
2034 2295 2068 2365 in

483 2421 575 2493 libro
607 2423 866 2512 Quaestum,
892 2433 1006 2515 quest.
1034 2417 1183 2487 nxvn⁸2
1208 2417 1367 2486 «Suasio
1389 2415 1634 2488 delectationis
1667 2415 1713 2486 ad
1746 2431 1934 2513 peceatum
1964 2415 2071 2488 vehe-

486 2543 639 2614 mentior
659 2556 713 2612 est
729 2563 842 2637 quum
861 2537 960 2611 adest
980 2535 1187 2635 prohibitio.
1202 2562 1221 2601 r>

804 2751 934 2814 Nitimur
947 2751 979 2812 in
994 2750 1120 2812 vetitum
1133 2767 1254 2832 semper
1266 2750 1466 2834 cupimusque
1477 2754 1612 2832 negant

484 2970 649 3052 Attendat
674 2994 759 3042 cum
781 2983 935 3043 tremore
968 2969 1044 3042 haec
1074 2970 1234 3068 quisquis
1262 2994 1300 3040 se
1317 2969 1404 3066 jugo
1426 2969 1574 3067 alicujus
1600 2970 1727 3068 regulae
1749 2970 1850 3067 quasi
1867 2993 1971 3042 novae
1989 2968 2075 3066 legis

482 3089 694 3190 professioni
708 3088 784 3160 vult
802 3087 957 3186 alligare.
975 3088 1088 3186 Eligat
1101 3087 1202 3186 quod
1212 3089 1346 3186 possit,
1363 3089 1484 3160 timeat
1503 3089 1603 3186 quod
1619 3113 1694 3161 non
1708 3089 1831 3190 possit.
1854 3092 1969 3160 Nemo
1988 3088 2076 3186 legis

482 3209 633 3281 efficitur
650 3233 753 3297 reus,
776 3209 843 3280 nisi
859 3208 922 3305 qui
940 3231 1019 3278 eam
1037 3207 1143 3279 fuerit
1161 3219 1244 3280 ante
1262 3208 1455 3305 professus.
1472 3213 1671 3306 Antequam
1682 3208 1880 3307 profitearis
1900 3207 2073 3280 delibera.

479 3335 604 3416 ,Quum
617 3332 796 3427 professus
803 3328 922 3418 fueris,
936 3325 1098 3399 observa.
1112 3332 1201 3399 Ante
1213 3342 1265 3399 est
1277 3327 1626 3426 voluntariumquod
1638 3329 2074 3426 posteasitnecessarium.

486 3479 503 3515 a
519 3454 559 3520 ln
579 3447 691 3518 domo
711 3448 822 3519 Patris
849 3447 942 3536 mei,
963 3475 980 3513 u
1010 3445 1095 3519 dicit
1116 3447 1291 3537 Veritas⁸,
1327 3477 1344 3515 r<
1371 3449 1572 3521 mansiones
1590 3449 1709 3522 multae
1726 3464 1820 3522 sunt.
1839 3478 1858 3518 u
1884 3451 1942 3521 Sic
1965 3450 2079 3522 etiam

482 3569 645 3668 plurimae
662 3582 746 3639 sunt
764 3565 895 3664 quibus
912 3567 997 3638 illuc
1019 3568 1246 3666 perveniatur
1268 3567 1344 3638 viae.
1367 3572 1447 3641 Non
1473 3569 1689 3642 damnantur
1706 3570 1896 3668 conjuges,
1917 3568 1981 3642 sed
1997 3570 2080 3642 faci·

483 3689 551 3761 lius
565 3687 992 3761 salvanturoontinentes.
1011 3691 1091 3758 Non
1108 3688 1155 3760 ad
1167 3687 1258 3780 boc,
1285 3703 1324 3761 ut
1341 3687 1571 3780 salvaremur,
1596 3706 1802 3764 sanctorum
1822 3706 1964 3789 patrum
1988 3707 2079 3763 sunt
2175 3729 2178 3740 ·

483 3787 613 3882 additae
630 3808 770 3907 regulae,
790 3808 853 3881 sed
864 3824 904 3880 ut
917 3807 1051 3880 facilius
1067 3808 1256 3900 salvemur,
1273 3823 1308 3881 et
1322 3810 1445 3905 purius
1459 3813 1536 3882 Deo
1551 3834 1677 3884 vacare
1691 3811 1880 3910 possimus.
1897 3812 2034 3900 «Etsi,
2056 3841 2075 3877 >r

484 3930 600 4026 inquit
626 3929 816 4028 Apostolus
830 3930 862 4019 ⁹,
905 3957 922 3996 a
952 3929 1110 4026 nupserit
1136 3932 1267 4028 virgo,
1300 3953 1374 4000 non
1405 3931 1566 4027 peccavit
1599 3959 1606 4002 :
1647 3930 1914 4004 tribulationem
1949 3945 2079 4004 tamen

483 4051 600 4122 carnis
616 4049 802 4123 habebunt
821 4047 1040 4146 hujusmodi.
1060 4053 1135 4148 Ego
1153 4065 1272 4120 autem
1290 4049 1392 4122 vobis
1412 4073 1534 4148 parco.
1554 4079 1571 4118 u
1594 4054 1681 4122 ltem
1709 4079 1716 4121 :
1744 4080 1761 4119 u
1777 4050 1902 4123 Mulier
1923 4075 2005 4148 quae
2025 4051 2082 4122 in·

484 4186 595 4269 nupta
618 4185 670 4242 est
690 4185 725 4242 et
744 4171 865 4266 virgo,
889 4170 1020 4266 cogitat
1042 4194 1120 4267 quae
1144 4169 1291 4240 Domini
1312 4185 1416 4260 sunt,
1441 4186 1480 4243 ut
1501 4172 1546 4244 sit
1565 4185 1687 4244 sancta
1708 4195 1861 4270 corpore
1879 4183 1914 4242 et
1931 4171 2082 4268 spiritu.

484 4294 570 4378 Quae
594 4306 712 4362 autem
738 4304 850 4391 nupta
869 4285 938 4380 est,
962 4290 1094 4386 cogitat
1111 4312 1190 4386 quae
1211 4304 1294 4360 sunt
1312 4289 1462 4376 mundi,
1484 4290 1672 4389 quomodo
1694 4291 1832 4391 placeat
1848 4291 1938 4362 viro.
1960 4295 2085 4364 Porro

482 4409 554 4482 hoe
567 4409 612 4482 ad
629 4409 814 4482 utilitatem
829 4424 983 4482 vestram
998 4408 1103 4497 dico,
1126 4433 1200 4479 non
1223 4423 1261 4478 ut
1277 4408 1446 4506 laqueum
1463 4409 1566 4482 vobis
1583 4411 1759 4506 injiciam,
1783 4409 1846 4482 sed
1863 4409 1959 4482 adid
1972 4413 2088 4508 quod

482 4530 673 4603 honesturn
696 4546 768 4620 est,
798 4546 834 4604 et
857 4528 957 4628 quod
983 4527 1185 4601 facultatem
1215 4530 1370 4628 praebeat
1406 4532 1482 4604 sine
1512 4532 1770 4632 impedimento
1802 4536 1917 4604 Deum
1947 4531 2091 4606 obser-

482 4649 602 4722 vandi.
621 4679 640 4718 rr
659 4655 758 4723 Tunc
776 4677 863 4724 vero
883 4649 1046 4724 facillime
1064 4650 1102 4720 id
1122 4651 1255 4748 agitur,
1275 4675 1389 4750 quum
1405 4675 1425 4723 a
1439 4651 1559 4724 seculo
1573 4677 1726 4752 corpore
1741 4677 1887 4750 quoque
1905 4652 2092 4726 receden-

484 4784 557 4859 tes,
585 4770 745 4842 claustris
774 4795 841 4844 nos
867 4771 1167 4843 monasteriorum
1187 4771 1425 4863 recludimus,
1448 4797 1495 4844 ne
1515 4797 1582 4845 nos
1602 4773 1777 4846 seculares
1793 4773 1993 4871 inquietent
2015 4789 2094 4847 tu-

517 5046 524 5072 ⁴
539 5047 681 5099 Satuntotr't
692 5046 741 5098 ΜΒ.
753 5046 824 5099 Amb.
837 5045 890 5088 ..¹
900 5046 973 5109 Luc„
990 5061 1046 5114 cap.
1062 5063 1126 5112 xvir,
1137 5065 1161 5098 v.
1176 5049 1216 5098 to.
1227 5071 1260 5086 -
1293 5059 1378 5117 quest.
1394 5065 1473 5114 extri,
1490 5051 1552 5113 opp.
1567 5059 1585 5101 t.
1597 5049 1645 5110 tt,
1659 5050 1707 5102 col.
1719 5054 1760 5102 to.
1774 5077 1796 5088 -
1811 5049 1911 5111 'ovim
1922 5049 2004 5102 Amor.
2029 5051 2093 5115 ΙΙΙ,

485 5130 586 5186 'llam
602 5145 658 5198 esp.
671 5147 703 5192 rr,
719 5147 743 5180 v.
757 5133 796 5182 ¹5.
808 5159 840 5169 -
851 5130 861 5158 ⁴
873 5130 948 5192 thid..
967 5145 1024 5198 cap.
1043 5147 1089 5194 ru,
1108 5149 1132 5182 r.
1151 5133 1166 5181 8
1186 5140 1211 5182 ct
1221 5147 1259 5198 tq.
1294 5149 1328 5197 rr,
1337 5149 1362 5186 r.
1374 5135 1414 5186 tt.
1423 5161 1446 5174 ‹-
1456 5133 1466 5163 ⁸
1476 5136 1547 5188 loru.
1560 5149 1615 5202 cap.
1627 5151 1679 5198 ιη,
1691 5151 1715 5188 v.
1727 5135 1798 5189 2.-·
1809 5135 1916 5190 Coruttb.
1930 5133 1952 5196 l,
1963 5149 2025 5202 cap.
2038 5153 2095 5202 vn.

486 5243 506 5253 -
519 5213 592 5265 'Lib
603 5213 629 5276 1,
644 5217 704 5281 opp.
718 5225 736 5266 t.
748 5214 795 5279 vt,
805 5215 855 5268 col.
867 5215 956 5266 tt.-·
966 5209 1054 5268 bibile
1066 5219 1113 5268 dlv.
1132 5217 1222 5277 Quoest.
1236 5216 1262 5278 l,
1295 5232 1318 5268 r.
1331 5219 1372 5268 2⁸.
