4536 6102
679 594 910 668 EXPOSlTlO
937 593 1173 667 ORATlONlS
1197 593 1438 666 DOMlNlCAE.
1781 595 1850 666 597

269 736 431 811 basilicas
452 737 613 829 evolant,
641 738 799 811 vestibus
819 737 1027 810 melioribus
1051 761 1175 810 coram
1199 736 1400 835 aspectibus
1420 736 1611 809 hominum
1632 737 1761 834 singuli
1785 763 1852 839 pro

268 881 374 956 posse
395 883 461 929 suo
482 883 520 930 se
543 857 740 948 adornant,
767 856 918 929 domum
942 857 1008 929 Dei
1028 858 1142 930 sancti
1158 857 1261 953 quasi
1282 855 1345 927 filii
1361 855 1427 927 Dei
1443 857 1683 929 communiter
1698 859 1851 947 intrant,

269 999 385 1074 genua
401 976 567 1066 flectunt,
585 992 733 1075 pectora
748 974 929 1064 tundunt,
947 999 1075 1047 manus
1093 975 1322 1074 expandunt,
1340 999 1406 1048 ora
1427 975 1609 1074 aperiunt,
1628 1000 1751 1073 preces
1772 975 1853 1047 fun-

269 1094 374 1186 dunt,
390 1095 573 1169 dicentes:
593 1101 723 1168 «Pater
738 1111 873 1186 noster,
890 1124 909 1163 »
922 1096 999 1185 sed,
1011 1096 1113 1193 quod
1122 1097 1199 1168 sine
1209 1097 1308 1192 gravi
1321 1121 1475 1168 moerore
1489 1095 1683 1168 dicendum
1693 1123 1768 1169 non
1782 1114 1851 1189 est,

269 1239 379 1312 quam
390 1213 493 1285 multi
502 1214 653 1287 domum
663 1218 742 1307 Dei,
754 1217 952 1288 Dominum
963 1215 1187 1315 deprecaturi
1197 1216 1504 1314 ingrediuntur,et
1514 1241 1623 1314 quarn
1633 1219 1736 1315 pauci
1749 1243 1856 1291 exau·

269 1332 438 1407 diuntur?
451 1337 569 1422 Quam
579 1336 682 1407 multi
691 1336 888 1407 Dominum
904 1351 1037 1408 vocant
1046 1335 1083 1408 in
1096 1332 1165 1407 hac
1177 1337 1341 1408 oratione
1354 1363 1363 1407 ε
1379 1341 1512 1408 «Pater
1528 1352 1662 1426 noster,
1678 1367 1693 1424 u
1707 1338 1853 1434 quinon

270 1470 353 1527 sunt
365 1455 440 1550 ejus
449 1454 530 1548 filii,
545 1456 608 1527 sed
618 1455 711 1528 illius
724 1458 835 1556 patris
847 1456 892 1529 de
904 1481 978 1554 quo
992 1458 1165 1555 scriptum
1177 1459 1256 1529 est¹:
1275 1485 1292 1524 ι(
1309 1461 1382 1530 Vos
1394 1482 1436 1528 ex
1449 1471 1551 1555 patre
1565 1456 1713 1529 diabolo
1724 1456 1822 1528 estis!
1836 1488 1853 1523 »

269 1575 335 1645 Dei
351 1599 426 1646 non
443 1589 528 1646 sunt
543 1572 624 1666 filii,
643 1576 705 1672 qui
718 1575 793 1672 jam
810 1575 873 1647 diu
889 1574 1126 1674 perdiderunt
1141 1576 1291 1672 gratiam
1308 1603 1316 1648 :
1334 1575 1470 1647 diaboli
1490 1591 1574 1647 sunt
1595 1573 1674 1664 filii,
1693 1576 1777 1672 quia
1793 1602 1857 1674 per

269 1693 475 1791 superbiam
491 1719 553 1767 eos
573 1697 712 1792 genuit,
729 1711 765 1768 et
781 1697 893 1768 nutrit
908 1721 973 1795 per
989 1697 1146 1797 culpam.
1165 1695 1242 1767 Filii
1262 1711 1346 1768 sunt
1362 1695 1497 1769 diaboli
1514 1720 1640 1768 ornnes
1658 1697 1853 1788 immundi,

269 1813 536 1905 concubinarii,
559 1815 606 1888 ad
624 1816 792 1887 ultimum
813 1817 928 1906 avari,
955 1817 1138 1907 maledici,
1161 1816 1409 1909 loeneratores,
1429 1831 1465 1888 et
1486 1816 1563 1888 aliis
1583 1815 1858 1915 quibuscunque

270 1932 534 2007 damnabilibus
559 1937 714 2034 peccatis
741 1935 927 2034 depravati
951 1937 1013 2034 qui
1041 1937 1167 2008 dicunt
1193 1935 1291 2008 fratri
1318 1961 1409 2026 suo,
1431 1936 1582 2024 «fatue,
1602 1963 1620 2001 »
1643 1937 1705 2034 qui
1733 1937 1858 2009 vident

270 2052 456 2124 mulierem
474 2053 519 2125 ad
535 2054 867 2153 concupiscendum
882 2079 975 2126 eam.
991 2060 1034 2126 Et
1050 2055 1268 2152 quicunque,
1284 2053 1349 2126 etsi
1364 2080 1440 2126 non
1450 2078 1620 2153 perverso
1637 2079 1764 2152 opere,
1779 2079 1859 2153 per-

269 2197 372 2246 versa
389 2188 547 2246 tamena
568 2179 645 2247 Deo
669 2177 823 2275 separati
846 2191 931 2248 sunt
952 2177 1150 2266 voluntate,
1169 2191 1206 2247 et
1229 2176 1330 2272 quod
1355 2176 1469 2248 multo
1495 2177 1635 2273 gravius
1658 2190 1727 2266 est,
1758 2178 1858 2274 quod
1886 2223 1889 2230 ‚

270 2295 382 2388 magis
397 2279 558 2367 llendurn
575 2310 644 2384 cst,
659 2321 735 2368 non
750 2297 869 2368 solum
879 2296 1043 2393 vulgares
1060 2311 1096 2368 et
1110 2296 1249 2368 indocti
1264 2296 1361 2387 laici,
1375 2321 1502 2368 verum
1519 2298 1627 2368 etiam
1641 2313 1678 2368 et
1694 2299 1860 2369 innume-

271 2413 401 2486 rabiles
421 2416 534 2487 nostri
557 2416 730 2515 temporis
754 2418 975 2508 sacerdotes,
996 2418 1058 2515 qui
1080 2441 1182 2489 sacro
1205 2417 1369 2515 peruncti
1390 2432 1473 2489 sunt
1494 2415 1594 2510 plen,
1616 2418 1677 2514 qui
1699 2419 1860 2514 quotidie

271 2533 378 2604 sacris
395 2549 571 2606 ornantur
591 2535 768 2625 vestibus,
788 2537 897 2608 sacris
920 2537 1088 2608 assistunt
1109 2536 1298 2626 altaribus,
1317 2537 1380 2635 qui
1401 2549 1665 2608 sacramentum
1688 2537 1860 2611 dominici

272 2653 433 2749 corporis
451 2667 486 2724 et
509 2653 690 2749 sanguinis
711 2669 864 2726 tractare
884 2656 1129 2727 mundissimis
1151 2655 1318 2727 manibus
1341 2652 1493 2744 debent,
1517 2657 1714 2725 Dominum
1735 2681 1803 2753 pro
1823 2684 1861 2728 se

271 2769 410 2868 sibique
431 2773 629 2844 commissis
650 2771 792 2870 placare
815 2773 955 2845 devotis
979 2772 1147 2872 precibus
1167 2801 1175 2844 :
1198 2773 1284 2871 ipsi,
1308 2774 1476 2870 inquam,
1500 2771 1667 2844 sordibus
1690 2775 1860 2846 vitiorum

225 2892 232 2901 '
272 2891 517 2981 involvuntur,
541 2893 608 2989 ipsi
636 2893 783 2965 maculis
799 2909 1031 2991 peccatorum
1049 2893 1279 2992 polluuntur,
1298 2893 1361 2964 sed
1387 2908 1440 2983 et,
1459 2894 1560 2990 quod
1586 2895 1767 2967 scelestius
1788 2913 1858 2984 est,

272 3036 347 3082 non
365 3012 483 3084 solum
496 3010 626 3084 talibus
642 3011 809 3109 qualibus
825 3012 928 3083 multi
944 3012 1025 3083 laici
1042 3012 1222 3084 foedantur
1241 3011 1452 3100 sceleribus3
1472 3011 1535 3084 sed
1557 3012 1671 3084 multo
1690 3015 1861 3108 graviori·

272 3131 362 3222 bus,
381 3147 417 3204 et
432 3157 508 3204 non
524 3133 562 3202 in
580 3130 872 3212 aedificationem,
896 3132 959 3204 sed
980 3133 1017 3204 in
1039 3130 1249 3204 scandalum
1271 3133 1364 3205 etin
1386 3133 1528 3203 ruinam
1549 3133 1769 3231 populorum
1785 3136 1861 3230 jam
1934 3205 1938 3218 ,

272 3253 397 3350 positi,
418 3252 587 3324 omnibus
603 3252 853 3350 proverbium,
871 3253 963 3324 risus
986 3267 1022 3324 et
1044 3267 1273 3351 contemptus
1293 3251 1377 3325 sacti
1399 3267 1495 3324 sunt.
1515 3254 1635 3324 Sciant
1651 3253 1759 3325 etiam
1774 3254 1862 3327 tales

272 3370 476 3444 sacerdotes
487 3371 586 3469 quod
603 3372 779 3470 quotidie,
798 3372 947 3470 quando
961 3373 1115 3471 primam
1124 3372 1254 3445 horam
1266 3377 1343 3445 Deo
1354 3373 1566 3461 decantant,
1580 3374 1637 3445 vel
1653 3376 1865 3478 semetipsosx

274 3491 510 3581 maledicunt,
526 3492 582 3563 vel
594 3493 841 3565 testimonium
853 3492 983 3565 divinae
995 3493 1258 3566 maledictionis
1270 3492 1461 3564 adversum
1474 3517 1512 3564 se
1524 3492 1663 3584 dicunt,
1683 3493 1771 3566 dum
1783 3522 1863 3593 pro·

274 3612 432 3684 lerunt¹:
457 3642 474 3680 r
489 3611 668 3685 Maledicti
684 3613 747 3710 qui
763 3613 945 3685 declinant
961 3639 982 3686 a
998 3612 1177 3686 mandatis
1198 3615 1280 3685 tuis.
1296 3642 1315 3682 u
1334 3615 1549 3712 Quicunque
1566 3614 1694 3710 igitur,
1716 3613 1859 3705 iratres,

274 3735 390 3802 Deum
407 3731 444 3802 in
461 3733 633 3804 Oratione
649 3732 840 3804 Dominica
855 3747 994 3832 patrem
1010 3749 1128 3825 vocat,
1143 3734 1349 3830 quicunque
1367 3734 1412 3804 ab
1430 3757 1474 3804 eo
1492 3733 1652 3804 exaudiri
1669 3734 1859 3822 desiderat,

274 3849 392 3922 taliter
399 3852 509 3941 vivat,
526 3867 566 3924 ut
576 3856 672 3925 Deus
684 3877 768 3924 eum
779 3877 884 3924 suum
898 3851 1012 3923 lilium
1022 3865 1259 3948 recognoscat
1273 3876 1349 3924 esse
1362 3877 1426 3950 per
1440 3854 1607 3948 gratiam,
1623 3854 1687 3950 qui
1700 3855 1863 3925 omnium

275 3987 376 4069 pater
386 3989 438 4045 est
447 3999 511 4072 per
525 3989 703 4046 naturam.
719 3973 899 4070 Alioquin,
913 3998 1026 4071 quum
1033 3971 1268 4067 judicabitur,
1283 3971 1393 4045 exibit
1404 3972 1684 4060 condemnatus,
1701 3987 1737 4043 et
1747 3975 1862 4045 oratio

148 4105 152 4112 ’
277 4089 381 4188 hujus
405 4091 468 4164 fret
493 4093 530 4164 in
555 4108 765 4191 peccatum:
789 4121 807 4162 «
825 4097 926 4165 Pater
944 4106 1085 4183 noster,
1105 4093 1167 4190 qui
1188 4117 1225 4164 es
1244 4093 1279 4164 in
1297 4092 1408 4164 coelis.
1427 4119 1444 4159 n
1464 4093 1535 4180 Qui
1555 4092 1654 4182 dicit,
1677 4121 1695 4160 a
1710 4107 1824 4189 pater,
1842 4121 1859 4160 u

276 4228 396 4312 captat
403 4212 693 4287 benevolentiam
701 4243 710 4305 ;
721 4215 783 4312 qui
793 4214 880 4286 dicit
889 4243 906 4283 α
921 4229 1056 4303 noster,
1067 4243 1086 4282 »
1100 4213 1256 4285 excludit
1272 4209 1489 4312 superbiam.
1503 4214 1574 4300 Qui
1592 4213 1691 4302 dicit,
1713 4241 1730 4278 α
1748 4213 1811 4310 qui
1826 4237 1863 4283 es

276 4335 312 4404 in
331 4334 441 4424 coelis,
460 4333 633 4408 »exhibet
648 4336 899 4407 reverentiam.
912 4335 983 4421 Qui
999 4334 1103 4424 dicit,
1120 4349 1265 4433 «pater,
1283 4363 1302 4403 u
1322 4350 1441 4434 captat
1457 4333 1759 4423 benevolentiam,
1779 4335 1864 4429 quia

278 4456 377 4552 piurn
393 4455 535 4528 clamat.
555 4457 627 4542 Qui
643 4455 730 4528 dicit
748 4470 916 4546 «noster,
932 4484 951 4524 u
966 4455 1122 4528 excludit
1137 4455 1359 4554 superbiam,
1379 4455 1554 4552 quianon
1572 4453 1640 4552 sibi
1656 4468 1863 4549 arroganter

277 4577 485 4674 proprium,
509 4591 571 4650 aut
591 4576 799 4675 specialem3
823 4577 886 4648 sed
908 4591 944 4648 et
964 4577 1041 4650 aliis
1062 4577 1169 4650 etiarn
1191 4601 1424 4648 communem
1445 4574 1646 4647 denuntiat.
1665 4574 1736 4659 Qui
1756 4572 1860 4659 dicit,

280 4725 297 4764 u
311 4697 373 4793 qui
391 4721 429 4768 es
445 4698 482 4768 in
499 4695 613 4786 ecelis,
629 4725 647 4765 >r
661 4695 805 4769 exhibet
819 4697 1075 4786 reverentiam,
1094 4697 1179 4794 quia
1196 4722 1272 4768 non
1286 4696 1404 4769 solum
1420 4695 1570 4784 infimis,
1585 4693 1648 4766 sed
1664 4707 1700 4764 et
1716 4693 1864 4764 summis

278 4839 362 4886 eum
378 4814 567 4914 praesidere
588 4815 769 4915 praedicat.
791 4845 809 4888 n
824 4815 1072 4889 Sanctificetur
1087 4842 1222 4890 nornen
1239 4831 1355 4888 tuum.
1373 4844 1389 4883 »ι
1410 4813 1520 4886 Multa
1537 4826 1621 4885 sunt
1637 4814 1786 4885 nomina
1808 4813 1863 4884 di-

277 4935 375 5007 vina.
392 4936 500 5023 Quod
517 4961 601 5036 crgo
618 4961 752 5010 nomen
770 4937 924 5035 petimus
937 4934 1163 5026 sanctificari,
1182 4959 1296 5032 quum
1312 4933 1486 5007 dicimus:
1501 4931 1779 5057 «Sanctificetur
1796 4955 1863 5001 no-

243 5245 246 5250 ·
268 5197 275 5210 '
292 5237 295 5244 ,
313 5187 320 5214 ¹
337 5187 419 5248 loen..
429 5202 484 5255 cap.
496 5203 586 5251 vru,r.
600 5188 642 5239 ll.
653 5213 684 5225 -
696 5185 706 5215 ¹
717 5186 805 5240 Pralm.
818 5201 897 5250 cxvn,
911 5203 936 5238 v.
948 5189 989 5238 tr.

263 5306 268 5312 =
315 5289 329 5325 ο
