4486 6100
478 614 550 699 ato
996 613 1222 690 astabam
1246 616 1542 693 Paoatauata

1091 821 1225 894 Solutr'o
1248 824 1441 897 Abaelardt.

483 1055 490 1072 ,
528 983 808 1074 Sollicitudinem
832 989 976 1085 proprie
996 989 1172 1062 Dominus
1199 991 1286 1063 dicit
1305 993 1519 1090 superflua·
1539 1015 1662 1064 curam
1680 990 1726 1064 de
1748 989 1892 1079 futuris,
1916 991 2055 1088 quando

479 1103 643 1176 videlicet
669 1129 736 1201 pro
763 1104 938 1203 aliquibus
967 1108 1227 1206 praeparandis,
1258 1112 1368 1207 magis
1386 1113 1583 1184 necessaria
1607 1111 1862 1182 dimittuntur:
1890 1124 1928 1181 ut
1946 1112 1976 1180 si
1994 1135 2054 1206 pro

478 1241 650 1322 apparatu
672 1227 909 1300 crastinorum
926 1226 1108 1315 ciborum,
1131 1231 1436 1326 praetennittamus
1456 1231 1596 1304 orando
1616 1253 1773 1327 quaerere
1786 1255 1806 1300 a
1821 1235 1901 1302 Deo
1912 1255 2054 1326 reguum

478 1369 600 1430 snum,
616 1344 688 1417 hoc
700 1360 754 1416 est
763 1346 850 1418 tales
866 1371 933 1418 nos
948 1348 1078 1436 lacere,
1100 1364 1137 1420 ut
1149 1349 1186 1423 in
1201 1348 1306 1421 nobis
1328 1353 1423 1449 ipse,
1439 1375 1513 1424 nnn
1528 1365 1715 1449 moenum
1731 1364 1864 1446 regnet.
1880 1351 2055 1423 Crastinus

472 1467 573 1534 'enirn
595 1480 633 1534 ut
655 1481 825 1562 tanquam
841 1469 870 1537 si
891 1467 1024 1539 diceret
1046 1497 1053 1538 :
1073 1473 1123 1540 Ne
1141 1469 1302 1565 affligatis
1321 1495 1383 1554 vos
1401 1472 1587 1568 superfluis
1603 1471 1710 1550 curis,
1732 1494 1797 1567 pro
1821 1485 1984 1564 tempore
2006 1470 2050 1540 iu·

478 1597 580 1671 turc,
607 1599 799 1682 antequam
814 1588 958 1658 veniat:
978 1588 1060 1683 quia
1074 1613 1187 1684 quum
1206 1589 1322 1686 ipsum
1336 1591 1491 1679 venerit,
1510 1591 1593 1661 satis
1609 1588 1857 1662 sollicitudinis
1877 1587 1998 1658 alleret
2017 1612 2055 1658 er

478 1729 515 1776 se
529 1706 630 1802 ips0,
654 1704 745 1795 illis,
769 1708 830 1804 qui
848 1706 895 1778 de
913 1709 1119 1780 necessariis
1143 1709 1261 1780 minus
1281 1711 1318 1780 in
1338 1711 1495 1782 Domino
1517 1708 1724 1796 confidunt,
1745 1733 1819 1780 non
1839 1707 2056 1778 attendentes

478 1823 566 1894 illud
585 1824 815 1922 prophetae¹:
843 1856 860 1893 u
878 1829 976 1898 lacta
999 1852 1106 1926 snper
1123 1829 1322 1902 Dominum
1347 1853 1469 1900 curam
1489 1845 1608 1916 tuam,
1631 1829 1758 1926 etipse
1781 1842 1816 1898 te
1846 1829 2010 1897 enutriet.
2039 1853 2054 1890 u

479 1943 647 2016 «Sufficit
666 1947 762 2018 enirn
782 1944 870 2036 diei,
888 1961 956 2018 etc.
976 1974 994 2014 u
1008 1947 1079 2018 hoc
1096 1964 1161 2037 est,
1186 1950 1379 2046 unicnique
1396 1951 1550 2047 tempori
1564 1951 1641 2020 vitae
1653 1947 1758 2042 hujus
1770 1969 1978 2018 aerumuosae
1990 1969 2058 2016 suae

475 2063 721 2136 sollicitudinis
738 2089 843 2162 poena
856 2064 1016 2136 sufficere
1029 2063 1152 2155 debet,
1173 2091 1283 2162 quam
1297 2068 1461 2140 videlicet
1471 2068 1573 2140 affert
1587 2067 1691 2140 nobis
1705 2092 1748 2138 er
1764 2065 1953 2162 superfluis
1968 2066 2058 2135 curis

474 2209 541 2280 pro
559 2183 835 2282 temporalibus,
860 2185 947 2256 dum
965 2210 1031 2281 prn
1050 2185 1106 2256 his
1120 2201 1337 2262 aeternorum
1357 2185 2057 2260 obliviscimur.·Sollicitudirtem.veroin

474 2300 592 2390 bono,
617 2301 674 2372 vel
693 2303 728 2372 in
746 2303 819 2394 his,
841 2328 919 2400 quae
937 2303 983 2374 ad
1002 2319 1170 2385 aeternam
1194 2306 1375 2403 pertinent
1393 2308 1522 2395 vitam,
1546 2307 1633 2378 dicit
1660 2305 1849 2403 Apostolus
1870 2303 2059 2401 providen-

475 2423 581 2509 tiam,
606 2422 677 2494 hoc
694 2438 766 2518 est,
783 2423 1029 2500 rationabilem
1045 2423 1090 2496 de
1109 2424 1254 2513 suturis,
1267 2425 1331 2500 vel
1351 2451 1417 2524 pro
1439 2425 1564 2499 futuris
1582 2449 1730 2501 curam:
1750 2425 1777 2495 si
1794 2423 1957 2501 videlicet
1971 2437 2059 2494 tem-

474 2541 610 2637 puralia
639 2541 892 2640 provideamus
915 2559 1063 2641 propter
1084 2558 1237 2634 aeterna,
1263 2545 1375 2638 uthis
1401 2559 1643 2617 sustententur
1663 2533 1821 2640 quodam
1845 2544 1975 2615 viatico
1999 2567 2061 2612 ne-

475 2663 627 2732 cessario
646 2664 708 2759 qui
728 2663 775 2734 ad
791 2662 850 2734 illa
867 2663 1043 2734 festinant.

1030 2877 1210 2925 PROBLEMA
1236 2879 1402 2926 HELOISSAE
1430 2881 1501 2924 xttt.

525 3029 621 3116 Quid
641 3029 729 3102 illud
757 3033 829 3104 est¹
842 3085 855 3121 ,
878 3031 978 3128 quod
1001 3034 1181 3128 sequitur⁸
1207 3061 1214 3102 :
1244 3063 1261 3102 u
1285 3033 1401 3104 Nolite
1424 3033 1605 3130 judicare,
1628 3048 1754 3107 utnon
1773 3032 1995 3127 judicemini.
2023 3035 2063 3100 ln

474 3177 548 3248 quo
567 3155 662 3224 enim
681 3151 818 3246 judicio
838 3151 1101 3246 judicaveritis,
1131 3152 1400 3248 judicabimini?
1438 3185 1455 3220 u
1479 3154 1576 3241 Quid
1597 3154 1741 3228 enimsi
1768 3153 1940 3248 injustum
1971 3152 2068 3222 fece·
2120 3177 2126 3184 ·

475 3271 586 3341 rimus
600 3270 799 3364 judicium?
822 3271 986 3368 nunquid
1004 3271 1117 3344 simile
1130 3273 1364 3370 recipiemus?

1110 3472 1245 3544 Salutio
1270 3473 1468 3544 Abaelurdr'.

523 3645 639 3716 Nolite
659 3645 840 3740 judicare,
861 3645 931 3717 hnc
949 3661 1022 3734 est,
1049 3671 1096 3718 ne
1112 3647 1333 3745 praesumatis
1353 3647 1401 3718 de
1423 3647 1565 3718 incertis
1585 3646 1747 3744 aliquem
1764 3662 1860 3720 certa
1887 3647 2072 3718 sententia

475 3788 631 3861 gravare.
653 3770 774 3854 Quum
792 3768 889 3838 enim
907 3767 1016 3838 iratus
1034 3781 1148 3866 patet,
1169 3767 1215 3839 de
1233 3793 1273 3840 se
1291 3769 1367 3866 ipsa
1383 3791 1439 3838 res
1453 3767 1608 3862 judicat,
1629 3792 1709 3838 non
1730 3783 1781 3838 tu.
1805 3769 1894 3838 ilinc
1910 3782 1946 3837 et
1961 3773 2073 3863 alpo-

475 3884 630 3955 stolus‘:
654 3913 672 3952 u
693 3885 808 3957 Nolite
826 3901 909 3957 ante
927 3903 1066 3984 tempus
1078 3886 1257 3981 judicare,
1276 3885 1511 3983 quoadusque
1534 3888 1652 3957 veniat
1672 3888 1864 3975 Dominus,
1885 3887 1949 3981 qui
1967 3901 2008 3956 et
2026 3885 2075 3954 il-

472 4003 663 4075 luminabit·
672 4004 880 4077 abscondita
897 4005 1076 4087 cordium.
1094 4034 1111 4072 u
1133 4007 1238 4078 Venit
1253 4005 1428 4076 Dominus
1450 4005 1588 4078 occulta
1605 3995 1799 4077 revelando
1814 4059 1823 4095 ,
1850 4029 1967 4101 quum
1985 4005 2077 4098 ejus

474 4124 724 4223 dispositione,
754 4150 832 4223 quae
862 4124 1039 4213 latebant,
1056 4138 1245 4222 apparent,
1265 4124 1322 4196 vel
1339 4149 1451 4221 quum
1477 4125 1675 4196 secundum
1701 4125 1814 4221 legem
1833 4125 1908 4219 ejus
1925 4122 2078 4220 aliquid

474 4245 738 4318 discutiendum
757 4245 1026 4342 investigamus,
1055 4244 1111 4316 vel
1130 4243 1176 4316 de
1202 4245 1362 4343 probatis
1381 4269 1525 4343 poenam
1548 4244 1731 4316 inferimus
1752 4272 1760 4313 ε
1782 4259 1818 4315 et
1836 4258 1921 4314 tunc
1939 4245 2082 4341 potius

475 4354 549 4463 ipse
564 4364 717 4460 judicat,
738 4366 793 4437 vel
824 4367 946 4465 punit,
973 4390 1082 4462 quam
1100 4389 1178 4437 nos.
1210 4396 1227 4433 u
1254 4368 1292 4436 ln
1312 4389 1385 4462 qno
1407 4366 1502 4436 enim
1524 4364 1660 4460 judicio
1681 4363 1938 4460 judicaveritis,
1961 4361 2084 4456 judi-

474 4486 616 4555 camini.
637 4515 655 4552 u
678 4491 726 4557 Ac
744 4487 772 4556 si
790 4485 948 4558 diceret:
970 4485 1056 4557 ldeo
1075 4510 1150 4557 non
1169 4485 1306 4557 debetis
1324 4486 1359 4555 in
1376 4485 1512 4579 jndicio
1531 4509 1764 4582 praesumere,
1791 4497 1830 4554 ut
1844 4481 1930 4553 alios
1950 4507 2085 4582 appe-

475 4607 553 4674 tatis
569 4629 715 4701 gravare
741 4633 748 4676 :
775 4609 857 4704 quia
875 4604 1060 4677 consimile
1074 4605 1249 4702 judicium
1268 4605 1481 4704 gravaminis
1497 4605 1682 4676 incurretis
1704 4601 1801 4701 apud
1819 4601 1951 4674 Deum.
1980 4607 2088 4678 Non

474 4724 522 4792 ait
540 4721 694 4820 denique
718 4752 726 4795 ε
749 4725 993 4822 Nejudicetis;
1023 4725 1086 4798 sed
1103 4753 1111 4797 ε
1137 4757 1154 4790 α
1171 4725 1287 4796 Nolite
1301 4724 1483 4820 judicare,
1508 4755 1526 4790 »
1551 4739 1676 4797 utnon
1694 4723 1766 4795 hoc
1787 4721 1918 4795 scilicet
1931 4742 2089 4821 sponte

474 4856 700 4940 appetamus,
727 4845 826 4942 quod
856 4861 974 4918 tamen
1006 4869 1269 4943 nonnunquam
1299 4844 1413 4917 facere
1439 4845 1619 4941 cogimur,
1655 4841 1774 4916 officio
1799 4842 1929 4948 judicis
1954 4845 2093 4918 nobis

475 4987 680 5036 commisso.

410 5268 413 5276 ,
506 5209 514 5236 ⁴
534 5211 623 5261 Psalrn.
636 5227 683 5273 ur,
693 5185 716 5262 ι’.
728 5215 768 5264 23.
780 5212 832 5251 -'
845 5215 907 5274 Quid
918 5227 952 5264 arr
966 5219 1027 5265 ittrrd
1037 5214 1100 5268 eod.
1112 5213 1176 5266 vta.
1186 5239 1218 5254 ·-
1228 5213 1239 5240 ¹
1249 5214 1345 5276 taum,
1355 5229 1411 5280 cap.
1423 5230 1455 5264 vu
1465 5251 1471 5272 ‚
1483 5230 1505 5264 v.
1519 5219 1541 5262 1.
1551 5239 1581 5250 —
1592 5213 1603 5239 ⁴
1615 5213 1722 5272 mab.
1732 5215 1831 5279 l,·cap.
1841 5231 1866 5274 r,
1875 5227 1899 5260 v.
1911 5212 1935 5258 ⁴·
1993 5213 2003 5228 ⁸
