4510 6108
564 643 608 718 ΙΝ
633 637 933 716 ASSUMPTIONE
957 637 1117 712 BEATAE
1141 637 1298 713 MAlllAE
1321 637 1483 711 SERMO.
1749 633 1820 704 527

236 783 349 857 Adam
376 783 582 882 deceptum.
610 786 676 853 Per
701 780 854 854 totidem
873 781 983 852 etiam
1004 782 1159 880 reparati
1175 743 1311 853 sumus.
1338 783 1435 851 Dum
1451 774 1580 873 angelo
1596 771 1696 846 adse
1712 773 1821 880 misso

235 905 346 976 Maria
357 901 523 994 credidit,
537 903 629 975 sicut
640 899 788 973 diabolo
798 905 873 972 Eva
885 899 1084 990 consensit,
1103 899 1218 973 Adam
1230 924 1346 972 novus
1362 899 1400 970 in
1416 896 1515 994 ligno
1526 892 1643 966 crucis
1654 890 1819 980 redemit,

235 1039 270 1095 et
287 1022 448 1121 de'ligno
465 1021 552 1119 ligni
568 1021 704 1095 dmnna
718 1021 912 1120 reparavit,
931 1034 967 1093 et
983 1021 1082 1093 noxii
1097 1020 1197 1120 pomi
1215 1019 1418 1092 lethiferum
1438 1030 1580 1114 gustum
1596 1014 1699 1112 quasi
1714 1011 1824 1085 rnedi-

235 1143 375 1216 camine
400 1141 560 1242 quodam
587 1140 742 1232 curavit;
773 1139 948 1214 fructibus
972 1138 1041 1216 illis
1061 1139 1108 1214 de
1129 1140 1259 1214 arbore
1275 1140 1393 1212 crucis¹
1407 1137 1614 1236 assumptis,
1630 1132 1676 1206 de
1693 1131 1823 1231 quibus

235 1264 386 1361 ipsemet
396 1261 462 1336 ait¹
476 1289 484 1333 :
498 1289 517 1329 a
529 1258 731 1334 Ascendam
746 1259 785 1333 in
800 1259 974 1360 palmam,
986 1274 1023 1334 et
1036 1259 1307 1361 apprehendam
1323 1259 1459 1332 fructus
1475 1256 1562 1354 ejus.
1579 1283 1596 1322 a
1613 1252 1710 1342 Quid
1726 1253 1823 1324 enim

234 1409 299 1484 per
314 1381 491 1484 palmam,
514 1405 587 1480 qua
602 1381 754 1455 victoria
768 1380 992 1479 designatur,
1010 1383 1081 1456 nisi
1097 1407 1184 1456 crux
1200 1381 1384 1456 dominica
1399 1375 1635 1477 significatur,
1656 1397 1729 1474 qna
1748 1375 1824 1472 ipse

235 1504 422 1579 diabolum
446 1502 702 1605 triumphavit,
731 1504 826 1578 etin
849 1527 893 1579 ea
911 1519 1074 1579 nostram
1102 1503 1392 1604 redemptionem
1416 1524 1592 1602 operans,
1615 1521 1658 1571 ea
1677 1521 1757 1594 quae
1778 1495 1823 1567 ad

235 1626 386 1700 salutem
401 1640 563 1698 nostram
578 1624 761 1724 pertinent
777 1627 1062 1701 consummavit?
1081 1626 1185 1700 Unde
1202 1641 1238 1700 et
1253 1626 1419 1726 expirans
1435 1624 1503 1696 ait¹
1521 1649 1529 1694 :
1554 1649 1572 1690 e
1592 1623 1824 1691 Consumma-

235 1760 313 1816 tum
338 1758 404 1835 est,
423 1773 441 1812 a
468 1743 541 1816 hoc
564 1756 634 1834 est,
654 1741 876 1844 completum
890 1743 1058 1820 humanae
1081 1743 1204 1818 salutis
1229 1742 1546 1817 medicamentum.
1573 1741 1655 1826 Quo
1676 1733 1824 1834 quidem

235 1863 473 1938 medicamine
498 1864 583 1963 ipsae
608 1863 737 1936 animae
758 1879 890 1939 nostrae
910 1865 1062 1950 morbos
1080 1890 1206 1940 curare
1231 1863 1417 1962 dignetur,
1435 1862 1498 1961 qui
1517 1883 1697 1934 severum
1713 1855 1825 1928 medi·

234 2007 319 2056 eum
333 1981 495 2082 quodam
510 1982 594 2056 loeo
609 1981 798 2083 profitens,
817 1985 883 2059 ait³
901 2011 910 2058 ε
932 2013 951 2054 «
964 1988 1044 2058 Non
1061 2001 1115 2058 est
1130 2009 1223 2085 opus
1235 1982 1437 2058 valentibus
1453 1979 1633 2067 medicus,
1648 1975 1712 2050 sed
1731 1974 1824 2048 male

234 2103 496 2177 habentibus.»
524 2100 632 2192 Quod
654 2102 740 2201 quia
764 2104 896 2178 nostris
919 2103 1085 2180 obtinere
1106 2103 1242 2178 meritis
1264 2125 1494 2202 nequaquam
1516 2097 1729 2187 sufficimus,
1748 2097 1824 2194 ipsa

235 2224 310 2320 ejus
320 2223 471 2322 genitrix
486 2221 558 2296 hoc
574 2222 680 2296 nobis
696 2223 876 2323 impetret,
894 2248 974 2322 quae
989 2249 1074 2299 eum
1090 2224 1137 2298 ad
1152 2224 1225 2297 hoc
1241 2225 1380 2321 genuit,
1398 2237 1438 2294 ut
1453 2219 1526 2292 hoc
1541 2220 1617 2318 ipse
1632 2217 1739 2290 nobis
1755 2239 1826 2288 me·

235 2342 481 2419 dieamentum
502 2342 658 2416 allerret.
684 2340 789 2415 Unde
810 2355 848 2415 et
869 2341 1034 2416 Salvator
1048 2341 1146 2416 solus
1164 2343 1313 2442 proprie
1335 2354 1583 2439 nuncupatum
1601 2337 1691 2426 boc,
1713 2351 1754 2408 ut
1777 2337 1825 2406 ait

236 2462 455 2563 Apostolus⁸,
478 2488 613 2538 nornen
630 2460 731 2561 quod
747 2476 804 2536 est
820 2487 929 2563 super
953 2487 1064 2537 omne
1088 2486 1225 2535 nomen
1248 2475 1350 2561 patre
1371 2461 1439 2561 ipsi
1459 2460 1633 2550 donante,
1651 2483 1736 2532 curn
1751 2482 1825 2555 quo

236 2585 322 2656 vivit
346 2600 382 2658 et
405 2600 532 2683 regnat
554 2585 592 2658 in
617 2585 755 2658 unitate
772 2581 926 2683 Spiritus
949 2583 1064 2658 sancti
1084 2588 1181 2658 Deus
1202 2607 1268 2683 per
1288 2581 1429 2656 infinita
1449 2581 1662 2658 saeculorum
1682 2579 1822 2652 saecula.

236 2707 360 2775 Amen.
1516 2713 1518 2720 ’

879 3378 1177 3472 EXPOSl'l'IO

618 3597 663 3668 nr
685 3595 944 3670 armenum
966 3599 1165 3672 merrom
1187 3599 1319 3674 usus
1341 3559 1438 3672 nm.

288 3847 305 3886 a
327 3822 477 3893 Intravit
491 3825 590 3893 lesus
609 3823 647 3894 in
665 3821 852 3920 quoddam
866 3822 1084 3898 castellum⁸.
1102 3853 1122 3894 u
1140 3823 1333 3896 Castellum
1352 3826 1507 3899 munitio
1519 3844 1572 3900 est
1592 3844 1628 3899 et
1648 3827 1824 3926 refugium

235 3939 454 4015 defensionis
480 3941 526 4014 ab
551 3944 697 4016 incursu
719 3943 892 4019 hostium.
919 3947 998 4018 Hoc
1021 3945 1133 4018 intrat
1151 3949 1269 4035 lesus,
1287 3944 1376 4017 dum
1393 3947 1553 4020 Verbum
1574 3949 1639 4020 Dei
1658 3965 1824 4022 naturam

235 4077 398 4135 nostram
423 4065 460 4136 in
476 4065 623 4161 Virgine
645 4066 849 4164 assumpsit,
866 4067 904 4138 in
925 4089 998 4164 qua
1012 4081 1176 4139 nostram
1192 4081 1362 4165 operatus
1382 4081 1436 4140 est
1458 4067 1764 4167 redemptionem;
1789 4086 1825 4141 et

235 4178 423 4255 diabolum
446 4182 692 4282 triumphans,
719 4183 915 4282 quamdam
940 4187 1080 4257 ineam
1104 4184 1212 4257 nobis
1236 4186 1422 4258 constituit
1447 4187 1700 4258 munitionem.
1723 4192 1824 4260 Hanc

236 4301 439 4399 ingrediens
455 4305 492 4376 in
507 4304 620 4377 domo
638 4303 786 4378 Marthae
799 4306 1004 4406 suscipitur,
1017 4307 1102 4404 quia
1118 4307 1156 4378 in
1173 4321 1307 4379 terram
1320 4305 1448 4380 Judaeae
1461 4306 1695 4380 exterioribus
1711 4311 1824 4408 operi·

235 4421 304 4494 bus
320 4423 538 4496 intendentis
552 4440 606 4497 est
619 4424 838 4517 incarnatus,
852 4439 888 4499 et
904 4451 926 4500 a
943 4424 1162 4525 quibusdam
1182 4425 1275 4499 illius
1287 4425 1413 4526 populi
1426 4428 1544 4526 primo
1557 4442 1611 4500 est
1631 4453 1696 4526 per
1714 4427 1823 4500 fidem

235 4558 438 4642 susceptus,
456 4545 547 4617 sicut
560 4568 581 4617 a
593 4545 774 4637 Simeone,
791 4551 908 4636 Anna,
921 4545 980 4619 vel
990 4569 1012 4620 a
1022 4545 1265 4648 populis'inde
1281 4547 1453 4620 collectis.
1467 4550 1578 4634 Soror
1591 4548 1738 4620 Marthae
1754 4553 1824 4622 Ma·

235 4663 289 4734 ria
307 4663 482 4760 gentilitas
498 4679 553 4737 est
570 4690 758 4757 conversa,
776 4666 814 4739 id
833 4681 887 4740 est
903 4663 1063 4742 Ecclesia
1081 4668 1243 4766 gentium
1261 4693 1375 4741 unum
1392 4685 1532 4770 patrem
1551 4673 1668 4742 Deum
1685 4671 1823 4744 habens

175 4875 180 4882 υ
236 4807 320 4854 curn
340 4784 492 4876 Martha,
510 4785 582 4858 hoc
599 4801 653 4860 est
670 4811 754 4860 cum
775 4786 873 4861 fideli
892 4812 1074 4886 synagoga
1088 4813 1167 4888 quae
1183 4790 1258 4887 jam
1272 4789 1454 4862 Christum
1469 4805 1686 4890 susceperat,
1701 4795 1823 4891 paucis

236 4904 441 4978 ludaeorum
466 4907 585 5004 primo
607 4905 653 4980 ad
676 4907 857 4981 Christum
883 4909 1078 4983 conversis.
1109 4909 1248 4983 Martha
1268 4925 1434 5011 suscepto
1458 4935 1523 5011 per
1547 4909 1657 4984 iidem
1680 4912 1822 4988 Christo

165 5230 169 5236 Ι
275 5165 282 5190 ¹
302 5168 384 5226 Cena,
397 5183 453 5234 cap.
467 5183 512 5228 ru,
525 5184 547 5218 r.
560 5167 736 5230 8.-¹loan.‚
752 5185 805 5237 cap.
828 5187 868 5221 xu
881 5209 887 5230 ‚
902 5187 925 5222 r.
940 5173 980 5221 30.
993 5169 1152 5234 -wnd,
1166 5186 1221 5238 cap.
1236 5189 1277 5236 rx,
1291 5187 1314 5222 r.
1330 5174 1370 5222 12.
1388 5199 1418 5210 -
1431 5171 1554 5238 ‘apta.,
1572 5189 1627 5243 erp.
1650 5193 1674 5238 r,
1693 5192 1717 5227 r.
1739 5175 1779 5226 21.
1792 5202 1822 5214 -

239 5251 249 5278 ⁸
262 5251 331 5312 tue..
342 5269 397 5319 cap.
410 5271 441 5316 x,
451 5271 474 5304 r.
488 5257 529 5306 38.

795 5355 813 5390 ο
