4522 6104
692 590 836 662 '‘PETRl
863 588 1095 664 ABAELARDl
1122 586 1360 660 trotoelt.
1754 588 1818 666 681

240 731 371 828 probat
394 732 618 823 Trinitatem,
642 748 681 804 ut
706 757 848 830 semper
863 733 900 802 in
923 731 1120 803 substantia
1145 727 1322 804 custodiat
1348 728 1534 800 unitatem.
1560 729 1677 802 Credo
1699 732 1827 806 Filium

240 876 304 949 per
329 852 453 924 omnia
476 853 571 925 Patri
595 877 671 925 esse
697 851 932 950 coaequalem,
962 851 1096 922 scihcet
1117 851 1330 938 aetemitate,
1359 863 1551 948 potestate,
1581 849 1765 925 voluntate
1791 871 1827 928 et
1883 824 1886 838 ⁴

241 995 362 1069 opere.
384 976 455 1044 Nec
471 971 580 1044 audio
597 974 738 1058 Arium,
764 973 826 1070 qui
843 997 1012 1069 perverso
1028 973 1173 1068 ingenio
1191 985 1307 1059 actus,
1326 971 1400 1040 imo
1420 969 1642 1044 daemoniaco
1659 973 1825 1047 seductus

240 1090 383 1187 spiritu,
402 1090 532 1186 graden
549 1091 633 1163 lacit
647 1093 684 1163 in
701 1091 887 1182 Trinitate,
912 1095 1053 1161 Patrem
1078 1091 1269 1185 majorem,
1288 1089 1414 1160 Filium
1438 1088 1682 1186 dogmatizans
1707 1093 1826 1164 mino·

241 1233 330 1300 rem,
349 1209 481 1282 oblitus
496 1209 617 1307 legalis
633 1211 817 1310 praecepti¹
832 1239 839 1280 :
856 1213 966 1280 «Non
983 1209 1171 1298 ascendes,
1190 1209 1307 1307 inquit
1322 1208 1395 1299 lex,
1413 1234 1478 1307 per
1496 1210 1626 1307 gradus
1643 1209 1689 1282 ad
1705 1237 1827 1284 meum

240 1326 389 1400 altare.»
404 1329 457 1402 Ad
475 1330 585 1402 altare
601 1332 734 1429 quippe
750 1331 816 1402 Dei
832 1355 897 1428 per
913 1329 1044 1426 gradus
1061 1328 1240 1418 ascendit,
1259 1329 1322 1427 qui
1336 1329 1435 1426 prius
1451 1344 1487 1400 et
1504 1331 1682 1428 posterius
1697 1331 1733 1401 in
1751 1333 1825 1402 Tri·

240 1448 350 1521 nitate
366 1451 481 1548 ponit.
498 1452 670 1550 Spiritum
686 1453 793 1524 etiam
809 1465 974 1524 sanctum
991 1450 1087 1522 Patri
1102 1465 1138 1521 ct
1154 1449 1241 1520 Filio
1258 1449 1601 1524 consubstantialem
1619 1467 1654 1522 et
1669 1476 1828 1550 coaequa·

193 1551 197 1558 ¹
239 1567 310 1640 lem
330 1596 395 1669 per
417 1572 540 1644 omnia
557 1585 683 1665 testor,
701 1587 828 1672 utpote
848 1598 958 1670 quem
977 1571 1149 1644 bonitatis
1172 1573 1320 1643 nomine
1345 1571 1522 1668 designari
1544 1572 1729 1646 volumina
1747 1600 1828 1648 mea

239 1713 331 1788 saepe
356 1690 551 1764 declarant.
582 1697 725 1766 Damno
741 1693 955 1782 Sabellinm,
975 1693 1037 1790 qui
1061 1691 1226 1763 eamdem
1249 1717 1444 1791 personam
1472 1717 1632 1765 asserens
1657 1695 1768 1766 Patris
1792 1710 1828 1767 et

238 1809 338 1901 Filii,
350 1816 491 1883 Patrem
506 1837 652 1911 passum
675 1813 890 1902 autumavit3
915 1812 1012 1884 unde
1034 1826 1070 1882 et
1085 1814 1351 1908 Patripassiant'
1364 1812 1451 1883 dicti
1470 1826 1566 1884 sunt.
1586 1813 1703 1884 Credo
1721 1815 1828 1886 etiam

240 1931 366 2003 Filium
390 1934 457 2004 Dei
477 1933 610 2006 lactum
632 1959 708 2006 esse
733 1934 862 2005 Filium
881 1934 1058 2023 hominis,
1086 1958 1269 2031 unamque
1289 1959 1482 2032 personam
1503 1960 1545 2006 ex
1568 1935 1709 2008 duabus
1729 1950 1766 2008 et
1790 1937 1828 2006 in

239 2053 374 2124 naturis
391 2052 532 2125 duabus
548 2054 754 2126 consistere.
775 2055 845 2142 Qui
866 2069 948 2154 post
966 2052 1183 2152 completam
1206 2070 1377 2152 susceptae
1397 2055 1629 2127 humanitatis
1650 2055 1829 2155 dispensa·

239 2170 374 2242 tionem
390 2193 515 2269 passus
531 2187 585 2244 est
600 2188 636 2245 et
652 2188 833 2263 mortuus,
854 2190 889 2245 et
904 2175 1114 2262 resurrexit,
1135 2188 1170 2244 et
1188 2172 1349 2245 ascendit
1365 2174 1402 2244 in
1418 2173 1567 2264 coelum,
1585 2189 1829 2273 venturusque

240 2305 294 2362 est
315 2289 478 2386 judicare
503 2291 605 2364 rivos
622 2308 658 2363 et
674 2308 850 2364 mortuos.
870 2299 997 2364 Assero
1019 2293 1126 2363 etiam
1143 2291 1180 2361 in
1196 2290 1378 2389 baptismo
1399 2294 1564 2365 universa
1584 2295 1717 2366 remitti
1740 2294 1829 2366 deli·
1929 2277 1932 2284 ¹

239 2425 313 2500 cta3
330 2411 513 2508 gratiaque
530 2437 597 2494 nos
621 2437 741 2508 cgere,
760 2437 833 2510 qua
854 2426 889 2484 et
910 2411 1123 2509 incipiamus
1143 2409 1302 2499 honum,
1321 2425 1358 2482 et
1372 2411 1617 2510 perficiamus,
1640 2412 1830 2513 lapsosque

237 2556 303 2629 per
316 2531 565 2628 poenitentiam
581 2531 782 2603 reformari.
802 2536 855 2602 De
872 2533 1127 2608 carnisautem
1143 2531 1508 2628 resurrectionequid
1522 2559 1614 2632 opus
1626 2550 1679 2606 est
1695 2535 1827 2626 dicere,

239 2678 352 2750 quum
365 2652 494 2724 frustra
511 2651 642 2748 glorier
654 2677 712 2722 me
728 2652 980 2741 christianum,
999 2652 1028 2723 si
1047 2675 1122 2721 non
1136 2650 1324 2723 credidero
1341 2655 1643 2725 resurrecturum?
1665 2657 1746 2725 Haec
1761 2657 1828 2728 ita·

237 2799 308 2872 que
324 2789 377 2847 est
394 2772 482 2844 fides
497 2775 534 2844 in
552 2798 622 2871 qua
639 2774 769 2862 sedan,
788 2773 830 2844 e'x
847 2798 920 2870 qua
941 2772 1021 2870 spei
1040 2771 1217 2843 contraho
1234 2770 1451 2845 firmitatem.
1473 2778 1511 2844 In
1528 2773 1597 2852 hac
1618 2774 1756 2848 locatus
1772 2801 1827 2848 sa·

238 2895 400 2984 lubriter,
414 2894 561 2966 latratus
579 2893 702 2990 Scyllae
719 2919 794 2965 non
810 2895 933 2983 timeo,
951 2893 1163 2990 vertiginem
1176 2892 1375 2990 Charybdis
1392 2894 1507 2984 rideo,
1526 2895 1729 2968 mortiferos
1740 2897 1830 2968 Sire-

239 3003 368 3087 narum
386 3013 554 3085 modulos
570 3008 644 3084 non
662 3013 847 3085 horresce.
868 3013 905 3083 si
927 3013 1041 3085 irruat
1059 3013 1185 3104 turbo,
1204 3037 1280 3084 non
1302 3014 1458 3110 quatior.
1480 3015 1516 3086 si
1536 3017 1635 3088 venti
1656 3017 1825 3115 perflent,

240 3161 313 3210 non
328 3159 491 3209 moveor.
511 3130 694 3208 Fundatus
711 3135 808 3210 enirn
824 3160 905 3208 sum
921 3159 1028 3234 supra
1045 3132 1185 3207 firmam
1202 3148 1355 3234 petram.
1429 3202 1443 3242 ,ι

1115 3469 1119 3478 ι

956 3492 1116 3510 μ

1107 3527 1112 3536 u

899 3842 1171 3933 EPISTOLA

240 4105 406 4154 inversus
428 4103 505 4166 sos,
528 4104 586 4164 our
607 4106 653 4154 rx
674 4103 907 4155 sucronrmrs
926 4105 1020 4154 annm
1041 4103 1246 4153 rnrsnrrrar
1270 4102 1424 4152 Arsuras
1439 4099 1615 4152 conturna
1639 4101 1825 4151 nronrsmsr

285 4218 525 4269 snrorsarrau
549 4220 661 4269 rurssn
685 4218 870 4270 nronrsmu
898 4217 1155 4270 conrnrmonnu
1180 4215 1388 4275 nrrscorun,
1416 4217 1459 4264 er
1488 4215 1552 4265 non
1580 4213 1685 4264 uren
1713 4215 1825 4264 rurssn

283 4333 537 4384 arsnrrnnsmn
560 4321 778 4384 rrrscomnt

278 4548 355 4608 Dum
370 4545 403 4607 in
418 4545 516 4607 sancti
528 4545 664 4628 Dionysii
678 4544 799 4608 abbatia
812 4544 1008 4622 Abaelardus,
1024 4553 1095 4626 post
1108 4561 1195 4608 suam
1212 4543 1245 4605 in
1258 4527 1468 4607 suessionensi
1481 4541 1613 4604 concilio
1633 4540 1823 4626 condemna-

237 4649 364 4724 tionem,
378 4657 631 4724 commoraretur‚
646 4647 793 4710 inlocum
810 4647 973 4730 quemdam
989 4647 1098 4710 incidit
1112 4649 1331 4710 Commeatum
1344 4642 1434 4707 Bedae
1448 4643 1486 4707 de
1501 4644 1584 4705 Actia
1598 4645 1821 4726 Apostolorum,

237 4753 269 4814 in
292 4769 352 4834 quo
376 4753 540 4833 Dionysius
559 4751 740 4832 areopagita
760 4751 897 4814 Corinthi
916 4751 1081 4833 episeopus
1094 4749 1187 4812 luisse
1207 4747 1368 4810 serebatur.
1392 4749 1491 4832 Quum
1514 4765 1579 4809 rem
1594 4745 1738 4810 fratribus
1752 4750 1822 4830 qui-

236 4855 366 4934 busdam
387 4855 655 4929 communicasset,
679 4873 790 4934 magna
806 4854 862 4915 suit
880 4862 910 4916 et
930 4853 1052 4915 illomm
1067 4862 1095 4916 et
1113 4851 1232 4915 abbatis
1245 4851 1343 4933 ipsius
1361 4850 1531 4931 indignatio
1547 4847 1629 4932 quod
1644 4868 1735 4912 exeo
1753 4848 1823 4913 loco

236 4954 441 5036 colligendum
455 4965 553 5034 esset,
568 4964 674 5017 contra
689 4955 825 5016 omnium
840 4954 1038 5036 opinionem,
1053 4953 1232 5036 Dionysium
1246 4953 1460 5034 areopagitam
1474 4969 1537 5014 non
1550 4949 1692 5014 eumdem
1705 4969 1773 5014 esse
1786 4972 1823 5015 ac

236 5057 415 5139 Dionysium
436 5057 568 5139 primum
589 5057 790 5119 parisiensem
805 5057 1005 5138 episcopmn,
1021 5053 1184 5119 Galliarum
1198 5055 1387 5137 apostolum,
1403 5063 1434 5118 et
1448 5063 1612 5137 patronum
1635 5055 1820 5118 monasterii.

272 5217 279 5244 ¹
295 5219 390 5280 Επεοάυ
401 5235 457 5286 cap.
468 5216 516 5281 xx,
529 5177 553 5270 i.
566 5217 661 5270 att-¹
680 5217 746 5271 Edit.
761 5217 847 5276 hmb„
862 5236 888 5286 p.
905 5218 962 5270 224.

357 5328 367 5372 r
1664 5307 1701 5364 86
