4590 6106
733 909 1139 1068 innuen
1198 830 1803 1095 corneum

1099 1235 1452 1317 tuuouuusls

1157 1536 1391 1656 NOTAE

653 1801 717 1889 Al)
745 1817 1021 1890 HISTORIAM
1048 1795 1409 1890 calamitatuni
1439 1817 1584 1890 PETRI
1614 1817 1893 1889 AuAEtAuut.

883 2377 934 2440 (Ea
945 2393 999 2444 qun
1011 2377 1193 2432 mandamus
1204 2390 1247 2432 aut
1260 2379 1398 2434 addidimus
1410 2381 1481 2434 ιωίι
1493 2379 1674 2442 Μῶαν.)

1138 2603 1210 2660 Nota
1229 2608 1256 2672 I,
1276 2624 1340 2680 pag.
1360 2611 1388 2662 l.

481 2771 482 2778 ¹
519 2749 653 2821 Magistri
665 2745 753 2803 Petri.
766 2742 857 2798 -Sic
872 2745 979 2818 aliquot
992 2745 1174 2817 manuscripti
1196 2743 1305 2801 codices
1323 2763 1394 2820 quos
1413 2745 1542 2800 vidimus.
1559 2743 1618 2799 Nec
1637 2745 1754 2798 omniuo
1773 2743 1844 2798 male
1863 2761 1925 2798 meo
1940 2743 2060 2815 judicio.

485 2841 565 2908 Nam,
576 2850 609 2894 ut
619 2837 787 2895 Guillelmus
799 2838 924 2910 ll'angius
936 2837 988 2903 ait,
1003 2847 1101 2892 auctor
1113 2837 1174 2892 hic:
1188 2860 1201 2886 α
1215 2838 1348 2912 Magister
1358 2839 1389 2894 in
1401 2837 1546 2894 dialectica
1555 2837 1673 2910 insignis
1684 2847 1713 2891 et
1723 2834 1919 2892 celeberrimus
1930 2858 1943 2886 a
1955 2837 2059 2892 estitit.

486 2933 568 2988 Unde
581 2943 610 2988 et
622 2933 733 3002 Petrus,
745 2931 829 2986 abbas
842 2929 1040 2998 cluniacensis,
1055 2929 1091 2984 de
1103 2947 1138 2986 co
1150 2929 1307 3004 loquentiu
1320 2930 1437 3004 epistola
1448 2931 1489 2986 ad
1497 2933 1693 2988 Innocentium
1703 2947 1822 3002 popam:
1838 2950 1852 2979 a
1867 2929 1999 3002 Magister
2011 2927 2063 2984 Pe·

485 3037 554 3095 trus,
564 3047 577 3074 a
586 3025 689 3099 inquit,
698 3047 711 3075 a
720 3023 860 3096 sapientie
868 3033 971 3090 vestre,
983 3031 1016 3076 ut
1026 3021 1122 3091 credo,
1130 3024 1237 3095 optime
1247 3035 1345 3092 notus,
1358 3041 1449 3097 nuper
1458 3041 1474 3078 e
1482 3023 1599 3079 Francia
1613 3025 1733 3091 veniens,
1743 3023 1965 3096 perCluniacuru
1975 3030 2062 3076 trans-

485 3120 555 3173 itum
565 3118 640 3172 iecit.
653 3141 666 3168 n
679 3118 750 3172 Item
764 3117 792 3170 in
807 3113 922 3186 epistola
934 3113 974 3168 od
985 3113 1143 3170 Heloissam
1153 3114 1298 3170 Paraclcti
1307 3115 1499 3170 alimmum.-
1513 3137 1527 3166 a
1541 3117 1625 3172 ttitto
1637 3116 1735 3184 etiam,
1751 3117 1823 3172 sictu
1837 3113 1987 3180 mandatis,
2002 3133 2060 3168 rua-

486 3212 564 3282 gistri
583 3210 659 3264 Petri
679 3207 881 3264 absolutionem
901 3209 930 3261 in
951 3206 1047 3260 charta
1071 3207 1203 3278 scriptam
1221 3217 1250 3262 et
1271 3207 1429 3280 sigillatam.
1442 3230 1455 3258 a
1468 3207 1504 3263 Et
1516 3208 1707 3282 necrologium
1731 3219 1809 3264 setin
1830 3207 1950 3264 ecclesie
1967 3207 2059 3264 Sancti

486 3302 611 3358 Victoris
624 3300 782 3374 parisiensis
796 3324 801 3353 :
818 3321 832 3350 α
846 3317 873 3353 xi
886 3298 941 3354 lsai.
962 3298 1028 3352 maii
1044 3297 1117 3353 obiit
1131 3299 1263 3372 magister
1276 3301 1393 3369 Petrus,
1407 3311 1461 3358 etc.
1477 3324 1491 3352 a
1506 3302 1634 3375 Itemque
1648 3299 1836 3374 paracletense
1850 3299 2037 3356 calendarium
2052 3323 2058 3353 ι

487 3417 499 3443 n
512 3413 562 3447 vin
579 3393 633 3447 lai.
643 3393 753 3464 januar.
766 3393 837 3447 obiit
849 3393 951 3446 Petrus
964 3390 1146 3446 clunianensis
1165 3391 1262 3462 abbas,
1282 3394 1363 3465 cujus
1382 3411 1514 3450 concessu
1532 3394 1616 3449 habet
1635 3393 1749 3449 ccclesia
1767 3404 1860 3450 nostra
1880 3409 1981 3467 corpus
1998 3411 2061 3446 ma-

487 3488 564 3556 gistri
577 3486 664 3540 nostri
678 3485 791 3540 Petri.»

1140 3597 1212 3654 Nota
1232 3599 1276 3670 11,
1296 3617 1356 3672 pag.
1377 3605 1402 3654 l.

520 3737 680 3793 Aboelardi.
688 3735 784 3792 -Sed
793 3735 829 3791 de
838 3735 891 3790 hoc
903 3736 963 3807 ejus
975 3744 1161 3807 cognomento
1170 3754 1226 3791 non
1234 3735 1306 3791 bene
1318 3735 1372 3791 sibi
1385 3747 1514 3792 constant
1527 3747 1639 3791 vetera.
1650 3735 1760 3792 Etenim
1769 3749 1881 3792 aancms
1894 3735 2059 3804 Bernartius,

485 3833 563 3890 Otho
581 3831 779 3903 Friaingensis,
801 3826 969 3894 Gauiridus,
992 3826 1132 3882 Robertus
1153 3828 1418 3896 Autissiodorensis,
1442 3828 1555 3896 etalii,
1580 3829 1771 3886 Abastardum
1791 3830 1952 3896 numiuant,
1977 3848 2060 3904 quem

485 3936 582 3980 auctor
593 3922 718 3978 chronici
732 3920 1006 3994 archiepiscoporum
1018 3921 1214 3976 senonensium
1227 3921 1441 3990 Aboulardum,
1456 3922 1606 3977 canonicus
1617 3923 1776 3978 turonensis
1789 3941 1943 3995 anonymus
1955 3924 2062 3978 Atate-

486 4017 610 4086 lardum,
630 4016 797 4072 Vincentius
812 4012 981 4068 Belvacensis
992 4012 1170 4070 Abelis-dum
1188 4013 1295 4070 dicunt.
1310 4014 1369 4070 Nec
1384 4013 1472 4086 major
1484 4017 1570 4069 etiam
1583 4016 1658 4070 inter
1671 4016 1821 4090 scriptores
1833 4015 1945 4090 gallicos
1960 4034 2061 4071 conve-

485 4111 598 4166 nientia.
617 4107 761 4182 Siquidem
780 4108 901 4162 Joanues
921 4104 1092 4180 Clopincllus
1111 4103 1326 4178 magdunensis,
1347 4105 1480 4180 Philippo
1499 4107 1622 4165 Pulchro
1639 4109 1699 4182 regi
1716 4119 1884 4176 coetaneus,
1899 4108 2063 4180 Abnrelnrt

483 4202 618 4277 appellat,
638 4219 722 4276 quem
742 4199 812 4254 alter
833 4200 956 4254 incertus
974 4209 1056 4272 poeta
1073 4198 1123 4272 qui
1144 4197 1256 4270 scripsit
1274 4215 1349 4253 anuo
1369 4201 1449 4268 tst't,
1467 4199 1606 4266 Atutart,
1625 4209 1655 4255 et
1673 4197 1860 4256 calendarium
1875 4199 2060 4273 paracletcutn

485 4296 631 4369 gallicum,
646 4294 799 4350 Absoluta.
817 4293 875 4348 Nos
890 4293 943 4346 hac
960 4293 1091 4347 vanatate
1104 4307 1162 4345 uou
1174 4290 1319 4364 obstante,
1331 4291 1480 4348 lectionem
1494 4293 1675 4366 antiquorum
1689 4293 1818 4350 codicum
1837 4293 2019 4358 retinuimus,
2034 4305 2060 4348 et

483 4409 547 4446 cum
562 4387 715 4446 Guillelmo
738 4387 862 4458 Naugio,
882 4371 988 4441 Joanue
1007 4383 1141 4439 canonico
1161 4381 1282 4456 regulari
1295 4383 1389 4440 Sancti
1405 4385 1544 4454 Victoris,
1558 4403 1590 4439 ac
1601 4383 1769 4459 quibusdam
1782 4385 1859 4452 aliis,
1874 4385 2061 4442 Abalardum

483 4483 647 4538 vocavimus.
673 4481 829 4554 [Hactenus
852 4477 978 4534 Andreas
1000 4477 1201 4547 Quercetanus.
1226 4477 1328 4532 Noster
1352 4477 1468 4552 quidem
1489 4479 1548 4550 ipse
1569 4479 1599 4534 in
1624 4477 1757 4553 operibus
1780 4480 1837 4535 suis
1857 4497 1886 4534 ae
1906 4479 2058 4534 nominat:

484 4577 572 4632 «Hoc
589 4573 754 4630 vocabulum
770 4569 929 4628 rihelardus
949 4570 1064 4626 mihi...
1086 4567 1250 4624 collocatum
1271 4579 1323 4626 est.
1341 4593 1354 4622 a
1371 4571 1446 4628 Vide
1470 4571 1614 4646 Onvroges
1632 4571 1736 4628 inediti
1756 4571 1933 4640 dsistam,
1954 4591 1980 4644 p.
1997 4574 2060 4630 Μ.

485 4695 497 4719 a
586 4669 627 4723 Ut
654 4667 829 4734 Abaelardus,
853 4663 929 4739 quod
954 4663 1024 4718 mihi
1047 4664 1098 4718 uui
1126 4662 1219 4718 adhuc
1244 4666 1393 4722 convenire
1423 4665 1553 4721 arbitror.
1576 4689 1589 4717 a
1612 4666 1704 4736 ibid,
1728 4687 1758 4742 p.
1788 4669 1849 4724 tto.
1877 4665 2061 4740 Gognominis

481 4772 574 4817 autem
598 4761 735 4834 originem
760 4761 799 4815 sic
823 4757 910 4815 tradit
932 4769 1030 4814 auctor
1054 4776 1224 4830 anonymus,
1248 4777 1293 4832 ap.
1316 4760 1399 4816 Bern.
1425 4759 1478 4815 Pes
1511 4761 1596 4816 Titos.
1620 4760 1760 4819 Anecdot.
1787 4765 1906 4829 noviss,
1931 4763 2062 4831 Auguste

482 4854 711 4922 vindelicorum,
730 4857 817 4926 titt,
839 4854 943 4923 iu-icl.,
969 4864 992 4908 t.
1015 4853 1076 4922 111,
1100 4853 1220 4909 Dissert.
1243 4852 1370 4928 Isagog.,
1392 4873 1420 4928 p.
1442 4873 1496 4909 xxn
1514 4879 1520 4910 :
1540 4855 1683 4925 «Petrus,
1702 4856 1751 4931 qui
1773 4853 1942 4924 rihelardus,
1961 4873 1975 4908 a
2001 4852 2061 4928 ple-

480 4953 573 5024 risque
588 4947 747 5003 Baiolardus
759 4949 872 5016 dicitur,
888 4947 1000 5004 natione
1016 4946 1164 5022 Anglicus,
1187 4948 1311 5021 primurn
1327 4949 1512 5022 grammaticas
1525 4959 1554 5005 et
1566 4947 1730 5019 dialecticas,
1754 4949 1822 5006 hinc
1843 4948 1980 5005 divinitati
1996 4965 2061 5020 upe-

482 5061 540 5098 rarn
561 5041 648 5097 dedit.
670 5041 723 5098 Sed
744 5061 831 5116 quum
851 5052 923 5097 esset
941 5040 1136 5097 inaestimanda
1156 5040 1337 5108 subtilitatis,
1353 5041 1484 5098 inaudita
1503 5043 1659 5111 memoria,
1681 5043 1841 5116 capacitatis
1859 5060 1943 5116 supra
1961 5041 2061 5094 huma-

482 5153 548 5190 num
572 5135 700 5205 modum,
725 5135 837 5192 auditor
855 5134 1005 5210 aliquando
1028 5135 1153 5208 magistri
1168 5133 1277 5202 Roscii,
1291 5135 1375 5208 coepit
1390 5153 1454 5192 eum
1475 5154 1539 5192 cum
1553 5135 1770 5208 exfestucatione
1788 5135 1908 5210 quadam
1929 5151 2060 5190 sensuum
