4496 6102
730 633 774 705 ΙΝ
799 633 1009 706 Ptsstortn
1034 630 1190 704 DOMlNl
1215 631 1378 704 stulto.
1746 627 1846 704 'tta

262 781 303 838 ut
319 791 382 840 cos
399 783 615 843 convocaret
630 769 759 868 quibus
777 773 974 848 Dominum
992 773 1157 846 traderet.
1176 777 1260 846 Post
1279 774 1380 870 cujus
1397 772 1542 871 quidem
1562 797 1759 868 egressum,
1775 778 1849 844 Do·

264 891 402 980 minus,
429 907 469 963 ut
494 896 650 970 loannes
676 893 801 986 refert,
831 895 1010 994 prolixum
1037 919 1240 972 sermonem
1272 895 1317 967 ad
1349 895 1541 994 discipulos
1574 893 1710 966 babuit.
1741 895 1850 990 Cujus

264 1015 417 1111 primam
435 1029 592 1110 partem,
613 1015 702 1088 dum
724 1016 842 1089 adhuc
865 1017 1107 1110 recumberet,
1135 1017 1223 1090 dixit
1246 1016 1422 1114 usquead
1440 1041 1523 1090 eum
1550 1015 1682 1088 scilicet
1707 1015 1847 1103 locum,

265 1133 327 1207 ubi
345 1134 435 1206 ait¹:
460 1135 564 1209 «Sed
582 1151 622 1208 ut
639 1152 832 1240 cognoscat
858 1137 1016 1210 mundus
1038 1138 1122 1234 quia
1148 1136 1257 1234 diligo
1281 1152 1440 1237 patrem,
1466 1152 1502 1208 et
1529 1139 1619 1208 sicut
1641 1135 1850 1206 mandatum

265 1255 364 1331 dedit
387 1255 475 1330 mihi
493 1272 606 1356 pater,
631 1258 681 1330 sic
699 1257 807 1348 sacio;
819 1237 972 1356 surgite,
993 1283 1115 1332 eamus
1132 1257 1230 1332 binc.
1247 1287 1264 1325 n
1285 1264 1402 1346 Quem
1425 1257 1569 1356 quidem
1588 1252 1708 1328 loou'm
1727 1255 1851 1328 beatus

265 1403 448 1478 exponens
465 1381 690 1476 Augustinus,
706 1382 800 1452 ait¹z
822 1385 1036 1479 «Tanquam
1053 1380 1252 1452 diceretur:
1269 1385 1342 1452 Cur
1358 1404 1443 1476 ergo
1462 1379 1624 1466 moreris,
1645 1378 1676 1448 si
1694 1402 1768 1448 non
1789 1377 1852 1450 lra-

265 1498 327 1570 bes
356 1514 562 1597 peccatum,
589 1502 648 1572 cui
677 1500 827 1574 debetur
854 1504 980 1574 mortis
999 1501 1239 1601 supplicium?
1268 1503 1442 1573 continuo
1471 1498 1653 1594 subjecit:
1684 1528 1700 1566 r
1721 1500 1791 1572 Sed
1816 1514 1854 1569 ut

269 1647 287 1685 α
301 1633 493 1714 cognoscat
503 1619 673 1707 mundus,
686 1635 754 1694 etc.
768 1649 787 1689 n
801 1651 818 1689 ι(
829 1625 973 1713 Eamus,
984 1649 1002 1690 >r
1014 1620 1114 1694 dixit.
1125 1625 1221 1712 Quo,
1233 1621 1301 1692 nisi
1310 1619 1357 1692 ad
1372 1619 1474 1691 illum
1486 1617 1619 1708 locum,
1634 1617 1731 1690 unde
1742 1618 1856 1688 luerat

267 1737 463 1811 tradendus
480 1738 526 1810 ad
544 1741 722 1813 mortem?
742 1741 904 1814 Habebat
920 1756 961 1814 ut
976 1755 1177 1814 moremutr
1195 1739 1406 1812 mandatum
1419 1739 1541 1810 Patris.
1566 1765 1583 1805 n

317 1862 511 1956 Postquam
522 1874 642 1932 autem
655 1859 744 1932 dixit
757 1860 940 1960 discipulis
957 1863 1049 1932 suis:
1069 1861 1251 1958 «surgite,
1268 1885 1391 1932 eamus
1402 1859 1504 1950 hinc,
1521 1887 1538 1924 n
1554 1855 1620 1928 illis
1634 1855 1679 1928 de
1693 1857 1857 1930 accubitu

267 2003 398 2052 mensae
415 1980 661 2078 surgentibus,
683 1997 719 2054 et
742 1981 879 2079 hymno
904 1984 1096 2081 gratiarum
1122 1981 1238 2073 dicto,
1266 1982 1312 2054 de
1338 2005 1411 2079 quo
1441 1979 1625 2052 Matthaeus
1656 1993 1692 2051 et
1720 1981 1859 2049 Marcus

268 2098 443 2187 scribunt,
463 2100 569 2173 aliam
584 2117 724 2200 partem
741 2103 916 2176 sermonis
930 2101 1173 2194 confirmavit,
1189 2126 1377 2199 usquequo
1390 2100 1437 2172 de
1448 2100 1560 2172 domo
1574 2098 1633 2170 illa
1649 2099 1787 2190 exierit,
1800 2121 1861 2168 se·

270 2219 429 2293 cundum
447 2222 747 2296 consuetudinem
762 2247 877 2316 suam,
897 2225 935 2295 in
954 2239 1117 2296 montem
1140 2223 1282 2295 Oliveti.
1309 2221 1411 2293 Unde
1434 2235 1469 2292 et
1494 2226 1605 2292 Lucas
1632 2219 1677 2291 de
1703 2220 1861 2292 Domino

268 2344 448 2434 meminit,
469 2342 615 2417 dicens:
633 2350 750 2418 «Erat
770 2361 890 2418 autem
909 2343 1037 2429 diebus
1053 2345 1191 2417 docens
1209 2345 1246 2416 in
1266 2343 1420 2442 templo,
1444 2342 1609 2414 noctibus
1633 2366 1719 2413 vero
1742 2342 1863 2412 exiens

270 2463 478 2537 morabatur
490 2466 526 2536 in
545 2481 670 2538 monte
687 2468 750 2564 qui
765 2482 915 2539 vocatur
928 2466 1070 2539 Oliveti.
1086 2494 1103 2533 n
1125 2469 1168 2538 Et
1184 2468 1334 2538 iterum:
1355 2493 1373 2533 r
1389 2469 1558 2562 Egressus
1576 2463 1649 2534 ibat
1665 2461 1864 2534 secundum

271 2586 567 2660 consuetudinem
580 2587 619 2659 in
637 2604 799 2660 montem
817 2587 1014 2666 Olivarum.
1032 2617 1051 2658 n
1071 2588 1190 2660 Ssouti
1208 2602 1292 2659 sunt
1307 2602 1426 2659 autem
1445 2585 1546 2656 illum
1562 2599 1598 2656 et
1618 2583 1793 2682 discipuli.
1811 2585 1864 2652 De

270 2722 394 2778 nostra
409 2709 543 2807 quippe
557 2707 670 2780 salute
687 2709 864 2780 Dominus
883 2708 1069 2798 sollicitus,
1097 2707 1156 2780 die
1177 2707 1421 2807 praedicationi
1445 2703 1670 2795 intendebat,
1697 2718 1803 2774 nocte
1828 2703 1863 2771 in

271 2829 434 2900 oratione
452 2827 698 2926 pernoctabat.
725 2828 779 2900 Ad
796 2852 905 2926 quam
926 2828 1073 2926 quidem
1093 2827 1293 2901 faciendam
1320 2842 1496 2899 secretum
1514 2822 1719 2923 requirebat
1742 2823 1864 2894 locum

273 2963 307 3021 et
321 2973 342 3019 a
355 2950 510 3022 tumultu
523 2949 631 3022 seculi
645 2965 838 3042 remotum,
850 2975 924 3048 quo
933 2951 1058 3050 purius
1071 2952 1143 3022 suis
1154 2947 1439 3049 discipulis->esset
1450 2945 1641 3020 orandum.
1656 2949 1739 3033 Quo
1752 2969 1866 3041 quum

274 3071 348 3168 ipse
370 3073 589 3167 pervenisset
609 3080 715 3168 atque
729 3086 880 3161 orasset,
897 3095 959 3143 eos
970 3095 1116 3168 quoquc
1129 3069 1174 3142 ad
1190 3071 1390 3142 orationem
1407 3069 1549 3157 invitat,
1567 3066 1690 3138 dicens
1708 3091 1715 3133 :
1737 3094 1754 3131 a
1771 3067 1866 3164 Vigi-

274 3190 344 3262 late
362 3203 397 3260 et
411 3205 511 3261 orate
525 3206 565 3263 ut
581 3215 656 3262 non
677 3192 815 3264 intretis
832 3192 869 3264 in
888 3192 1135 3269 tentationem.
1152 3192 1303 3290 Spiritus
1321 3189 1469 3288 quidem
1487 3203 1675 3288 promptus
1694 3201 1764 3276 est,
1784 3213 1867 3262 caro

276 3324 396 3382 autem
412 3309 567 3382 infirma.
588 3341 606 3379 n
625 3315 809 3410 Tanquam
828 3313 858 3384 si
875 3312 1031 3384 diceret:
1056 3311 1211 3383 Prolatio
1230 3311 1333 3384 vobis
1349 3309 1461 3382 facilis
1479 3325 1532 3381 est
1551 3308 1674 3380 adme
1693 3307 1868 3380 confiten-

275 3432 383 3523 dum,
398 3447 531 3505 etcum
547 3438 652 3505 Petro
668 3432 884 3524 dicendum,
900 3435 984 3533 quia
995 3435 1109 3533 parati
1126 3435 1209 3506 estis
1223 3457 1366 3505 mecum
1377 3445 1414 3504 et
1426 3431 1463 3502 in
1482 3453 1662 3502 carcerem
1676 3445 1711 3500 et
1722 3431 1758 3501 in
1772 3455 1869 3502 mor·

276 3573 347 3630 tem
366 3556 434 3646 ire,
456 3555 519 3628 sed
537 3553 657 3642 adino
679 3554 814 3628 infirmi
831 3557 914 3629 estis
941 3581 984 3628 ex
1007 3580 1115 3628 carne
1140 3555 1186 3627 ad
1209 3553 1448 3628 resistendum
1465 3549 1733 3624 tentationibus.
1762 3553 1869 3640 Quod

276 3675 478 3746 humanitas
506 3674 635 3800 Ch'llfi
658 3675 868 3748 imminente
890 3675 1066 3774 passionis
1084 3675 1246 3766 articulo,
1271 3699 1308 3747 se
1325 3674 1371 3746 ad
1391 3674 1591 3746 orationem
1609 3673 1805 3762 convertit,
1836 3688 1871 3743 et

277 3795 471 3893 discipulos
492 3796 578 3868 binc
596 3795 892 3869 scandalizandos
906 3796 952 3869 ad
975 3797 1173 3868 orationem
1195 3798 1372 3882 hortatur,
1393 3810 1557 3892 patenter
1570 3796 1637 3866 nos
1649 3795 1807 3884 instruit,
1825 3820 1871 3868 ne

277 3937 437 4012 unquam
451 3913 498 3985 de
511 3913 645 3988 viribus
659 3917 789 3988 nostris
808 3916 845 3986 in
866 3915 987 4012 aliquo
1007 3913 1167 4012 periculo
1184 3939 1442 4013 praesumamus
1462 3915 1661 4004 constituti,
1686 3913 1770 4010 quia
1795 3937 1869 3986 non
1898 3974 1901 3982 ,

278 4051 329 4110 est
349 4035 489 4108 homini
508 4052 662 4130 mortem
683 4039 883 4110 constantia
902 4035 1089 4135 superare,
1108 4037 1178 4107 nisi
1194 4035 1289 4108 hanc
1308 4037 1475 4107 virtutem
1496 4034 1600 4106 nobis
1616 4034 1774 4105 Domino
1801 4039 1871 4107 mi-

278 4157 461 4228 nistrante.
482 4159 548 4229 Ter
565 4156 602 4228 in
621 4156 691 4228 die·
704 4156 851 4228 Daniel⁸
865 4157 903 4228 in
924 4156 1100 4228 anxietate
1121 4157 1259 4254 positus
1278 4179 1399 4228 orasse
1417 4155 1613 4226 Dominum
1631 4152 1771 4250 legitur,
1791 4169 1870 4226 tan-

279 4299 388 4374 quam
406 4275 504 4348 bunc
520 4301 634 4348 unum
652 4277 689 4348 in
708 4275 820 4348 tribus
838 4276 1001 4376 personis
1019 4275 1228 4373 intelligens.
1252 4277 1393 4346 Trinam
1417 4289 1453 4346 et
1474 4299 1571 4346 nunc
1593 4273 1770 4344 Dominus
1790 4299 1871 4346 ora·

281 4400 417 4470 tionem
434 4397 602 4489 assumit,
623 4423 693 4496 qua
714 4423 837 4471 veram
859 4395 1101 4472 infirmitatem
1123 4399 1239 4470 carnis
1256 4421 1294 4468 se
1311 4395 1443 4468 babere
1461 4395 1725 4485 demonstrans,
1746 4419 1871 4467 verum

280 4543 316 4590 se
329 4517 516 4590 hominem
529 4517 718 4617 probaret,
735 4533 771 4590 et
783 4517 935 4591 similem
949 4516 1054 4589 nobis
1071 4518 1109 4588 in
1128 4517 1297 4591 omnibus
1316 4515 1452 4613 absque
1467 4529 1632 4613 peccato,
1648 4528 1687 4585 ut
1700 4538 1783 4586 vera
1796 4515 1873 4610 ejus

281 4639 397 4734 passio
414 4640 505 4712 sicut
525 4655 561 4711 et
579 4641 696 4712 carnis
709 4641 887 4736 susceptio
901 4617 1078 4711 credatur.
1096 4642 1213 4712 Orans
1233 4639 1353 4736 itaque
1366 4637 1452 4710 dicit
1473 4665 1480 4708 :
1501 4665 1520 4707 <r
1535 4642 1638 4726 Pater
1655 4637 1684 4707 si
1703 4635 1872 4734 possibile

282 4773 346 4850 est,
361 4775 428 4832 etc.
441 4789 461 4829 n
478 4766 523 4833 Et
535 4785 678 4833 rursum
695 4790 702 4832 :
723 4767 873 4852 «Pater,
895 4761 925 4833 si
941 4785 1016 4834 non
1037 4774 1155 4862 potest
1164 4760 1223 4833 bic
1236 4761 1328 4832 calix
1340 4759 1512 4850 transire,
1534 4774 1602 4832 etc.
1619 4788 1637 4827 n
1654 4761 1688 4830 Si
1704 4758 1872 4859 possibile

281 4897 355 4971 est,
376 4881 511 4979 inquit,
538 4881 610 4954 hoc
630 4883 940 4975 est'conveniens,
958 4897 999 4954 ut
1015 4881 1084 4955 alio
1101 4879 1213 4954 modo
1230 4880 1488 4981 redemptionis
1506 4905 1614 4980 quam
1634 4906 1700 4978 per
1717 4895 1872 4953 mortem

282 5024 400 5072 meam
423 5001 536 5099 possit
555 5001 753 5074 humanum
779 5026 890 5100 genus
906 5001 1046 5074 salvari.
1063 5000 1218 5076 Calicem
1230 5001 1316 5072 dicit
1328 5015 1484 5076 mortem
1497 5025 1598 5074 suam
1613 5001 1869 5090 transitoriam,

320 5274 327 5300 ¹
345 5273 428 5337 leam,
439 5290 495 5342 cap.
510 5293 542 5338 x,
554 5293 577 5325 t.
591 5281 615 5325 8.
627 5273 676 5314 -'
691 5277 770 5328 Serm.
786 5293 865 5339 ccxx,
879 5278 939 5340 opp.
951 5286 969 5328 t.
981 5275 1010 5338 tt,
1021 5277 1069 5328 col.
1083 5279 1140 5327 820.
1151 5303 1178 5312 -
1191 5275 1201 5303 ⁸
1213 5276 1287 5335 Dera,
1298 5289 1353 5341 cap.
1367 5289 1407 5338 tt,
1419 5292 1442 5325 v.
1458 5277 1498 5324 to.
