4510 6108
650 639 693 710 lN
717 637 873 710 DlEBUS
897 637 1192 710 ROGATlONUM
1216 636 1377 708 SERMO.
1734 634 1805 706 469

218 782 420 878 stinguitur.
442 769 603 868 Quarum
619 781 736 878 prima
750 803 833 878 pars
854 795 907 851 est
927 780 1107 851 invocatio
1124 805 1196 877 qua
1213 778 1365 851 dicitur:
1387 809 1405 846 ιι
1420 783 1522 850 Pater
1543 791 1665 848 noster
1684 777 1747 874 qui
1768 800 1805 846 es
1849 869 1854 880 ι

220 903 256 972 in
274 901 383 972 coelis.
402 929 419 967 ιι
439 898 577 970 Deinde
594 914 731 997 septem
746 899 937 997 petitiones
953 914 1165 996 sequuntur.
1179 903 1263 970 Tres
1279 923 1366 970 vero
1382 899 1520 996 priores
1538 897 1583 968 ad
1600 901 1715 968 Deum
1728 920 1805 994 per·

220 1022 353 1110 tinent,
368 1034 523 1118 quatuor
533 1044 619 1090 vero
631 1018 774 1115 reliquae
791 1018 837 1091 ad
850 1044 930 1089 nos.
946 1019 1057 1115 Hujus
1071 1018 1178 1114 igitur
1189 1018 1326 1090 ordinis
1338 1017 1564 1089 intendentes
1576 1018 1802 1116 expositioni,
1863 1027 1871 1045 '

219 1140 336 1238 ipsum
352 1139 451 1237 prius
467 1163 611 1210 oremus
628 1139 842 1227 Dominum,
861 1153 902 1208 ut
918 1137 1090 1209 orationis
1106 1163 1178 1209 suae
1200 1137 1306 1210 nobis
1328 1135 1490 1208 conserat
1510 1135 1802 1232 intelligentiam,

217 1283 296 1356 quae
313 1260 427 1356 ipsam
445 1257 550 1329 nobis
568 1257 673 1329 saciat
689 1256 920 1328 fructuosam.
940 1259 1061 1344 Quum
1078 1256 1164 1328 dicit
1182 1284 1190 1326 :
1213 1286 1230 1325 ιι
1244 1261 1359 1346 Pater,
1377 1285 1395 1323 ιι
1414 1257 1682 1355 potiusquam:
1705 1284 1723 1323 ιι
1736 1260 1806 1328 Do·

219 1381 332 1470 mine,
350 1407 368 1446 n
388 1404 454 1450 nos
471 1379 504 1450 ei
520 1403 585 1477 per
602 1402 762 1450 amorem
783 1378 903 1476 potius
924 1361 1034 1474 quam
1058 1402 1123 1477 per
1143 1377 1311 1449 timorem
1336 1375 1508 1470 admonet
1533 1374 1723 1447 deservire.
1747 1377 1799 1446 Ti·

217 1524 315 1569 mere
332 1500 465 1598 quippe
482 1522 669 1570 servorum
685 1513 755 1586 est,
774 1521 894 1570 amare
911 1496 1079 1570 liliorum.
1102 1498 1206 1569 Unde
1222 1511 1260 1591 et
1276 1497 1464 1596 Apostolus
1480 1497 1712 1568 christianam
1728 1522 1802 1568 ser·

217 1619 366 1690 vitutem
392 1617 578 1715 ajudaica
611 1616 853 1713 distinguens,
888 1619 1069 1690 conversis
1095 1618 1171 1714 jam
1200 1616 1329 1689 ludaeis
1361 1616 1530 1688 aiebat¹:
1559 1620 1679 1687 «Non
1705 1617 1802 1688 enim

214 1737 349 1809 subditi
372 1739 455 1808 estis
471 1738 600 1808 iterum
617 1738 654 1807 in
672 1738 819 1825 timore,
838 1734 901 1808 sed
925 1737 1299 1834 accepistis-spiritum
1326 1735 1547 1833 adoptionis,
1571 1736 1608 1807 in
1634 1761 1707 1834 quo
1729 1736 1801 1808 cla·

215 1882 371 1929 mamus:
387 1887 405 1926 ιι
416 1857 527 1946 hbba,
547 1872 691 1955 pater.»
708 1856 915 1927 Notandum
930 1881 1017 1928 vero
1034 1856 1105 1927 hoc
1123 1856 1222 1946 loco,
1239 1882 1353 1953 quum
1370 1856 1513 1947 dicitur,
1532 1859 1672 1946 «Pater,
1687 1884 1704 1923 ιι
1725 1882 1800 1928 non

213 2001 325 2048 unam
342 1992 481 2049 tantum
498 1978 676 2048 Trinitatis
692 2000 885 2075 personam
908 1975 1073 2074 intelligi,
1092 1976 1155 2048 sed
1181 1977 1427 2049 indifferenter
1453 1976 1499 2048 ad
1525 1981 1642 2048 Deum
1667 1963 1800 2048 oratio·

212 2121 297 2167 nem
315 2097 435 2194 dirigi,
460 2099 518 2168 cni
535 2098 774 2168 communiter
790 2121 810 2168 a
827 2096 991 2198 fidelibus
1012 2122 1076 2195 per
1097 2122 1258 2169 amorem
1279 2097 1489 2169 deservitur.
1509 2101 1588 2169 Non
1610 2097 1801 2171 mediocris

212 2216 355 2287 videtur
370 2216 619 2320 benivolentiae
635 2217 810 2314 captatio,
828 2241 941 2313 quum
958 2241 1042 2287 eum
1058 2242 1167 2313 quem
1183 2241 1328 2288 oramus
1345 2231 1484 2316 patrem
1502 2242 1685 2308 vocamus,
1699 2221 1801 2316 quasi
1890 2245 1895 2252 ·

212 2359 254 2406 ex
276 2350 351 2408 tam
373 2336 470 2432 dulci
495 2337 642 2408 nomine
670 2335 717 2407 ad
740 2351 896 2433 paternae
924 2335 1134 2408 dilectionis·
1150 2335 1318 2407 affectum
1343 2353 1547 2428 moveatur,
1571 2353 1606 2410 et
1628 2364 1703 2410 non
1725 2355 1800 2410 tam

211 2453 312 2551 quod
342 2456 452 2526 servis
482 2479 592 2552 quam
618 2453 717 2552 quod
745 2453 826 2526 siliis
852 2453 984 2526 debeat
1016 2454 1238 2527 recordettn.
1272 2459 1393 2542 Quum
1431 2456 1518 2528 dicit
1552 2461 1799 2558 unusquisque

213 2606 232 2642 ιι
244 2591 366 2648 noster
385 2605 400 2643 ιι
422 2578 542 2674 potius
569 2599 678 2672 quam
705 2600 823 2665 meus,
851 2575 965 2646 filium
983 2599 1020 2647 se
1043 2577 1109 2647 Dei
1130 2601 1194 2674 per
1217 2575 1450 2675 adoptionem
1479 2578 1578 2676 quod
1605 2605 1799 2654 commune

209 2695 331 2768 multis
353 2711 421 2786 est,
449 2697 698 2794 potiusquam
720 2719 784 2794 per
809 2694 1062 2786 substantiam,
1092 2696 1193 2794 quod
1218 2696 1328 2768 solius
1349 2697 1479 2769 Christi
1499 2714 1569 2789 est,
1592 2700 1795 2799 profitetur.

208 2819 304 2886 Bene
328 2831 448 2887 autem
480 2815 555 2887 haee
590 2815 730 2887 oratio’
749 2841 824 2887 non
850 2814 1091 2912 singulariter,
1116 2815 1179 2888 sed
1202 2816 1385 2915 pluraliter
1411 2805 1457 2891 ab
1483 2843 1704 2918 unoquoque
1737 2824 1794 2915 fit,

207 2961 322 3032 quum
352 2935 510 3006 dicitur:
541 2951 680 3025 noster,
709 2936 766 3007 vel
800 2951 981 3026 nostrum,
1016 2937 1121 3008 nobis
1141 2936 1198 3008 vel
1225 2963 1308 3026 nos,
1336 2940 1589 3038 potiusquam
1618 2967 1719 3016 meus
1739 2946 1797 3016 vel

207 3080 349 3144 meum,
376 3055 432 3126 vel
458 3054 546 3126 mihi
575 3054 633 3126 vel
659 3080 717 3126 me
737 3085 745 3126 :
765 3057 850 3153 quia
881 3071 981 3129 tanto
1004 3056 1138 3128 facilius
1163 3057 1395 3155 impetramus
1422 3060 1522 3157 quod
1551 3063 1792 3160 postulamus,

204 3189 345 3270 quanto
370 3199 435 3273 per
465 3174 627 3245 fraternae
655 3175 855 3247 dilectionis
880 3175 1048 3246 allectum
1069 3175 1158 3248 alios
1184 3177 1290 3248 nobis
1316 3179 1352 3248 in
1375 3181 1587 3272 orationem,
1601 3183 1791 3261 sociamus.

207 3325 226 3358 ιι
247 3295 319 3380 Qui
343 3294 379 3365 in
407 3293 503 3365 coelis
526 3319 581 3384 es,
602 3323 618 3360 u
646 3293 718 3365 hoc
740 3309 792 3366 est
812 3321 878 3395 per
904 3296 1053 3392 gratiam
1078 3295 1256 3368 inhabitas
1281 3299 1317 3368 in
1344 3298 1399 3370 his
1423 3301 1486 3396 qui
1507 3304 1607 3400 quasi
1635 3303 1809 3388 coelestes,

201 3432 307 3505 sunt,
327 3415 457 3487 coelum
473 3418 592 3515 potins
608 3441 718 3515 quam
735 3431 867 3489 terram
883 3417 1102 3508 habitantes,
1122 3421 1210 3490 etin
1228 3421 1493 3516 superioribus,
1513 3406 1588 3494 non
1606 3426 1643 3496 in
1661 3425 1793 3500 infimis

200 3535 403 3614 constituti.
423 3541 476 3607 De
496 3537 661 3634 qualibus
676 3539 853 3609 Dominus
869 3539 934 3609 ait³
953 3566 961 3608 ε
983 3567 1001 3606 ιι
1017 3537 1156 3610 Coelum
1172 3539 1260 3610 mihi
1277 3539 1378 3612 sedes
1395 3556 1464 3632 est,
1481 3571 1498 3610 ιι
1517 3543 1588 3615 hoc
1605 3562 1658 3617 est
1673 3549 1795 3621 anima

198 3656 368 3728 sublimis
384 3658 574 3730 virtutibus
590 3674 626 3729 et
642 3658 826 3730 desideriis
848 3659 989 3732 fervens
1005 3660 1235 3758 spiritalibus.

256 3809 274 3846 ιι
288 3777 535 3850 Sanctificetur
551 3803 684 3850 nomen
702 3794 818 3858 tuum.
833 3807 851 3846 ιι
870 3785 953 3851 Post
969 3781 1236 3852 invocationem
1252 3783 1443 3878 petitiones
1460 3784 1638 3883 adjungit,
1659 3805 1693 3860 et
1710 3792 1793 3887 qnia

194 3899 283 3996 plus
313 3897 462 3994 gloriam
481 3899 546 3969 Dei
572 3924 682 3996 quarn
707 3898 896 3970 utilitatem
919 3913 1079 3969 nostram
1105 3923 1263 3995 quaerere
1287 3926 1354 3971 nos
1377 3907 1547 3976 convenit
1564 3906 1643 4001 (hic
1659 3910 1793 4007 qnippe

172 4073 179 4084 .
194 4016 285 4088 linis
297 4042 373 4088 esse
385 4017 493 4088 debet
503 4019 540 4087 in
555 4017 723 4088 omnibus
735 4041 813 4115 quae
826 4019 981 4113 agimus,
993 4031 1034 4087 ut
1046 4016 1263 4114 glorificetur
1275 4019 1403 4117 Deus),
1416 4036 1487 4094 tres
1498 4025 1572 4094 istae
1585 4029 1788 4122 petitiones,

192 4152 237 4210 ut
257 4137 431 4227 diximus,
449 4139 586 4236 priores
607 4136 904 4234 glorificationem
925 4137 1000 4233 ejus
1016 4137 1212 4238 postulant.
1231 4142 1296 4210 Per
1313 4141 1535 4214 Ezechielem
1551 4147 1728 4217 Dominus
1744 4148 1791 4220 de

189 4259 367 4356 reprobis
387 4258 514 4330 ludaeis
535 4282 777 4355 conquerenS,
801 4273 837 4328 et
858 4283 919 4330 eos
940 4258 1150 4358 increpans,
1174 4258 1237 4330 ait*
1257 4288 1265 4329 :
1288 4288 1306 4328 ιι
1321 4264 1460 4333 Nomen
1482 4280 1646 4336 sanctum
1668 4293 1790 4339 meum

186 4379 303 4476 quod
330 4377 503 4476 polluistis
527 4379 563 4448 in
591 4377 767 4474 gentibus.
783 4405 800 4446 ιι
828 4382 946 4465 Quam
971 4392 1006 4449 et
1029 4379 1219 4477 Apostolus
1244 4383 1458 4454 sententiam
1478 4384 1671 4477 inducens,
1695 4389 1785 4460 ait⁸:

187 4531 207 4566 ιι
227 4505 378 4570 Nomen
395 4498 491 4570 enim
507 4499 573 4570 Dei
589 4523 652 4596 per
672 4523 737 4570 vos
757 4497 1026 4596 blasphematur
1047 4500 1140 4571 inter
1162 4515 1300 4596 gentes,
1324 4503 1415 4574 sicut
1431 4493 1603 4602 scriptum
1620 4521 1689 4597 est,
1708 4538 1725 4576 ιι
1750 4511 1785 4582 in

182 4619 269 4692 boc
289 4622 382 4718 ipso,
398 4618 543 4707 scilicet,
558 4633 597 4690 ut
609 4618 746 4689 dictum
758 4634 811 4689 est
822 4645 886 4717 per
898 4618 1124 4718 prophetam.
1141 4620 1456 4708 Quemadmodum
1471 4649 1556 4722 ergo
1569 4653 1703 4700 nomen
1720 4633 1787 4703 Dei

179 4723 314 4840 pollui
326 4741 399 4811 sive
415 4739 673 4838 blasphemari,
685 4738 757 4809 boc
771 4753 825 4809 est
835 4738 975 4810 irrideri
989 4739 1045 4810 vel
1059 4739 1220 4812 vilificari
1232 4742 1278 4813 ab
1291 4741 1494 4816 infidelibus
1506 4746 1661 4841 videtur,
1675 4775 1787 4846 quum

177 4859 367 4962 'perverse
388 4885 490 4956 agere
506 4859 644 4930 videret
660 4859 800 4956 eosqui
816 4883 853 4930 se
870 4859 1046 4958 populum
1062 4861 1128 4932 Dei
1143 4861 1324 4934 vocabant
1342 4891 1349 4933 :
1370 4865 1418 4936 ita
1434 4891 1454 4936 e
1470 4867 1652 4939 contrario
1669 4870 1787 4967 ipsum

215 5171 224 5196 ⁸
249 5171 345 5227 Horu,
358 5183 412 5234 cap.
425 5183 480 5230 rm,
495 5184 519 5216 r.
536 5171 575 5219 15.
585 5195 616 5205 -
626 5165 635 5194 ¹
646 5167 687 5218 Sic
698 5167 761 5218 Cod.
777 5167 862 5218 Vict-
873 5167 974 5218 Oratio-
1015 5186 1027 5210 ι
1037 5183 1099 5219 moa.
1112 5187 1124 5210 ι
1137 5167 1221 5232 (tute
1230 5183 1284 5233 cap.
1297 5185 1367 5231 exn,
1378 5187 1402 5220 v.
1419 5171 1503 5236 t.)-⁴
1514 5173 1613 5234 Erech..
1623 5190 1679 5243 cap.
1694 5194 1783 5242 xxxvi,

169 5271 235 5307 nm
251 5252 331 5304 Edit.
341 5251 556 5302 tmb.-⁸·11aec
568 5251 629 5303 dicit
639 5251 890 5303 corutum-cetum
901 5251 974 5303 sedes
1014 5253 1437 5322 v.2t.-¹uom.,csp.n‚v.tt.
1518 5307 1523 5316 ,
