4588 6106
918 675 1157 748 EPlSTOLAE.
1767 669 1844 740 2t5·

249 836 345 890 nem.
366 817 474 905 Quod
498 832 533 889 et
552 817 700 890 facimus
718 817 754 888 in
775 818 956 917 principiis
976 819 1139 890 omnium
1160 818 1331 889 horarum
1348 867 1362 906 ,-
1378 815 1416 886 in
1434 809 1621 912 precipuis
1638 809 1840 884 solemnite-

248 937 344 1010 tibus
363 938 566 1028 cantando,
597 939 731 1010 caeteris
755 938 881 1011 diebus
912 940 988 1010 sine
1015 954 1141 1011 cantu.
1158 934 1445 1010 Hebdomadaria
1464 933 1604 1030 incipit,
1630 959 1647 1000 a
1662 931 1818 1007 Domine
1829 978 1846 1019 ‚-

250 1058 341 1131 labia
359 1083 460 1150 mea,
478 1087 496 1127 n
518 1075 553 1130 et
565 1060 816 1158 prosequimur
827 1059 990 1131 divinum
1004 1059 1162 1131 officium
1177 1113 1186 1150 ,
1204 1059 1305 1156 juxta
1316 1053 1613 1130 consuetudinem
1627 1053 1840 1151 regularium

251 1179 490 1252 ecclesiarum.
515 1185 598 1252 Post
612 1179 748 1278 vigilias
763 1181 969 1279 egredimur
986 1205 1136 1270 omnes,
1159 1195 1193 1252 et
1207 1178 1370 1254 firmatur
1389 1176 1608 1264 oratorium,
1624 1176 1653 1246 si
1669 1175 1745 1248 dies
1766 1203 1840 1248 non

251 1301 366 1392 fuerit,
380 1316 414 1372 et
423 1324 575 1372 accenso
585 1301 733 1392 lumine,
745 1303 781 1373 in
793 1301 949 1402 capitulo
959 1300 1168 1399 sedentque
1177 1300 1339 1372 lectionis
1349 1298 1405 1370 vel
1413 1297 1531 1397 operis
1540 1295 1759 1393 indigent.‘Si
1767 1297 1842 1369 dies

251 1422 366 1512 fuerit,
381 1424 671 1520 statimsequitur
682 1425 812 1524 prima.
828 1425 865 1494 ln
879 1421 1125 1495 festivitatibus
1138 1438 1173 1495 et
1189 1421 1380 1494 dominicis
1393 1418 1532 1508 diebus,
1551 1419 1624 1490 sive
1638 1417 1838 1508 diesfuerit,

250 1547 323 1618 sive
342 1546 554 1637 confuerit,
577 1547 789 1619 revertimur
806 1571 933 1618 omnes
953 1547 989 1618 in
1008 1546 1273 1637 dormitorium,
1293 1558 1484 1645 pausantes
1496 1541 1533 1612 in
1546 1539 1704 1630 lectulis,
1725 1540 1842 1613 donec

251 1665 308 1736 die
327 1665 455 1737 clarius
468 1647 718 1758 illucescente,
739 1666 786 1738 ad
808 1667 967 1738 sonitum
979 1665 1180 1737 dormitorii
1193 1665 1379 1738 veniamus
1398 1664 1433 1733 in
1447 1661 1652 1733 claustrum.
1680 1659 1843 1732 Pulsatur

249 1787 386 1885 prima,
408 1802 443 1858 et
460 1786 610 1859 faciente
631 1789 772 1885 signum
797 1786 986 1886 priorissa,
1009 1787 1230 1885 ingredimur
1248 1809 1375 1858 omnes
1393 1783 1601 1872 ecclesiam,
1621 1781 1843 1880 praecedente

249 1906 372 1978 schola
394 1921 430 1979 et
445 1907 660 2002 junioribus.
683 1907 850 1980 Similiter
864 1923 947 1980 ante
969 1931 1096 1979 omnes
1113 1907 1244 1997 boras,
1267 1920 1472 2005 expectatur
1489 1905 1630 2002 signum
1653 1902 1858 2001 priorissa:

251 2031 340 2098 Ante
357 2027 534 2125 primam,
559 2025 599 2098 fit
618 2027 733 2098 oratio
748 2028 841 2100 inter
854 2027 1010 2117 formas,
1032 2029 1123 2098 sicut
1139 2041 1222 2098 ante
1243 2025 1388 2124 vigilias.
1406 2031 1490 2096 Post
1503 2024 1669 2124 primam,
1685 2023 1844 2119 sequitur

251 2150 356 2220 missa
375 2147 604 2220 matutinalis.
628 2148 715 2220 lude
732 2149 803 2222 itur
820 2147 857 2220 in
871 2147 1092 2248 capitulum,
1109 2163 1144 2219 et
1162 2146 1253 2220 frunt
1267 2147 1498 2240 clamationes
1510 2153 1548 2217 et'
1559 2143 1841 2232 emendationes

247 2251 346 2362 juxta
367 2267 518 2339 modum
543 2268 750 2366 culparum,
784 2268 1071 2341 consideratione
1095 2269 1248 2340 tenentis
1277 2265 1484 2365 capitulum.
1507 2265 1730 2353 Quibusdam
1755 2266 1845 2338 sole-

251 2385 457 2458 mnitatibus
470 2389 620 2459 veniunt
636 2413 778 2460 sorores
797 2389 833 2460 in
853 2387 1071 2487 capitulum,
1090 2403 1125 2459 et
1143 2386 1381 2460 emendantur
1398 2385 1510 2485 culpae
1524 2407 1659 2458 earum.
1682 2388 1845 2474 Quoties·

251 2533 392 2606 cunque
419 2524 539 2584 autem
566 2509 690 2581 fratres
719 2510 878 2607 graviter·
900 2508 1136 2607 delinquunt,
1160 2523 1335 2581 vocantur
1364 2509 1399 2578 iu
1423 2506 1640 2608 capitulum,
1667 2522 1844 2579 eteorum
1917 2533 1920 2538 ·

251 2631 436 2702 communi
460 2629 618 2728 capitulo
646 2630 874 2726 corriguntur
888 2662 902 2719 ,·
930 2645 967 2701 ut
993 2630 1120 2726 majori
1148 2627 1416 2700 confundantur
1437 2627 1693 2701 erubescentia.
1724 2631 1845 2700 Praeci-

252 2751 331 2849 puis
349 2750 655 2840 solemnitatibus,
680 2749 834 2822 habetur
850 2775 968 2822 sermo
989 2753 1025 2821 in
1045 2750 1214 2848 capitulo.
1235 2754 1390 2845 Egressse
1407 2748 1454 2821 de
1478 2747 1658 2847 capitulo,
1678 2773 1845 2821 vacamus

251 2869 394 2941 lectioni
416 2871 592 2968 usquead
612 2871 774 2962 tertiam,
797 2871 825 2942 si
843 2869 935 2942 hora
952 2871 1165 2969 permiserit.
1190 2871 1357 2967 Sequitrn·
1377 2869 1501 2960 tertia,
1522 2885 1557 2941 et
1581 2869 1697 2965 major
1724 2870 1839 2942 missa.

250 2993 416 3090 Sequitur
428 3008 461 3064 et
476 3007 571 3064 sexta
583 2992 660 3063 sine
677 2989 877 3062 intervallo.
897 2985 982 3062 Post
994 3005 1129 3061 sextam
1141 3005 1158 3079 ,'-
1172 2987 1494 3062 vacamuslectioni
1507 3013 1621 3086 usque
1633 2988 1680 3060 ad
1693 3013 1840 3061 nonam.

252 3113 419 3184 Ministrae
444 3129 480 3185 et
497 3113 626 3186 lectrix·
649 3112 829 3211 accipiunt
856 3112 1019 3182 mixtum.
1052 3115 1137 3182 Post
1158 3132 1314 3200 nonam,
1346 3108 1566 3207 ingredimur
1591 3109 1841 3203 relectorium,

252 3234 396 3305 auditur
411 3233 516 3306 lectio
534 3255 778 3306 cumsummo
800 3231 963 3318 silentio,
987 3245 1023 3303 et
1041 3231 1077 3302 in
1092 3229 1225 3302 caeteris
1239 3230 1404 3304 ordinem
1419 3230 1632 3328 regularium
1647 3234 1840 3329 sequimur.

250 3353 355 3424 Dicto
375 3385 392 3422 a
411 3359 461 3426 Tu
489 3370 626 3444 erstem,
656 3383 675 3420 »
706 3351 936 3452 procedimus
961 3350 1124 3422 ordinate
1161 3351 1289 3448 gratias
1321 3365 1525 3442 cantantes,
1557 3367 1591 3423 et
1625 3351 1846 3449 ingredimur
1885 3421 1889 3436 ,

252 3476 460 3546 oratorium.
482 3476 605 3547 Finitis
633 3475 752 3572 gratiis
771 3475 808 3545 in
828 3473 994 3562 ecclesia,
1020 3472 1241 3570 ingredimur
1259 3473 1478 3573 capitulum,
1499 3489 1533 3545 et
1550 3475 1769 3545 conveniunt
1787 3501 1844 3546 so·

252 3594 482 3687 rores-laicae,
506 3612 541 3667 et
559 3595 752 3693 exponitur
769 3591 903 3692 aliquid
920 3591 1163 3664 aedificationis
1182 3592 1218 3662 in
1236 3594 1418 3664 communi
1439 3591 1642 3682 audientia,
1672 3593 1846 3666 referente

251 3714 308 3787 illa
324 3717 385 3787 cui
401 3717 602 3814 injunctum
621 3715 736 3787 fuerit.
765 3717 802 3786 Si
827 3729 969 3813 tempus
996 3712 1228 3812 superfuerit,
1258 3713 1424 3786 sedemus
1443 3715 1479 3784 in
1497 3713 1650 3786 claustro
1670 3715 1845 3813 usquead

253 3855 426 3935 vesperas.
448 3841 645 3909 Cantantur
666 3861 832 3936 vesperae.
852 3834 1046 3907 Sciendum
1066 3849 1141 3924 est,
1171 3834 1255 3931 quia
1282 3833 1380 3905 nulla
1397 3833 1550 3906 chorum
1570 3835 1749 3932 egreditur
1769 3838 1845 3908 sine

185 3953 204 4050 ‚⁸
251 3955 402 4029 licentia.
426 3963 510 4030 Post
529 3982 712 4057 vesperas,
734 3956 900 4030 sedemus
921 3957 958 4027 in
976 3955 1156 4047 claustro,
1182 3953 1420 4038 meditationi,
1430 3957 1638 4048 servientes,
1660 3957 1749 4028 etin
1768 3983 1846 4028 cor·

251 4077 354 4151 dibus
372 4096 536 4171 orantes,
558 4079 693 4178 absque
718 4079 843 4177 signis,
864 4079 1007 4178 penitus
1034 4103 1117 4149 cum
1140 4101 1283 4148 summo
1307 4076 1460 4149 silentio.
1479 4081 1568 4150 Ante
1589 4077 1842 4169 collationem,

252 4199 408 4273 bibimus
429 4203 466 4272 in
486 4202 687 4274 refectorio.
708 4199 996 4274 Hebdomadaria
1010 4199 1169 4271 donante
1181 4197 1492 4289 benedictionem,
1513 4200 1632 4272 statim
1643 4200 1847 4272 accedimus

253 4321 297 4394 ad
314 4321 565 4414 collationem,
587 4323 685 4395 nulla
704 4323 902 4397 divertente
917 4321 1059 4394 alicubi.
1079 4326 1163 4392 Post
1175 4320 1424 4410 collationem,
1441 4335 1626 4394 cantamus
1648 4323 1685 4392 in
1698 4321 1846 4394 ecclesia

253 4444 542 4544 completorium.
565 4448 671 4518 Dicto
692 4447 962 4544 r'llequiescant
976 4447 1014 4516 in
1031 4467 1138 4544 pace,
1159 4473 1176 4511 n
1196 4444 1345 4515 facimus
1363 4444 1563 4516 orationem
1579 4443 1673 4516 inter
1698 4444 1842 4518 formas.

255 4563 305 4634 ld
323 4567 464 4663 signum
483 4565 668 4638 abbatisse
685 4566 741 4637 vel
758 4566 935 4664 priorissae
951 4581 1098 4654 erectae,
1118 4564 1370 4661 consignamus
1384 4589 1470 4656 noS,
1493 4579 1527 4637 et
1546 4563 1766 4662 egredientes
1783 4592 1847 4664 per

254 4683 439 4776 ordinem,
470 4679 680 4786 incipientes
703 4711 724 4758 a
743 4684 965 4775 senioribus,
993 4686 1147 4784 aspergit
1168 4709 1236 4757 nos
1261 4709 1354 4783 aqua
1379 4684 1568 4758 benedicta
1590 4685 1769 4759 abbatissa
1790 4688 1846 4758 vel

253 4807 429 4903 priorissa.
455 4808 693 4880 ascendentes
710 4809 747 4879 in
763 4807 1034 4900 dormitorium,
1054 4806 1322 4880 divertimusatl
1335 4805 1485 4881 lectulos
1500 4824 1663 4900 nostros,
1686 4826 1721 4882 et
1737 4811 1846 4882 collo-

253 4951 374 4999 camus
393 4953 462 5000 nos
478 4915 611 5001 vestitae
627 4944 663 5001 et
679 4930 805 5001 cinctoe
816 4929 986 5025 jacentes.

299 5053 355 5119 De
381 5047 566 5122 dominicis
590 5048 720 5121 dabber.
736 5049 931 5136 ff-niebus
958 5050 1170 5140 dominicis,
1201 5049 1436 5124 exeuntesde
1461 5052 1640 5151 capitulo,
1668 5055 1854 5152 accipiunt·
1952 5097 1955 5112 ·

252 5189 382 5264 aquam
400 5169 625 5242 benedictam
645 5169 690 5241 ab
711 5169 887 5242 abbatissa
907 5169 965 5241 vel
983 5172 1173 5268 priorissa,
1195 5185 1228 5242 et
1250 5170 1397 5242 facimus
1413 5173 1681 5269 processionem
1696 5173 1730 5244 in
1749 5174 1845 5245 clau·

253 5301 347 5378 stro,
371 5314 442 5361 una
461 5306 626 5388 portante
644 5316 808 5382 crucem,
831 5305 865 5362 et
885 5289 1024 5363 duabus
1042 5316 1176 5363 cereos.
1198 5296 1453 5381 Postsextam,
1474 5290 1665 5366 reficimus.
1694 5297 1861 5365 Post-re*
