4536 6102
797 557 1029 632 excosmo
1054 553 1255 628 sunnon.
1666 574 1669 584 ·
1749 551 1819 624 605

166 784 169 790 1
237 694 325 780 suit,
344 694 444 790 quod
459 709 494 765 et
510 713 688 766 summam
704 693 788 766 fidei
806 694 1147 792 comprehenderet,
1170 708 1206 765 et
1226 690 1420 764 verborum
1447 689 1674 762 multitudine
1702 689 1820 762 conh-

239 827 373 884 tcntem
390 838 465 884 non
483 828 657 910 gravaret.
677 817 754 885 Hoc
771 829 891 886 autem
908 815 995 886 illud
1015 813 1184 912 estquod
1204 837 1279 884 non
1302 811 1556 900 conciliorum,
1577 809 1638 882 sed
1657 809 1818 908 ipsorum

239 955 314 1002 esse
331 932 488 1004 creditur
503 932 749 1029 apostolorum
771 962 779 1003 :
800 949 836 1004 et
848 935 947 1029 juxta
966 913 1156 1006 numeruni
1180 955 1306 1004 eorum
1322 931 1474 1004 totidem
1489 930 1673 1001 sententiis
1690 929 1821 1000 dicitur

238 1050 553 1146 comprehensum.
579 1051 790 1148 Symbolum
816 1067 936 1124 autern
961 1052 1103 1122 collatio
1127 1051 1269 1139 dicitur,
1298 1049 1444 1146 quando
1465 1048 1631 1120 videlicet
1654 1046 1822 1119 homines

238 1169 463 1240 convivaturi
474 1185 593 1267 partes
604 1195 685 1242 suas
697 1171 733 1241 in
750 1196 865 1242 unum
882 1171 1090 1258 conserunt,
1102 1169 1199 1240 unde
1217 1168 1494 1240 comessationes
1510 1165 1610 1238 liant.
1625 1168 1717 1237 Hinc
1734 1165 1822 1238 illud

240 1289 344 1358 estin
367 1287 606 1358 Proverbiis¹2
629 1289 740 1360 «Noli
760 1315 836 1361 esse
861 1291 897 1360 in
915 1290 1088 1361 conviviis
1105 1303 1330 1386 potatorum,
1354 1312 1420 1358 nec
1441 1289 1477 1356 in
1503 1286 1823 1358 comessationibus

239 1431 366 1478 corum
382 1410 444 1504 qui
462 1433 586 1480 carnes
610 1409 655 1479 ad
677 1394 895 1481 vescendum
920 1409 1112 1481 conserunt
1136 1437 1143 1478 :
1169 1408 1253 1505 quia
1280 1422 1446 1478 vacantes
1467 1405 1625 1503 potibus,
1646 1385 1682 1478 et
1698 1406 1824 1477 dantes

239 1525 419 1622 symbola,
449 1543 724 1600 consumuntur.
752 1557 770 1598 n
794 1530 848 1599 Ad
872 1528 966 1600 hanc
988 1529 1107 1626 itaque
1130 1527 1399 1598 similitudinem
1424 1525 1629 1622 symbolum
1654 1525 1823 1597 dicuntur

239 1647 463 1718 diversorum
479 1643 716 1718 sententiae'in
734 1673 847 1719 unum
864 1663 1098 1744 congregatae,
1115 1669 1293 1720 summam
1310 1645 1393 1717 fidei
1409 1646 1646 1732 continentes.
1667 1645 1770 1718 Unde
1788 1660 1823 1716 et

238 1763 412 1835 Eusebius
422 1765 609 1836 Emisenos
625 1763 774 1837 homilia
789 1765 832 1835 dc
848 1771 875 1836 S
873 1764 1012 1856 ymbolo
1030 1764 1132 1836 Frilei
1144 1792 1152 1833 :
1170 1793 1186 1831 u
1202 1766 1300 1835 Sicut
1309 1762 1492 1834 nonnullis
1502 1765 1592 1836 scire
1608 1766 1822 1860 permissum

238 1898 308 1970 cst,
336 1882 433 1979 apud
458 1899 597 1955 veteres
623 1883 786 1980 symbola
809 1887 1047 1974 vocabantur,
1066 1884 1165 1981 quod
1191 1884 1236 1954 de
1264 1883 1462 1955 substantia
1485 1882 1625 1954 collecti
1646 1884 1683 1953 in
1710 1910 1822 1956 unum

237 2001 378 2072 sodales
394 2003 431 2072 in
449 2002 570 2072 medio
586 2000 820 2074 conserebant
836 2004 882 2074 ad
896 2003 1074 2074 solemnes
1086 2003 1222 2099 epulas,
1235 2003 1281 2074 ad
1290 2027 1401 2074 coenae
1412 2027 1624 2073 communes
1635 2026 1820 2102 expensas,

237 2122 288 2190 ita
306 2136 342 2190 et
357 2119 596 2190 Ecclesiarum
611 2135 729 2218 patres
745 2122 791 2192 de
811 2121 1029 2219 populorum
1049 2121 1161 2192 salute
1178 2120 1336 2204 solliciti,
1356 2145 1398 2190 ex
1416 2120 1563 2192 diversis
1579 2123 1822 2196 voluminibus

238 2244 502 2338 scripturarum
518 2239 738 2335 collegerunt
756 2241 961 2312 testimonia
977 2241 1107 2310 divinis
1127 2239 1274 2336 gravida
1290 2241 1538 2329 sacramentis,
1558 2241 1604 2312 ad
1620 2243 1820 2314 animarum

239 2372 384 2455 pactum
400 2357 541 2429 salubre
558 2359 778 2446 convivium,
791 2358 903 2429 verba
917 2358 1053 2447 brevia,
1066 2371 1152 2444 etc,
1164 2372 1200 2428 et
1210 2356 1282 2427 hoc
1291 2357 1497 2454 symbolum
1507 2361 1823 2431 nominaverunt.»

240 2483 301 2549 Est
316 2481 450 2577 quippe
477 2480 579 2576 quasi
606 2479 793 2576 quoddam
814 2479 972 2576 spiritale
992 2478 1200 2550 convivium
1221 2478 1333 2548 divini
1355 2477 1455 2549 verbi
1471 2478 1636 2569 refectio,
1660 2495 1696 2549 et
1722 2484 1824 2578 quasi

240 2598 404 2694 quaedam
429 2622 554 2670 mensa
577 2600 760 2695 Scriptura
786 2597 892 2669 nobis
915 2599 1102 2695 apposita,
1122 2598 1158 2668 in
1181 2621 1253 2693 qua
1278 2611 1332 2667 tot
1357 2612 1441 2667 sunt
1466 2597 1599 2670 lerctda
1623 2614 1713 2695 quot
1741 2617 1837 2672 sunt·

241 2716 431 2789 doctorum
449 2717 644 2788 sententiae.
665 2720 717 2786 De
737 2716 805 2787 hac
822 2741 946 2787 mensa
961 2718 1134 2813 scriptum
1152 2719 1224 2785 est¹
1244 2744 1251 2785 :
1274 2745 1291 2781 α
1311 2715 1385 2785 Fiat
1407 2739 1530 2788 mensa
1557 2709 1684 2786 eorum
1703 2741 1825 2788 coram

241 2837 326 2933 ipsis
336 2838 372 2906 in
388 2837 570 2932 laqueum.
588 2863 604 2902 n
624 2839 714 2906 Item
730 2833 773 2905 de
786 2840 886 2905 Pane
902 2834 1013 2906 divini
1029 2833 1152 2906 Verbi³
1172 2861 1179 2904 :
1199 2863 1217 2902 u
1232 2838 1312 2905 Non
1330 2836 1367 2904 in
1384 2834 1462 2904 solo
1482 2859 1575 2932 pane
1591 2837 1679 2906 vivit
1696 2835 1823 2924 homo,

240 2955 361 3025 sedin
384 2957 484 3025 omni
509 2953 621 3025 verbo
638 2954 738 3051 quod
759 2955 922 3052 procedit
942 2954 988 3025 de
1012 2978 1074 3024 ore
1096 2954 1174 3024 Dei.
1199 2981 1217 3020 n
1240 2952 1311 3023 Sed
1332 2955 1439 3023 etiam
1465 2950 1563 3050 apud
1588 2952 1825 3052 philosophos

246 3078 397 3147 Te'mceus
421 3076 577 3168 Platonis
605 3074 827 3147 diversarum
857 3045 1100 3175 collationffl
1110 3074 1367 3146 sententiarum
1395 3073 1462 3144 sub
1490 3073 1607 3170 specie
1639 3073 1825 3169 cujusdam

241 3196 396 3264 convivii
421 3195 627 3290 componit,
651 3193 794 3266 dicens*
813 3222 820 3264 :
843 3201 993 3283 «Unus,
1012 3195 1105 3282 duo,
1133 3209 1220 3283 tres,
1240 3207 1408 3292 quartum
1434 3193 1619 3264 enimvero
1644 3187 1841 3280 vestrum,

240 3313 380 3398 Timaee,
398 3313 560 3409 requiro,
580 3313 641 3409 qui
659 3312 815 3384 hesterni
826 3313 924 3411 epuli
944 3314 1105 3385 convivae
1126 3311 1273 3401 fueritis,
1291 3311 1458 3383 hodierni
1483 3310 1689 3409 praebitores
1707 3329 1825 3383 muta·

241 3444 336 3500 tores
353 3455 394 3500 ex
411 3431 580 3500 condicto
593 3431 824 3502 resideatis'»
839 3432 1003 3528 legimus
1013 3447 1200 3503 etcoenam
1211 3431 1398 3528 Cypriani,
1412 3431 1450 3501 in
1467 3454 1539 3526 qua
1555 3430 1669 3502 sancti
1684 3446 1820 3528 patres,

241 3552 341 3646 quasi
363 3550 527 3648 quaedam
551 3550 682 3622 fercula
700 3552 890 3640 virtutum,
909 3552 1040 3648 quibus
1066 3551 1342 3648 praeminebant,
1371 3550 1561 3622 offerentes
1590 3550 1823 3624 inducuntur.

241 3673 297 3741 Sic
313 3685 348 3742 et
364 3670 518 3768 apostoli
540 3685 715 3768 tanquam
739 3673 893 3742 invicem
918 3671 1156 3760 conferentes,
1183 3671 1370 3742 communi
1390 3668 1648 3742 deliberatione
1672 3692 1827 3768 praesens

244 3787 325 3860 fidei
337 3789 542 3886 symbolum
554 3788 750 3861 creduntur
764 3791 975 3880 instituisse;
990 3789 1028 3860 in
1038 3815 1113 3886 quo
1126 3803 1161 3860 et
1173 3789 1258 3860 fidei
1267 3788 1452 3861 catholicae
1467 3814 1620 3878 summa,
1640 3806 1680 3860 ut
1692 3791 1828 3864 dictum

242 3922 311 3994 cst,
339 3906 525 3997 doceatur,
549 3923 584 3979 et
607 3910 682 4003 ejus
701 3907 853 3979 salubris
869 3906 1046 3979 consessio
1063 3909 1185 4004 paucis
1207 3907 1325 3978 verbis
1346 3907 1551 3979 conferatur
1573 3937 1580 3977 :
1605 3924 1645 3980 ut
1665 3909 1771 3980 simul
1793 3925 1828 3980 et

243 4028 407 4100 doctrina
432 4028 516 4100 fidei
542 4030 587 4100 sit
612 4027 781 4125 perlecta,
801 4043 836 4098 et
852 4028 950 4100 nulla
967 4030 1012 4100 sit
1029 4027 1223 4099 verborum
1240 4028 1422 4126 prolixitas
1439 4052 1604 4100 onerosa.
1625 4030 1733 4114 Quod
1750 4032 1828 4124 qui-

243 4135 326 4222 dein
343 4150 577 4247 postmodum
595 4176 615 4223 a
631 4151 762 4222 sanctis
787 4150 1067 4250 patribus-tanta
1094 4166 1147 4221 est
1170 4151 1353 4247 diligentia
1368 4149 1596 4237 roboratum,
1623 4164 1662 4219 ut
1691 4151 1828 4222 nemini

243 4268 403 4340 fidelium
426 4270 530 4342 liceat
555 4269 663 4342 verba
688 4273 763 4366 ejus
785 4272 950 4366 ignorare
976 4271 1023 4342 ad
1048 4269 1314 4359 confitendum,
1334 4272 1399 4344 etsi
1415 4269 1579 4341 nondum
1605 4267 1756 4340 sufficiat
1780 4269 1827 4340 ad

240 4389 525 4484 intelligendum.
546 4391 616 4462 Sed
630 4391 804 4486 quoniam
820 4415 929 4462 sonus
944 4391 1021 4462 sine
1037 4389 1268 4486 intelligentia
1287 4413 1389 4462 aures
1405 4405 1545 4464 tantum
1562 4388 1730 4474 mulcere,
1750 4413 1824 4459 non

244 4520 401 4578 mentem
413 4506 560 4579 reficere
576 4523 708 4606 potest,
725 4525 760 4580 et
772 4509 909 4581 balatus
926 4511 1046 4607 potins
1057 4532 1166 4607 quam
1178 4525 1300 4608 pastus
1311 4507 1485 4581 dicendus
1495 4523 1571 4580 est:
1592 4523 1825 4580 neementem

243 4629 397 4697 excitant
422 4627 566 4716 audita,
593 4627 622 4699 si
645 4629 792 4710 minime
814 4628 946 4700 fuerint
966 4629 1145 4703 intellecta
1164 4657 1173 4699 ι
1192 4638 1273 4718 nos,
1295 4629 1357 4726 qui
1378 4628 1576 4699 litterarum
1601 4625 1702 4698 scioli
1726 4627 1827 4697 vide·

244 4770 338 4833 mur,
364 4747 429 4816 niti
449 4748 525 4843 jam
550 4749 733 4838 convenit,
752 4763 792 4820 ut
817 4750 863 4820 de
882 4773 988 4820 sensu
1004 4748 1199 4820 verborum
1221 4773 1405 4820 sumamus
1425 4749 1553 4818 animae
1568 4762 1711 4844 pastum
1732 4773 1740 4814 ε
1761 4767 1828 4817 nec

245 4880 318 4936 tarn
335 4890 397 4936 ore
422 4869 585 4965 corporis
609 4893 758 4960 sonum,
774 4893 884 4965 quam
908 4893 970 4940 ore
995 4869 1114 4940 cordis
1133 4870 1316 4984 capiamus
1340 4892 1497 4942 sensum.
1531 4865 1662 4954 Quales
1680 4865 1827 4963 quidem

279 5134 292 5217 ¹.
301 5135 386 5196 Pron,
398 5153 454 5203 cap.
464 5155 541 5202 nni,
554 5155 577 5190 r.
590 5143 631 5193 20.
649 5167 673 5178 -
686 5139 695 5168 '
708 5142 797 5193 haim.
812 5158 899 5203 carin,
912 5159 936 5192 v.
950 5144 991 5194 23.
1002 5170 1027 5180 -·
1040 5142 1050 5170 ⁵
1062 5143 1133 5202 Luc,
1144 5156 1200 5208 cap.
1213 5158 1245 5203 n,
1256 5155 1279 5190 t.
1296 5141 1319 5190 l.
1337 5168 1362 5178 -
1375 5138 1385 5165 ⁴
1398 5138 1424 5189 ln
1438 5139 1540 5198 Timaeo,
1551 5137 1629 5189 initio.
