4522 6104
752 561 985 636 expostulo
1010 563 1054 636 ΙΝ
1079 561 1372 634 HEXAMERON.
1782 559 1854 632 669

274 725 349 798 quo
365 702 512 799 quidem
536 703 715 804 baptismo
736 703 901 776 homines
924 716 1082 774 veterem
1101 703 1287 776 hominem
1311 701 1551 801 deponenteS,
1574 715 1611 772 et
1635 724 1771 772 norum
1799 700 1854 771 in·

275 821 442 912 duentes,
462 825 552 896 sicut
568 826 740 923 scriptum
756 829 826 896 est¹
845 851 853 895 ε
874 853 891 892 u
908 824 1120 921 Quicunque
1135 823 1303 921 baptisati
1317 823 1414 913 estis,
1431 820 1613 894 Christum
1629 820 1812 910 induistis,
1834 851 1851 887 n

273 941 376 1034 quasi
392 966 434 1012 ex
450 943 551 1039 aquis
567 941 734 1015 animalia
748 940 925 1040 producta
940 955 1035 1013 sunt.

322 1060 425 1132 Sexta
440 1071 542 1134 aetate
557 1061 669 1132 homo
686 1075 879 1134 renovatus
894 1061 931 1130 in
948 1060 1114 1158 paradiso
1131 1060 1340 1147 collocatur,
1356 1061 1440 1158 quia
1455 1073 1538 1158 post
1553 1059 1758 1157 passionem
1779 1063 1853 1128 Do·

273 1177 361 1248 mini
382 1178 667 1250 tantum-aditus
689 1178 839 1251 coelestis
861 1178 1070 1250 homiuibus
1093 1178 1229 1277 patuit,
1252 1193 1292 1250 ut
1316 1179 1434 1276 pruno
1459 1177 1648 1250 sabbatum
1673 1178 1709 1247 in
1734 1177 1854 1247 anima

271 1297 504 1392 postmodum
521 1313 686 1372 octavam
697 1300 736 1371 in
747 1323 900 1398 corpore
911 1299 1018 1372 simul
1030 1315 1067 1372 et
1080 1301 1200 1372 anima
1211 1298 1379 1371 celebret.
1397 1297 1499 1370 Unde
1518 1313 1554 1370 et
1569 1297 1700 1370 latroni
1716 1298 1853 1369 dictum

270 1420 367 1488 est’:
390 1447 406 1486 u
422 1418 538 1491 Hodie
554 1444 697 1520 mecum
712 1419 781 1492 eris
797 1421 834 1492 in
851 1419 1036 1518 paradiso,
1056 1447 1072 1488 u
1092 1420 1183 1492 utin
1206 1418 1276 1492 hac
1294 1433 1396 1491 aetate
1420 1431 1561 1490 tantum
1586 1417 1716 1490 eoelum
1733 1417 1851 1489 homi·

271 1535 376 1610 nibus
391 1554 514 1640 patere
531 1539 747 1614 ostenderet.

313 1665 337 1722 'n
353 1657 429 1727 istae
445 1659 704 1754 generationes.
720 1687 738 1726 u
757 1659 867 1746 Quasi
890 1660 1040 1746 diceret,
1058 1659 1153 1731 bene
1169 1660 1259 1748 dixi,
1282 1673 1530 1747 «cenaverat,
1546 1685 1563 1726 u
1579 1659 1663 1755 quia
1679 1658 1752 1728 istae
1768 1671 1851 1729 sunt

253 1795 343 1844 'non
365 1756 440 1846 aliae
454 1776 690 1874 postmodum
704 1801 747 1850 ex
762 1777 883 1876 aliqua
897 1801 993 1850 nova
1008 1792 1145 1850 natiuae
1165 1779 1425 1876 praeparatione
1450 1775 1587 1848 futurae.
1609 1805 1626 1844 u
1639 1777 1848 1847 Generatio·

198 1889 203 1898 ’
267 1917 331 1966 nes
346 1895 428 1968 coeli
442 1911 478 1968 et
494 1912 607 1970 terrae.
625 1925 643 1966 u
662 1898 704 1970 ld
719 1911 773 1972 est
788 1899 923 1997 speeies
940 1923 1060 1970 rerum
1076 1899 1176 1970 sactae
1195 1896 1424 1972 materialiter
1440 1922 1482 1969 ex
1498 1897 1682 1970 elementis
1697 1921 1761 1994 per
1776 1921 1847 1967 coe·

260 2010 341 2084 ⁴lum
358 2029 394 2086 et
409 2029 561 2106 terram,
580 2031 620 2088 ut
636 2007 808 2105 diximus,
827 2017 946 2115 primo
962 2015 1182 2112 significatis.

316 2136 504 2222 «Quando
520 2151 646 2210 creatae
661 2151 758 2210 sunt.
777 2167 794 2204 u
812 2137 854 2209 ld
868 2139 923 2210 'est
941 2138 1100 2235 primum
1123 2137 1222 2209 lactae
1242 2137 1316 2208 istae
1335 2136 1469 2209 scilicet
1493 2136 1740 2232 generationes
1765 2149 1847 2210 aute

264 2250 362 2326 hunc
377 2255 569 2352 septimum
585 2256 683 2329 diem
698 2280 773 2354 quo
789 2254 1072 2354 multiplicantur
1087 2255 1262 2351 quotidie.

190 2409 196 2420 ·
315 2402 332 2440 u
348 2379 388 2445 ln
406 2374 476 2447 die.
494 2403 512 2442 n
530 2376 640 2449 idest
657 2377 694 2448 in
712 2391 876 2475 tempore
891 2375 953 2448 illo
968 2401 1029 2448 sex
1045 2375 1324 2473 praecedentium
1340 2375 1493 2448 dierum.

314 2494 430 2578 «Quo
452 2493 534 2565 lecit
553 2495 729 2567 Dominus
750 2495 886 2568 'coelum
910 2509 946 2566 et
972 2509 1117 2567 terram.
1142 2523 1159 2563 u
1182 2500 1222 2565 In
1245 2492 1388 2566 hebraeo
1413 2510 1466 2566 est
1489 2495 1581 2567 ordo
1606 2511 1847 2569 commutatus

263 2613 336 2682 ita:
357 2643 375 2681 n
390 2617 473 2700 Quo
490 2614 572 2686 lecit
586 2616 763 2687 Dominus
783 2630 916 2687 terram
938 2629 975 2686 et
996 2615 1147 2704 coelum;
1166 2641 1183 2682 u
1202 2637 1315 2712 quum
1339 2615 1376 2685 in
1402 2616 1580 2714 principio
1603 2615 1740 2687 dictum
1764 2617 1845 2688 site

261 2755 454 2822 converso,
472 2725 557 2830 quia
573 2736 706 2806 crearit
722 2734 853 2806 coelum
868 2748 905 2806 et
919 2748 1064 2806 terram.
1083 2738 1135 2806 Ex
1153 2757 1226 2830 quo
1242 2734 1403 2806 innuitur
1419 2759 1462 2806 ex
1478 2733 1546 2806 hac
1563 2737 1844 2808 commutatione

261 2849 398 2922 ordinis
420 2853 572 2924 varietas
587 2852 751 2950 quaedam
772 2851 1042 2949 significationis
1058 2850 1106 2924 ad
1121 2850 1306 2950 praedictas
1322 2849 1454 2924 scilicet
1471 2854 1717 2948 generationes
1742 2878 1842 2926 eom·

260 2969 548 3066 prehendendas.
567 2975 632 3044 Per
648 2986 779 3045 terram
796 2973 929 3070 quippe
951 2986 987 3044 et
1004 2970 1135 3044 coelum
1151 2971 1337 3061 animalia,
1356 2996 1420 3069 per
1435 2971 1627 3068 virgultum
1652 2988 1688 3045 et
1713 2973 1842 3045 herbas

259 3090 534 3188 comprehendit
554 3092 705 3191 plantas.
728 3091 902 3184 Animalia
925 3092 1081 3191 quippe,
1105 3093 1189 3190 quia
1213 3091 1491 3166 vivificationem
1517 3117 1591 3165 non
1618 3119 1660 3165 es
1688 3093 1841 3166 humore

258 3208 349 3280 sicut
374 3210 523 3308 planta,
541 3210 605 3283 sed
626 3235 668 3284 er
689 3213 815 3311 spiritu
836 3211 994 3301 habent,
1009 3212 1110 3307 juxta
1136 3210 1236 3309 quod
1261 3213 1453 3308 Gregorius
1469 3227 1542 3284 tres
1557 3211 1682 3284 vitales
1697 3213 1841 3310 spiritus

259 3327 464 3426 distinguit,
480 3355 545 3429 per
557 3345 691 3404 terram
702 3347 739 3404 et
753 3331 884 3404 coelum
895 3330 967 3403 hoc
978 3331 1060 3404 loco
1075 3332 1314 3421 insinuantur,
1329 3355 1443 3429 quum
1454 3356 1497 3404 ex
1510 3355 1684 3432 corporea
1696 3348 1731 3404 et
1743 3335 1838 3428 gravi

257 3445 454 3522 substantia
470 3465 636 3523 constent
651 3451 850 3524 secundum
870 3475 1024 3550 corpus,
1043 3465 1079 3522 ct
1093 3475 1136 3522 er
1152 3449 1299 3549 spiritali
1315 3466 1351 3523 et
1366 3451 1436 3522 levi
1451 3451 1650 3524 secuudum
1666 3453 1837 3524 animam.

257 3571 301 3638 Et
316 3569 402 3665 quia
416 3593 571 3669 corpora
586 3572 685 3669 prius
702 3569 855 3644 sonnata
870 3584 955 3642 sunt
975 3593 1085 3668 quam
1106 3570 1250 3668 spiritus
1268 3569 1558 3660 infunderentur,
1576 3567 1670 3642 bene
1692 3569 1751 3642 hie
1771 3586 1840 3641 ter·

184 3689 187 3694 ’
256 3713 333 3762 ram
349 3693 448 3791 prius
464 3717 574 3791 quarn
588 3691 721 3764 coelum
736 3692 949 3764 nominavit.
969 3691 1039 3764 Ubi
1061 3705 1097 3762 et
1117 3690 1164 3763 de
1183 3690 1292 3764 stellis
1318 3692 1468 3764 innuere
1490 3691 1645 3781 videtur,
1664 3692 1693 3763 si
1717 3694 1838 3764 omnia

256 3810 529 3910 comprehendit
555 3813 645 3884 lacta
669 3835 712 3883 ex
732 3811 934 3900 elementis,
953 3809 1132 3906 quosdam
1158 3810 1302 3906 spiritus
1323 3825 1359 3881 et
1380 3809 1448 3882 illis
1472 3812 1587 3884 inesse
1607 3835 1679 3908 quo
1701 3814 1839 3909 possint

255 3927 467 4001 animalibus
479 3943 514 4001 et
527 3931 798 4019 connumerari,
811 3930 902 4000 sicut
913 3925 1120 4026 philosophi
1131 3941 1311 4016 asserunt,
1328 3941 1364 3998 et
1376 3926 1502 3999 beatus
1515 3930 1729 4023 Augustinus
1745 3930 1837 4002 adeo

190 4121 195 4130 ,
253 4047 322 4119 sibi
338 4073 414 4120 esse
430 4049 605 4122 incertum
621 4048 823 4150 profitetur,
842 4065 883 4122 ut
897 4073 936 4121 se
951 4050 1115 4146 ignorare
1132 4046 1250 4137 dicat,
1268 4061 1390 4120 utrum
1404 4046 1459 4119 sol
1474 4062 1510 4119 et
1524 4047 1610 4120 luna
1626 4048 1673 4120 ad
1689 4050 1837 4122 societa-

253 4180 327 4238 tem
343 4167 553 4264 angelorum
569 4171 788 4267 pertineant,
803 4169 896 4241 sicut
910 4183 946 4242 et
958 4193 1067 4267 supra
1081 4167 1322 4240 meminimus.

305 4316 322 4354 u
340 4288 541 4386 Virgultum
557 4291 647 4387 agri·
659 4319 678 4359 n
697 4289 737 4363 ld
754 4305 808 4364 est
823 4305 960 4388 agreste
977 4289 1095 4362 adhuc
1111 4305 1147 4362 et
1160 4287 1326 4362 nondum
1342 4287 1479 4360 cultum
1495 4281 1541 4360 ab
1558 4286 1766 4362 hominibus
1777 4289 1834 4362 vel

253 4407 426 4480 insertum
441 4410 532 4482 sicut
548 4435 645 4482 nunc
662 4410 720 4484 vel
738 4409 857 4509 aliqua
873 4433 959 4483 cura
975 4409 1166 4482 hominum
1181 4408 1413 4482 custoditum.

304 4555 322 4594 u
339 4529 502 4602 Oriretur
518 4531 557 4604 in
577 4545 685 4604 terra.
705 4559 723 4600 u
741 4530 849 4604 idest
867 4531 1096 4604 fructificaret
1116 4555 1180 4630 per
1200 4531 1384 4604 universas
1399 4542 1511 4602 terras
1526 4528 1726 4628 dispersum
1741 4531 1832 4604 sicut

253 4669 349 4718 nunc
364 4672 408 4720 ex
422 4651 628 4746 irrigatione
643 4651 814 4724 imbrium
828 4649 1033 4750 proficiens.
1123 4710 1128 4718 .

275 4777 280 4786 '
303 4768 1831 4871 «Religionis»Proquoinhebneoestuagri,»sicutsuperius3quasidiceretincultam

252 4885 443 4963 adhucnec
452 4917 494 4963 ex
503 4894 700 4992 propagine
709 4894 997 4994 etopeimbrium
1005 4891 1640 4995 multiplicatamsicutnunc.Undeet
1648 4893 1825 4968 subditur:

286 5153 295 5182 ⁸
312 5155 394 5219 Rota..
405 5173 461 5226 cap.
474 5175 512 5225 u,
524 5175 550 5214 v.
562 5161 630 5215 8.-
641 5159 651 5190 '
662 5161 733 5224 Luc..
744 5176 800 5229 esp.
812 5175 890 5226 ann,
901 5179 925 5215 r.
939 5163 982 5214 tt.
