4496 6102
396 568 469 640 aas
996 567 1124 640 ratur
1152 523 1388 639 tumetum

396 733 539 807 semper
556 722 676 780 mente
692 707 738 780 ad
756 732 863 800 eum,
885 722 925 780 ut
941 707 1117 798 diximus,
1137 722 1172 778 et
1189 707 1307 805 ipsum
1330 707 1380 778 sic
1398 729 1466 805 pro
1492 705 1595 776 nobis
1619 716 1832 776 coronatum
1851 725 1987 774 memo·
2026 733 2031 744 ·

396 830 482 900 riter
499 830 695 916 intuentes,
719 852 910 926 sequamur
930 829 1067 928 ipsum,
1084 853 1227 900 crucem
1243 828 1317 923 ejus
1334 827 1511 900 tollentes.
1528 825 1638 913 Quod
1654 824 1685 897 si
1697 826 1772 944 jam
1788 824 1827 895 in
1844 849 1888 896 eo
1903 838 1990 896 tem·

397 973 486 1048 pore
502 972 577 1019 non
595 973 719 1020 sumus
736 963 776 1020 ut
792 973 859 1047 pro
881 973 924 1022 eo
946 949 1038 1022 mori
1058 973 1241 1047 cogamur,
1268 949 1434 1046 quotiens
1454 963 1574 1020 umen
1593 970 1662 1018 nos
1682 971 1749 1045 pro
1770 945 1849 1044 ipso
1870 943 1991 1042 affligi·

398 1093 492 1158 mur,
520 1093 663 1140 crucem
690 1068 767 1165 ejus
796 1068 966 1142 tollimus.
996 1073 1089 1142 Crux
1113 1071 1287 1168 quippea
1310 1067 1504 1141 cruciando
1527 1066 1621 1139 dicta
1649 1081 1713 1139 est.
1744 1071 1895 1138 Crucem
1917 1066 1991 1162 ejus

353 1226 356 1234 ‚
398 1187 576 1280 tollimus,
596 1213 709 1285 quum
727 1188 903 1287 quaslibet
918 1188 1147 1262 adversitates
1161 1214 1228 1288 pro
1245 1213 1289 1261 eo
1302 1188 1536 1278 sustinemus,
1552 1185 1608 1259 vel
1627 1185 1847 1259 abstinentiae
1863 1185 1993 1258 virtute

399 1334 542 1382 carnem
562 1325 722 1382 nostram
747 1311 982 1402 maceranda,
1006 1310 1169 1383 dominio
1186 1311 1330 1408 spiritus
1349 1334 1429 1382 eam
1454 1309 1672 1407 subjicimus.
1696 1305 1805 1396 Quod
1825 1305 1882 1378 his
1903 1330 1991 1403 prae-

400 1432 504 1529 cipue
524 1430 651 1503 diebus
670 1430 775 1502 nobis
797 1447 850 1503 est
867 1431 1153 1531 providendum,
1169 1430 1299 1529 quibus
1314 1429 1516 1529 spiritaliter
1528 1454 1595 1502 nos
1609 1427 1799 1526 praeparari
1809 1426 1989 1516 convenit,

401 1550 447 1622 ad
461 1550 578 1649 ipsum
592 1550 789 1622 Dominum
801 1551 838 1622 in
853 1551 1025 1623 sacrificio
1040 1551 1194 1651 propriae
1206 1551 1322 1623 earnis
1335 1565 1370 1623 et
1384 1551 1563 1647 sanguinis
1580 1546 1863 1647 suscipiendum:
1875 1548 1989 1636 Certe,

401 1670 431 1742 si
448 1671 526 1768 quis
543 1685 732 1768 potentum
749 1671 805 1744 vel
824 1673 1021 1744 amicorum
1039 1671 1197 1770 hospitio
1214 1668 1459 1769 suscipiendus
1475 1693 1496 1742 a
1513 1667 1619 1741 nobis
1638 1681 1895 1766 expectaretur,
1910 1689 1993 1738 eum

403 1791 503 1861 omni
520 1789 701 1888 diligentia
719 1791 870 1864 domurn
889 1807 1047 1864 nostram
1067 1814 1363 1892 praepararemus,
1386 1815 1434 1862 ne
1454 1788 1541 1887 quid
1564 1787 1794 1860 immundum
1817 1784 1874 1859 vel
1893 1784 1993 1860 iude·

403 1933 487 1982 cens
501 1910 626 1982 oculos
646 1912 809 1983 intrantis
834 1911 1042 1986 offenderet.
1060 1915 1202 1998 Quanta
1214 1911 1320 2008 igitur
1331 1933 1429 2000 cura,
1444 1924 1580 2008 quanto
1592 1905 1710 1981 studio
1728 1904 1991 2006 providendum

404 2044 478 2118 est,
495 2053 540 2100 ne
559 2031 676 2128 ipsum
690 2045 829 2102 creator
849 2053 892 2102 ac
911 2029 1117 2128 redemptor
1135 2029 1292 2121 anobis,
1310 2043 1349 2101 ut
1361 2029 1535 2118 diximus,
1555 2025 1824 2132 suscipiendus,
1841 2027 1995 2100 immun·

405 2145 493 2219 dum
519 2150 670 2246 reperiat
698 2148 962 2239 habitaculum,
989 2173 1103 2247 quum
1122 2150 1305 2250 propriam
1335 2147 1501 2244 injuriam
1528 2161 1627 2221 tanto
1655 2146 1795 2244 grauiam
1821 2143 1992 2234 vindicet,

407 2284 542 2366 quanto
560 2268 712 2369 amplius
725 2286 844 2370 potest
862 2295 904 2344 ac
922 2269 1053 2344 debet?
1068 2275 1112 2342 Et
1129 2272 1299 2369 quoniam
1314 2272 1390 2368 ejus
1407 2294 1553 2368 quoque
1564 2285 1616 2342 est
1628 2269 1746 2366 gratiae
1758 2270 1796 2341 in
1813 2265 1917 2338 nobis
1931 2265 1997 2339 sibi

409 2390 632 2462 mansionem
650 2407 796 2488 parare,
817 2391 893 2490 ipse
911 2390 978 2464 sibi
997 2390 1089 2463 hane
1107 2405 1297 2490 praeparet,
1325 2391 1387 2489 qui
1404 2390 1475 2462 hoc
1498 2389 1602 2463 nobis
1623 2385 1834 2462 sacrificium
1848 2384 1893 2457 ad
1907 2385 1997 2459 selu·

410 2525 483 2582 tem
498 2510 665 2602 instituit,
688 2535 763 2583 non
779 2510 825 2584 ad
838 2491 1025 2608 judicium.
1050 2515 1173 2584 Arnen.

616 3211 688 3300 DE
723 3212 899 3302 REBUS
931 3214 1124 3304 GESTIS
1160 3215 1219 3304 IN
1252 3214 1454 3304 DIEBUS
1485 3211 1789 3306 Ptsstottls.

1120 3478 1230 3524 sunnio
1255 3479 1303 3524 xl.

464 3631 545 3714 Quo
571 3630 682 3725 magis
705 3646 834 3702 nostrae
858 3607 1115 3731 redemptionis
1136 3648 1296 3733 tempus,
1321 3651 1357 3708 et
1376 3635 1565 3707 dominicae
1585 3632 1852 3706 resurrectionis
1870 3655 2007 3730 appro-

414 3747 564 3845 pinquat
582 3747 806 3841 solemnitas,
828 3751 987 3824 crebrius
1004 3753 1203 3826 aedificandi
1221 3756 1329 3828 sacris
1350 3755 1657 3828 exhortationibus
1672 3779 1812 3842 sumus3
1838 3767 1879 3824 ut
1901 3751 2007 3824 tantis

414 3865 597 3939 beneticiis
619 3868 718 3965 digni
736 3873 968 3969 reperiamur,
992 3891 1027 3946 et
1045 3874 1302 3977 redemptionis
1323 3877 1512 3976 participes
1528 3877 1661 3968 simus,
1685 3890 1721 3948 et
1738 3873 2009 3948 resurrectionis

414 4002 610 4060 consortes.
627 3993 671 4060 Et
682 3991 854 4087 quoniam
866 3991 1078 4098 plerumque
1092 3995 1167 4093 ipsa
1180 4021 1300 4068 rerum
1317 4011 1495 4092 gestarum
1510 3995 1658 4068 historia
1673 3993 1903 4068 devotionem
1921 3995 2008 4066 sim·

415 4107 561 4207 plinium
582 4110 711 4181 excitat
728 4114 839 4210 magis
862 4137 971 4212 quam
990 4117 1157 4212 mystica;
1174 4117 1275 4213 juvat
1293 4117 1492 4190 secundum
1514 4116 1667 4189 litteram
1691 4116 1793 4188 omni
1816 4111 2009 4187 dulcedine

414 4228 601 4320 refertam,
617 4231 717 4302 omni
734 4232 863 4329 pietate
878 4233 1039 4332 plenam,
1055 4259 1096 4307 ea
1110 4261 1189 4335 quae
1202 4237 1377 4310 Dominus
1394 4237 1449 4310 his
1462 4235 1589 4313 diebus
1601 4237 1707 4335 gessit
1719 4233 1908 4310 referendo
1921 4255 2011 4304 cou-

415 4365 547 4442 texere,
561 4365 597 4423 et
608 4351 654 4424 ad
665 4353 951 4428 exhortationem
964 4371 1123 4429 nostram
1135 4358 1172 4430 in
1187 4375 1345 4432 mentem
1358 4358 1542 4431 reducere.
1556 4357 1673 4430 Refert
1685 4339 1806 4455 itaque
1817 4355 2007 4443 loannes‘,

416 4471 516 4568 quod
535 4473 742 4547 resuscitato
765 4479 898 4548 Lazaro
923 4477 1026 4550 multi
1041 4478 1266 4572 ludaeorum,
1286 4481 1349 4578 qui
1369 4480 1440 4552 hoc
1452 4479 1634 4570 viderant,
1658 4475 1889 4550 crediderunt
1902 4475 1939 4546 in
1953 4477 2013 4544 Je-

417 4617 509 4664 sum.
533 4593 718 4680 «Quidam
737 4591 858 4669 autem
871 4621 913 4669 ex
931 4598 1016 4696 ipsis
1029 4598 1194 4672 abierunt
1216 4600 1261 4672 ad
1278 4600 1490 4700 pharisaeos,
1510 4616 1546 4673 et
1563 4599 1730 4673 dixerunt
1748 4599 1801 4670 eis
1822 4620 1902 4695 quae
1927 4593 2014 4667 fecit

417 4718 528 4785 lesus.
550 4713 778 4812 Collegerunt
796 4741 881 4815 ergo
907 4718 1096 4818 pontifices
1119 4737 1155 4794 et
1172 4721 1335 4821 pharisaei
1355 4723 1564 4814 concilium,
1592 4735 1629 4794 et
1657 4718 1825 4792 dicebant
1844 4743 1852 4786 ε
1874 4713 2013 4803 «Quid

417 4832 584 4925 facinus,
600 4849 668 4907 ete.
681 4864 700 4904 u
722 4834 775 4908 ab
788 4835 850 4910 illo
866 4862 952 4937 ergo
968 4838 1027 4912 die
1041 4842 1285 4939 cogitaverunt
1305 4857 1345 4915 ut
1364 4840 1606 4915 interficerent
1625 4864 1721 4912 eum.
1738 4833 2011 4923 lnterficerent,

417 4951 589 5050 inquam,
618 4970 780 5028 mortuos
805 4959 1052 5053 suscitantem,
1076 4976 1111 5034 et
1129 4987 1196 5062 pro
1220 4963 1290 5036 vita
1313 4959 1452 5036 reddita
1476 4976 1631 5034 mortem
1654 4952 1843 5034 inferrent!
1868 4957 1902 5026 Ο
1927 4953 2015 5024 ceci

455 5193 463 5221 ¹
481 5192 565 5256 loru„
578 5208 635 5260 cap.
649 5211 690 5260 ιι,
700 5211 724 5248 e.
736 5198 769 5247 ts
781 5207 807 5250 ct
819 5215 857 5265 aq.
