<?xml version="1.0" encoding="UTF-8"?>
<!DOCTYPE html PUBLIC "-//W3C//DTD XHTML 1.0 Transitional//EN"
    "http://www.w3.org/TR/xhtml1/DTD/xhtml1-transitional.dtd">
<html xmlns="http://www.w3.org/1999/xhtml" xml:lang="en" lang="en">
 <head>
  <title>
</title>
<meta http-equiv="Content-Type" content="text/html;charset=utf-8" />
  <meta name='ocr-system' content='tesseract 3.04.00' />
  <meta name='ocr-capabilities' content='ocr_page ocr_carea ocr_par ocr_line ocrx_word'/>
</head>
<body>
  <div class='ocr_page' id='page_1' title='image "./petriablardiope01despgoog_0422.png"; bbox 0 0 4496 6102; ppageno 0'>
   <div class='ocr_carea' id='block_1_1' title="bbox 681 557 1804 636">
    <p class='ocr_par' dir='ltr' id='par_1_1' title="bbox 681 557 1804 636">
     <span class='ocr_line' id='line_1_1' title="bbox 681 557 1804 636; baseline -0.004 -2"><span class='ocrx_word' id='word_1_1' title='bbox 681 565 725 636; x_wconf 87' lang='grc' dir='ltr'>ΙΝ</span> <span class='ocrx_word' id='word_1_2' title='bbox 750 563 884 636; x_wconf 75' lang='lat' dir='ltr'>utute</span> <span class='ocrx_word' id='word_1_3' title='bbox 907 561 1152 634; x_wconf 72' lang='lat' dir='ltr'>PALMARUM</span> <span class='ocrx_word' id='word_1_4' title='bbox 1176 559 1340 636; x_wconf 79' lang='lat' dir='ltr'><strong>SERMO.</strong></span> <span class='ocrx_word' id='word_1_5' title='bbox 1732 557 1804 630; x_wconf 78' lang='lat' dir='ltr'>tot</span> 
     </span>
    </p>
   </div>
   <div class='ocr_carea' id='block_1_2' title="bbox 198 699 1931 5009">
    <p class='ocr_par' dir='ltr' id='par_1_2' title="bbox 221 699 1807 923">
     <span class='ocr_line' id='line_1_2' title="bbox 221 699 1807 806; baseline -0.003 -30"><span class='ocrx_word' id='word_1_6' title='bbox 221 706 291 794; x_wconf 90' lang='lat' dir='ltr'>Qui</span> <span class='ocrx_word' id='word_1_7' title='bbox 309 719 479 777; x_wconf 87' lang='lat' dir='ltr'>venturus</span> <span class='ocrx_word' id='word_1_8' title='bbox 497 720 569 802; x_wconf 73' lang='lat' dir='ltr'>est,</span> <span class='ocrx_word' id='word_1_9' title='bbox 593 707 729 804; x_wconf 90' lang='lat' dir='ltr'>inquit,</span> <span class='ocrx_word' id='word_1_10' title='bbox 750 707 920 803; x_wconf 87' lang='lat' dir='ltr'>quoniam</span> <span class='ocrx_word' id='word_1_11' title='bbox 941 721 1102 804; x_wconf 85' lang='lat' dir='ltr'>tempore</span> <span class='ocrx_word' id='word_1_12' title='bbox 1119 705 1316 806; x_wconf 85' lang='lat' dir='ltr'>prophetiae</span> <span class='ocrx_word' id='word_1_13' title='bbox 1331 703 1403 774; x_wconf 89' lang='lat' dir='ltr'>hoc</span> <span class='ocrx_word' id='word_1_14' title='bbox 1419 715 1494 774; x_wconf 87' lang='lat' dir='ltr'>erat</span> <span class='ocrx_word' id='word_1_15' title='bbox 1511 701 1687 790; x_wconf 87' lang='lat' dir='ltr'>futurum,</span> <span class='ocrx_word' id='word_1_16' title='bbox 1707 699 1807 798; x_wconf 89' lang='lat' dir='ltr'>quod</span> 
     </span>
     <span class='ocr_line' id='line_1_3' title="bbox 221 804 1002 923; baseline 0.001 -30"><span class='ocrx_word' id='word_1_17' title='bbox 221 824 258 896; x_wconf 90' lang='lat' dir='ltr'>in</span> <span class='ocrx_word' id='word_1_18' title='bbox 272 839 395 896; x_wconf 89' lang='lat' dir='ltr'>nostro</span> <span class='ocrx_word' id='word_1_19' title='bbox 408 804 575 896; x_wconf 79' lang='lat' dir='ltr'>novimus</span> <span class='ocrx_word' id='word_1_20' title='bbox 589 851 665 898; x_wconf 86' lang='lat' dir='ltr'>esse</span> <span class='ocrx_word' id='word_1_21' title='bbox 677 825 907 923; x_wconf 79' lang='lat' dir='ltr'>completum.</span> <span class='ocrx_word' id='word_1_22' title='bbox 998 881 1002 894; x_wconf 93' lang='lat'><em>.</em></span> 
     </span>
    </p>

    <p class='ocr_par' dir='ltr' id='par_1_3' title="bbox 212 939 1931 3176">
     <span class='ocr_line' id='line_1_4' title="bbox 271 939 1808 1043; baseline 0.001 -29"><span class='ocrx_word' id='word_1_23' title='bbox 271 942 369 1016; x_wconf 77' lang='lat' dir='ltr'>Adeo</span> <span class='ocrx_word' id='word_1_24' title='bbox 391 958 525 1016; x_wconf 89' lang='lat' dir='ltr'>autern·</span> <span class='ocrx_word' id='word_1_25' title='bbox 541 945 586 1015; x_wconf 89' lang='lat' dir='ltr'>ad</span> <span class='ocrx_word' id='word_1_26' title='bbox 614 944 943 1043; x_wconf 85' lang='lat' dir='ltr'>praesentemdiem</span> <span class='ocrx_word' id='word_1_27' title='bbox 969 943 1125 1040; x_wconf 89' lang='lat' dir='ltr'>psalmus</span> <span class='ocrx_word' id='word_1_28' title='bbox 1152 944 1215 1016; x_wconf 90' lang='lat' dir='ltr'>iste</span> <span class='ocrx_word' id='word_1_29' title='bbox 1239 944 1413 1041; x_wconf 74' lang='lat' dir='ltr'>pertinet,</span> <span class='ocrx_word' id='word_1_30' title='bbox 1444 956 1483 1012; x_wconf 94' lang='lat' dir='ltr'>ut</span> <span class='ocrx_word' id='word_1_31' title='bbox 1505 939 1579 1010; x_wconf 82' lang='lat' dir='ltr'>haec</span> <span class='ocrx_word' id='word_1_32' title='bbox 1601 939 1677 1038; x_wconf 90' lang='lat' dir='ltr'>ipsa</span> <span class='ocrx_word' id='word_1_33' title='bbox 1699 941 1808 1016; x_wconf 92' lang='lat' dir='ltr'>verba</span> 
     </span>
     <span class='ocr_line' id='line_1_5' title="bbox 220 1061 1808 1162; baseline 0.001 -28"><span class='ocrx_word' id='word_1_34' title='bbox 220 1061 347 1162; x_wconf 89' lang='lat' dir='ltr'>psalmi</span> <span class='ocrx_word' id='word_1_35' title='bbox 363 1065 518 1162; x_wconf 92' lang='lat' dir='ltr'>populus</span> <span class='ocrx_word' id='word_1_36' title='bbox 531 1064 639 1138; x_wconf 87' lang='lat' dir='ltr'>hodie</span> <span class='ocrx_word' id='word_1_37' title='bbox 653 1066 898 1138; x_wconf 76' lang='lat' dir='ltr'>acclamaverit</span> <span class='ocrx_word' id='word_1_38' title='bbox 918 1065 955 1150; x_wconf 86' lang='lat' dir='ltr'>in</span> <span class='ocrx_word' id='word_1_39' title='bbox 973 1063 1115 1135; x_wconf 88' lang='lat' dir='ltr'>laudem</span> <span class='ocrx_word' id='word_1_40' title='bbox 1134 1065 1291 1145; x_wconf 87' lang='lat' dir='ltr'><strong>Domini.</strong></span> <span class='ocrx_word' id='word_1_41' title='bbox 1309 1063 1412 1136; x_wconf 88' lang='lat' dir='ltr'>Unde</span> <span class='ocrx_word' id='word_1_42' title='bbox 1432 1078 1468 1134; x_wconf 89' lang='lat' dir='ltr'>et</span> <span class='ocrx_word' id='word_1_43' title='bbox 1484 1061 1808 1136; x_wconf 61' lang='lat' dir='ltr'>Mattbaeusnmemi-</span> 
     </span>
     <span class='ocr_line' id='line_1_6' title="bbox 222 1179 1804 1284; baseline 0 -32"><span class='ocrx_word' id='word_1_44' title='bbox 222 1184 294 1253; x_wconf 92' lang='lat' dir='ltr'>nit:</span> <span class='ocrx_word' id='word_1_45' title='bbox 319 1211 337 1250; x_wconf 77' lang='lat' dir='ltr'>a</span> <span class='ocrx_word' id='word_1_46' title='bbox 350 1183 474 1254; x_wconf 87' lang='lat' dir='ltr'>Turbae</span> <span class='ocrx_word' id='word_1_47' title='bbox 486 1201 604 1256; x_wconf 88' lang='lat' dir='ltr'>autem</span> <span class='ocrx_word' id='word_1_48' title='bbox 619 1211 699 1283; x_wconf 87' lang='lat' dir='ltr'>quae</span> <span class='ocrx_word' id='word_1_49' title='bbox 710 1184 974 1284; x_wconf 68' lang='lat' dir='ltr'>praecedebant,</span> <span class='ocrx_word' id='word_1_50' title='bbox 991 1197 1027 1254; x_wconf 86' lang='lat' dir='ltr'>et</span> <span class='ocrx_word' id='word_1_51' title='bbox 1039 1208 1118 1280; x_wconf 87' lang='lat' dir='ltr'>ques</span> <span class='ocrx_word' id='word_1_52' title='bbox 1129 1181 1381 1280; x_wconf 77' lang='lat' dir='ltr'>sequebantur,</span> <span class='ocrx_word' id='word_1_53' title='bbox 1396 1179 1598 1252; x_wconf 88' lang='lat' dir='ltr'>clamabant</span> <span class='ocrx_word' id='word_1_54' title='bbox 1610 1180 1781 1254; x_wconf 90' lang='lat' dir='ltr'>dicentes¹</span> <span class='ocrx_word' id='word_1_55' title='bbox 1796 1212 1804 1252; x_wconf 92' lang='lat'><strong>:</strong></span> 
     </span>
     <span class='ocr_line' id='line_1_7' title="bbox 223 1287 1807 1399; baseline 0.003 -31"><span class='ocrx_word' id='word_1_56' title='bbox 223 1331 241 1368; x_wconf 81' lang='lat' dir='ltr'>u</span> <span class='ocrx_word' id='word_1_57' title='bbox 257 1287 425 1372; x_wconf 88' lang='lat' dir='ltr'>Hosanna</span> <span class='ocrx_word' id='word_1_58' title='bbox 443 1301 516 1376; x_wconf 86' lang='lat' dir='ltr'>filio</span> <span class='ocrx_word' id='word_1_59' title='bbox 532 1303 669 1376; x_wconf 86' lang='lat' dir='ltr'>David:</span> <span class='ocrx_word' id='word_1_60' title='bbox 685 1303 896 1376; x_wconf 81' lang='lat' dir='ltr'>Benedictus</span> <span class='ocrx_word' id='word_1_61' title='bbox 907 1297 968 1399; x_wconf 82' lang='lat' dir='ltr'>qui</span> <span class='ocrx_word' id='word_1_62' title='bbox 987 1302 1133 1373; x_wconf 89' lang='lat' dir='ltr'>venitin</span> <span class='ocrx_word' id='word_1_63' title='bbox 1152 1303 1300 1372; x_wconf 89' lang='lat' dir='ltr'>nomine</span> <span class='ocrx_word' id='word_1_64' title='bbox 1313 1301 1470 1372; x_wconf 88' lang='lat' dir='ltr'>Domini.</span> <span class='ocrx_word' id='word_1_65' title='bbox 1488 1327 1506 1366; x_wconf 81' lang='lat' dir='ltr'>a</span> <span class='ocrx_word' id='word_1_66' title='bbox 1522 1301 1613 1372; x_wconf 87' lang='lat' dir='ltr'>Hinc</span> <span class='ocrx_word' id='word_1_67' title='bbox 1630 1315 1667 1372; x_wconf 89' lang='lat' dir='ltr'>et</span> <span class='ocrx_word' id='word_1_68' title='bbox 1685 1301 1807 1373; x_wconf 87' lang='lat' dir='ltr'>Hiero·</span> 
     </span>
     <span class='ocr_line' id='line_1_8' title="bbox 221 1419 1804 1520; baseline 0 -28"><span class='ocrx_word' id='word_1_69' title='bbox 221 1445 349 1518; x_wconf 82' lang='lat' dir='ltr'>nymus</span> <span class='ocrx_word' id='word_1_70' title='bbox 362 1427 516 1494; x_wconf 85' lang='lat' dir='ltr'>Damaso</span> <span class='ocrx_word' id='word_1_71' title='bbox 525 1421 569 1494; x_wconf 83' lang='lat' dir='ltr'>de</span> <span class='ocrx_word' id='word_1_72' title='bbox 579 1429 751 1494; x_wconf 76' lang='lat' dir='ltr'>Hosamuz</span> <span class='ocrx_word' id='word_1_73' title='bbox 761 1424 879 1495; x_wconf 88' lang='lat' dir='ltr'>scribit</span> <span class='ocrx_word' id='word_1_74' title='bbox 891 1421 948 1496; x_wconf 90' lang='lat' dir='ltr'>his</span> <span class='ocrx_word' id='word_1_75' title='bbox 958 1422 1111 1494; x_wconf 80' lang='lat' dir='ltr'>verbis’:</span> <span class='ocrx_word' id='word_1_76' title='bbox 1127 1451 1144 1489; x_wconf 80' lang='grc' dir='ltr'>α</span> <span class='ocrx_word' id='word_1_77' title='bbox 1158 1427 1237 1520; x_wconf 91' lang='lat' dir='ltr'>lpsa</span> <span class='ocrx_word' id='word_1_78' title='bbox 1248 1420 1390 1492; x_wconf 71' lang='lat' dir='ltr'>hebraea</span> <span class='ocrx_word' id='word_1_79' title='bbox 1400 1419 1509 1492; x_wconf 88' lang='lat' dir='ltr'>verba</span> <span class='ocrx_word' id='word_1_80' title='bbox 1521 1419 1690 1518; x_wconf 89' lang='lat' dir='ltr'>ponenda</span> <span class='ocrx_word' id='word_1_81' title='bbox 1699 1438 1804 1494; x_wconf 89' lang='lat' dir='ltr'>sunt:</span> 
     </span>
     <span class='ocr_line' id='line_1_9' title="bbox 221 1539 1807 1640; baseline 0.002 -30"><span class='ocrx_word' id='word_1_82' title='bbox 221 1541 257 1610; x_wconf 90' lang='lat' dir='ltr'>in</span> <span class='ocrx_word' id='word_1_83' title='bbox 271 1564 366 1611; x_wconf 85' lang='lat' dir='ltr'>cxvn</span> <span class='ocrx_word' id='word_1_84' title='bbox 378 1539 533 1639; x_wconf 81' lang='lat' dir='ltr'>psalma,</span> <span class='ocrx_word' id='word_1_85' title='bbox 550 1543 610 1614; x_wconf 93' lang='lat' dir='ltr'>ubi</span> <span class='ocrx_word' id='word_1_86' title='bbox 624 1567 692 1614; x_wconf 88' lang='lat' dir='ltr'>nos</span> <span class='ocrx_word' id='word_1_87' title='bbox 706 1543 877 1640; x_wconf 86' lang='lat' dir='ltr'>legimus:</span> <span class='ocrx_word' id='word_1_88' title='bbox 896 1571 913 1610; x_wconf 78' lang='lat' dir='ltr'>a</span> <span class='ocrx_word' id='word_1_89' title='bbox 928 1546 960 1613; x_wconf 90' lang='lat' dir='ltr'>O</span> <span class='ocrx_word' id='word_1_90' title='bbox 975 1542 1142 1632; x_wconf 87' lang='lat' dir='ltr'>Domine,</span> <span class='ocrx_word' id='word_1_91' title='bbox 1164 1540 1302 1612; x_wconf 89' lang='lat' dir='ltr'>salvum</span> <span class='ocrx_word' id='word_1_92' title='bbox 1324 1565 1382 1626; x_wconf 88' lang='lat' dir='ltr'>me</span> <span class='ocrx_word' id='word_1_93' title='bbox 1394 1539 1467 1628; x_wconf 82' lang='lat' dir='ltr'>fac,</span> <span class='ocrx_word' id='word_1_94' title='bbox 1484 1553 1568 1629; x_wconf 80' lang='lat' dir='ltr'>etc,</span> <span class='ocrx_word' id='word_1_95' title='bbox 1581 1567 1599 1606; x_wconf 83' lang='lat' dir='ltr'>u</span> <span class='ocrx_word' id='word_1_96' title='bbox 1614 1541 1650 1610; x_wconf 90' lang='lat' dir='ltr'>in</span> <span class='ocrx_word' id='word_1_97' title='bbox 1663 1539 1807 1612; x_wconf 81' lang='lat' dir='ltr'>hebraeo</span> 
     </span>
     <span class='ocr_line' id='line_1_10' title="bbox 220 1657 1807 1764; baseline 0.003 -37"><span class='ocrx_word' id='word_1_98' title='bbox 220 1657 369 1754; x_wconf 82' lang='lat' dir='ltr'>legitur:</span> <span class='ocrx_word' id='word_1_99' title='bbox 385 1667 493 1764; x_wconf 72' lang='lat' dir='ltr'>Anna</span> <span class='ocrx_word' id='word_1_100' title='bbox 511 1661 684 1756; x_wconf 73' lang='lat' dir='ltr'>Adonay,</span> <span class='ocrx_word' id='word_1_101' title='bbox 709 1665 896 1734; x_wconf 70' lang='lat' dir='ltr'>[rosanae</span> <span class='ocrx_word' id='word_1_102' title='bbox 910 1712 924 1748; x_wconf 83' lang='lat'>,·</span> <span class='ocrx_word' id='word_1_103' title='bbox 942 1677 1006 1732; x_wconf 86' lang='lat' dir='ltr'>etc.</span> <span class='ocrx_word' id='word_1_104' title='bbox 1029 1665 1072 1732; x_wconf 88' lang='lat' dir='ltr'>Et</span> <span class='ocrx_word' id='word_1_105' title='bbox 1089 1662 1173 1758; x_wconf 90' lang='lat' dir='ltr'>quia</span> <span class='ocrx_word' id='word_1_106' title='bbox 1194 1663 1398 1746; x_wconf 77' lang='lat' dir='ltr'>Hosairnna,</span> <span class='ocrx_word' id='word_1_107' title='bbox 1424 1659 1523 1758; x_wconf 92' lang='lat' dir='ltr'>quod</span> <span class='ocrx_word' id='word_1_108' title='bbox 1549 1683 1617 1730; x_wconf 87' lang='lat' dir='ltr'>nos</span> <span class='ocrx_word' id='word_1_109' title='bbox 1640 1659 1807 1758; x_wconf 82' lang='lat' dir='ltr'>corrupte</span> 
     </span>
     <span class='ocr_line' id='line_1_11' title="bbox 219 1781 1807 1880; baseline 0.001 -30"><span class='ocrx_word' id='word_1_110' title='bbox 219 1793 366 1878; x_wconf 88' lang='lat' dir='ltr'>propter</span> <span class='ocrx_word' id='word_1_111' title='bbox 384 1783 619 1880; x_wconf 79' lang='lat' dir='ltr'>ignorantiam</span> <span class='ocrx_word' id='word_1_112' title='bbox 637 1783 788 1854; x_wconf 86' lang='lat' dir='ltr'>dicimus</span> <span class='ocrx_word' id='word_1_113' title='bbox 806 1787 1004 1869; x_wconf 71' lang='lat' dir='ltr'>Hos-annu,</span> <span class='ocrx_word' id='word_1_114' title='bbox 1019 1781 1194 1873; x_wconf 86' lang='lat' dir='ltr'>salvifica,</span> <span class='ocrx_word' id='word_1_115' title='bbox 1214 1783 1287 1854; x_wconf 92' lang='lat' dir='ltr'>sive</span> <span class='ocrx_word' id='word_1_116' title='bbox 1307 1781 1445 1852; x_wconf 86' lang='lat' dir='ltr'>salvum</span> <span class='ocrx_word' id='word_1_117' title='bbox 1465 1805 1522 1852; x_wconf 88' lang='lat' dir='ltr'>me</span> <span class='ocrx_word' id='word_1_118' title='bbox 1545 1781 1614 1865; x_wconf 85' lang='lat' dir='ltr'>lac,</span> <span class='ocrx_word' id='word_1_119' title='bbox 1632 1783 1807 1880; x_wconf 85' lang='lat' dir='ltr'>exprima-</span> 
     </span>
     <span class='ocr_line' id='line_1_12' title="bbox 219 1901 1809 2003; baseline 0.003 -33"><span class='ocrx_word' id='word_1_120' title='bbox 219 1915 290 1992; x_wconf 89' lang='lat' dir='ltr'>tur,</span> <span class='ocrx_word' id='word_1_121' title='bbox 316 1903 479 1974; x_wconf 90' lang='lat' dir='ltr'>omnium</span> <span class='ocrx_word' id='word_1_122' title='bbox 495 1904 787 2002; x_wconf 86' lang='lat' dir='ltr'>interpretatione</span> <span class='ocrx_word' id='word_1_123' title='bbox 813 1904 989 2000; x_wconf 85' lang='lat' dir='ltr'>signatum</span> <span class='ocrx_word' id='word_1_124' title='bbox 1014 1919 1078 1976; x_wconf 90' lang='lat' dir='ltr'>est.</span> <span class='ocrx_word' id='word_1_125' title='bbox 1098 1933 1117 1970; x_wconf 80' lang='lat' dir='ltr'>u</span> <span class='ocrx_word' id='word_1_126' title='bbox 1138 1908 1182 1974; x_wconf 85' lang='lat' dir='ltr'>Et</span> <span class='ocrx_word' id='word_1_127' title='bbox 1198 1919 1281 2003; x_wconf 88' lang='lat' dir='ltr'>post</span> <span class='ocrx_word' id='word_1_128' title='bbox 1298 1902 1454 2001; x_wconf 75' lang='lat' dir='ltr'>aliqua³z</span> <span class='ocrx_word' id='word_1_129' title='bbox 1476 1901 1648 1976; x_wconf 76' lang='lat' dir='ltr'>«Hebraei</span> <span class='ocrx_word' id='word_1_130' title='bbox 1675 1901 1809 1974; x_wconf 86' lang='lat' dir='ltr'>habent</span> 
     </span>
     <span class='ocr_line' id='line_1_13' title="bbox 217 2019 1805 2123; baseline 0.001 -34"><span class='ocrx_word' id='word_1_131' title='bbox 217 2019 517 2116; x_wconf 85' lang='lat' dir='ltr'>interjectionem,</span> <span class='ocrx_word' id='word_1_132' title='bbox 540 2037 578 2094; x_wconf 91' lang='lat' dir='ltr'>ut</span> <span class='ocrx_word' id='word_1_133' title='bbox 598 2023 744 2121; x_wconf 91' lang='lat' dir='ltr'>quando</span> <span class='ocrx_word' id='word_1_134' title='bbox 761 2022 887 2095; x_wconf 88' lang='lat' dir='ltr'>volunt</span> <span class='ocrx_word' id='word_1_135' title='bbox 901 2025 1096 2094; x_wconf 90' lang='lat' dir='ltr'>Dominum</span> <span class='ocrx_word' id='word_1_136' title='bbox 1120 2023 1322 2123; x_wconf 88' lang='lat' dir='ltr'>deprecari,</span> <span class='ocrx_word' id='word_1_137' title='bbox 1340 2021 1482 2094; x_wconf 84' lang='lat' dir='ltr'>dicant:</span> <span class='ocrx_word' id='word_1_138' title='bbox 1504 2027 1616 2093; x_wconf 78' lang='lat' dir='ltr'>Anna</span> <span class='ocrx_word' id='word_1_139' title='bbox 1631 2021 1805 2110; x_wconf 84' lang='lat' dir='ltr'>Domine,</span> 
     </span>
     <span class='ocr_line' id='line_1_14' title="bbox 216 2140 1805 2243; baseline -0.001 -32"><span class='ocrx_word' id='word_1_140' title='bbox 216 2140 319 2237; x_wconf 88' lang='lat' dir='ltr'>quod</span> <span class='ocrx_word' id='word_1_141' title='bbox 329 2143 561 2240; x_wconf 74' lang='lat' dir='ltr'>Septuaginta</span> <span class='ocrx_word' id='word_1_142' title='bbox 569 2143 789 2243; x_wconf 85' lang='lat' dir='ltr'>interpretati</span> <span class='ocrx_word' id='word_1_143' title='bbox 801 2157 903 2216; x_wconf 88' lang='lat' dir='ltr'>sunt:</span> <span class='ocrx_word' id='word_1_144' title='bbox 920 2147 953 2214; x_wconf 93' lang='grc' dir='ltr'><strong>Ο</strong></span> <span class='ocrx_word' id='word_1_145' title='bbox 965 2145 1132 2216; x_wconf 76' lang='lat' dir='ltr'>Domine</span> <span class='ocrx_word' id='word_1_146' title='bbox 1144 2147 1235 2214; x_wconf 77' lang='lat' dir='ltr'>Hori</span> <span class='ocrx_word' id='word_1_147' title='bbox 1246 2169 1332 2241; x_wconf 86' lang='lat' dir='ltr'>ergo</span> <span class='ocrx_word' id='word_1_148' title='bbox 1349 2140 1504 2214; x_wconf 84' lang='lat' dir='ltr'>salvifica</span> <span class='ocrx_word' id='word_1_149' title='bbox 1515 2143 1805 2240; x_wconf 86' lang='lat' dir='ltr'>interpretantur,</span> 
     </span>
     <span class='ocr_line' id='line_1_15' title="bbox 214 2263 1805 2365; baseline 0.003 -36"><span class='ocrx_word' id='word_1_150' title='bbox 214 2285 318 2332; x_wconf 83' lang='lat' dir='ltr'>anna</span> <span class='ocrx_word' id='word_1_151' title='bbox 337 2263 534 2359; x_wconf 82' lang='lat' dir='ltr'>interjectio</span> <span class='ocrx_word' id='word_1_152' title='bbox 554 2263 777 2363; x_wconf 82' lang='lat' dir='ltr'>deprecantis</span> <span class='ocrx_word' id='word_1_153' title='bbox 789 2279 854 2337; x_wconf 88' lang='lat' dir='ltr'>est.</span> <span class='ocrx_word' id='word_1_154' title='bbox 872 2266 908 2335; x_wconf 91' lang='lat' dir='ltr'>Si</span> <span class='ocrx_word' id='word_1_155' title='bbox 922 2290 964 2336; x_wconf 88' lang='lat' dir='ltr'>ex</span> <span class='ocrx_word' id='word_1_156' title='bbox 982 2264 1124 2336; x_wconf 91' lang='lat' dir='ltr'>duobus</span> <span class='ocrx_word' id='word_1_157' title='bbox 1146 2264 1230 2336; x_wconf 87' lang='lat' dir='ltr'>velis</span> <span class='ocrx_word' id='word_1_158' title='bbox 1249 2266 1489 2365; x_wconf 82' lang='lat' dir='ltr'>compositum</span> <span class='ocrx_word' id='word_1_159' title='bbox 1508 2263 1657 2334; x_wconf 85' lang='lat' dir='ltr'>verbum</span> <span class='ocrx_word' id='word_1_160' title='bbox 1675 2263 1805 2353; x_wconf 86' lang='lat' dir='ltr'>lacere,</span> 
     </span>
     <span class='ocr_line' id='line_1_16' title="bbox 214 2382 1931 2483; baseline 0.002 -31"><span class='ocrx_word' id='word_1_161' title='bbox 214 2382 316 2453; x_wconf 88' lang='lat' dir='ltr'>dices</span> <span class='ocrx_word' id='word_1_162' title='bbox 327 2388 528 2470; x_wconf 77' lang='lat' dir='ltr'>Hesionae,</span> <span class='ocrx_word' id='word_1_163' title='bbox 546 2386 619 2456; x_wconf 90' lang='lat' dir='ltr'>sive</span> <span class='ocrx_word' id='word_1_164' title='bbox 633 2401 674 2456; x_wconf 88' lang='lat' dir='ltr'>ut</span> <span class='ocrx_word' id='word_1_165' title='bbox 685 2409 754 2456; x_wconf 78' lang='lat' dir='ltr'>rios</span> <span class='ocrx_word' id='word_1_166' title='bbox 765 2385 947 2483; x_wconf 89' lang='lat' dir='ltr'>loquimur</span> <span class='ocrx_word' id='word_1_167' title='bbox 964 2389 1152 2472; x_wconf 74' lang='lat' dir='ltr'>Humana,</span> <span class='ocrx_word' id='word_1_168' title='bbox 1172 2385 1289 2458; x_wconf 88' lang='lat' dir='ltr'>media</span> <span class='ocrx_word' id='word_1_169' title='bbox 1303 2385 1417 2472; x_wconf 79' lang='lat' dir='ltr'>vocali</span> <span class='ocrx_word' id='word_1_170' title='bbox 1426 2384 1545 2456; x_wconf 90' lang='lat' dir='ltr'>littera</span> <span class='ocrx_word' id='word_1_171' title='bbox 1558 2384 1653 2456; x_wconf 90' lang='lat' dir='ltr'>elisa.</span> <span class='ocrx_word' id='word_1_172' title='bbox 1663 2414 1680 2451; x_wconf 77' lang='lat' dir='ltr'>a</span> <span class='ocrx_word' id='word_1_173' title='bbox 1696 2389 1783 2455; x_wconf 88' lang='lat' dir='ltr'>ltem</span> <span class='ocrx_word' id='word_1_174' title='bbox 1797 2413 1804 2455; x_wconf 93' lang='lat'><strong>:</strong></span> <span class='ocrx_word' id='word_1_175' title='bbox 1918 2391 1931 2408; x_wconf 77' lang='lat'>‘</span> 
     </span>
     <span class='ocr_line' id='line_1_17' title="bbox 216 2477 1809 2604; baseline 0.006 -34"><span class='ocrx_word' id='word_1_176' title='bbox 216 2533 239 2571; x_wconf 73' lang='lat' dir='ltr'>r«</span> <span class='ocrx_word' id='word_1_177' title='bbox 255 2503 324 2576; x_wconf 90' lang='lat' dir='ltr'>Ubi</span> <span class='ocrx_word' id='word_1_178' title='bbox 342 2505 570 2602; x_wconf 84' lang='lat' dir='ltr'>noslegimus</span> <span class='ocrx_word' id='word_1_179' title='bbox 587 2505 623 2576; x_wconf 92' lang='lat' dir='ltr'>in</span> <span class='ocrx_word' id='word_1_180' title='bbox 644 2477 754 2578; x_wconf 81' lang='lat' dir='ltr'>latinb</span> <span class='ocrx_word' id='word_1_181' title='bbox 770 2535 777 2576; x_wconf 92' lang='lat'><strong>:</strong></span> <span class='ocrx_word' id='word_1_182' title='bbox 795 2537 813 2574; x_wconf 79' lang='lat' dir='ltr'>u</span> <span class='ocrx_word' id='word_1_183' title='bbox 830 2511 862 2578; x_wconf 90' lang='lat'>0</span> <span class='ocrx_word' id='word_1_184' title='bbox 880 2507 1047 2596; x_wconf 90' lang='lat' dir='ltr'>Domine,</span> <span class='ocrx_word' id='word_1_185' title='bbox 1063 2507 1203 2578; x_wconf 91' lang='lat' dir='ltr'>salvum</span> <span class='ocrx_word' id='word_1_186' title='bbox 1223 2531 1281 2578; x_wconf 89' lang='lat' dir='ltr'>me</span> <span class='ocrx_word' id='word_1_187' title='bbox 1299 2507 1369 2596; x_wconf 84' lang='lat' dir='ltr'>lac,</span> <span class='ocrx_word' id='word_1_188' title='bbox 1391 2531 1414 2576; x_wconf 94' lang='lat' dir='ltr'>o</span> <span class='ocrx_word' id='word_1_189' title='bbox 1434 2507 1601 2596; x_wconf 90' lang='lat' dir='ltr'>Domine,</span> <span class='ocrx_word' id='word_1_190' title='bbox 1618 2505 1709 2577; x_wconf 92' lang='lat' dir='ltr'>bene</span> <span class='ocrx_word' id='word_1_191' title='bbox 1726 2533 1809 2604; x_wconf 85' lang='lat' dir='ltr'>pro·</span> 
     </span>
     <span class='ocr_line' id='line_1_18' title="bbox 217 2623 1805 2722; baseline 0.004 -32"><span class='ocrx_word' id='word_1_192' title='bbox 217 2655 237 2692; x_wconf 84' lang='lat' dir='ltr'>t&lt;</span> <span class='ocrx_word' id='word_1_193' title='bbox 252 2647 413 2722; x_wconf 89' lang='lat' dir='ltr'>sperare,</span> <span class='ocrx_word' id='word_1_194' title='bbox 432 2653 449 2691; x_wconf 84' lang='lat' dir='ltr'>u</span> <span class='ocrx_word' id='word_1_195' title='bbox 461 2625 562 2719; x_wconf 83' lang='lat' dir='ltr'>juxta</span> <span class='ocrx_word' id='word_1_196' title='bbox 573 2624 756 2697; x_wconf 86' lang='lat' dir='ltr'>hebraeum</span> <span class='ocrx_word' id='word_1_197' title='bbox 768 2626 884 2722; x_wconf 84' lang='lat' dir='ltr'>legere</span> <span class='ocrx_word' id='word_1_198' title='bbox 896 2649 1087 2722; x_wconf 89' lang='lat' dir='ltr'>possumus</span> <span class='ocrx_word' id='word_1_199' title='bbox 1102 2623 1117 2695; x_wconf 75' lang='grc' dir='ltr'>ε’</span> <span class='ocrx_word' id='word_1_200' title='bbox 1128 2625 1298 2714; x_wconf 87' lang='lat' dir='ltr'>Obsecro,</span> <span class='ocrx_word' id='word_1_201' title='bbox 1314 2625 1485 2707; x_wconf 88' lang='lat' dir='ltr'>Domine,</span> <span class='ocrx_word' id='word_1_202' title='bbox 1504 2624 1638 2696; x_wconf 90' lang='lat' dir='ltr'>salvum</span> <span class='ocrx_word' id='word_1_203' title='bbox 1657 2649 1716 2694; x_wconf 90' lang='lat' dir='ltr'>me</span> <span class='ocrx_word' id='word_1_204' title='bbox 1731 2625 1805 2716; x_wconf 86' lang='lat' dir='ltr'>lac;</span> 
     </span>
     <span class='ocr_line' id='line_1_19' title="bbox 214 2741 1808 2842; baseline 0.001 -30"><span class='ocrx_word' id='word_1_205' title='bbox 214 2742 383 2833; x_wconf 89' lang='lat' dir='ltr'>obsecro,</span> <span class='ocrx_word' id='word_1_206' title='bbox 404 2745 571 2832; x_wconf 89' lang='lat' dir='ltr'>Domine,</span> <span class='ocrx_word' id='word_1_207' title='bbox 592 2767 816 2840; x_wconf 79' lang='lat' dir='ltr'>prosperare.</span> <span class='ocrx_word' id='word_1_208' title='bbox 833 2741 1035 2830; x_wconf 82' lang='lat' dir='ltr'>Matthaeus,</span> <span class='ocrx_word' id='word_1_209' title='bbox 1057 2743 1118 2839; x_wconf 90' lang='lat' dir='ltr'>qui</span> <span class='ocrx_word' id='word_1_210' title='bbox 1136 2741 1279 2814; x_wconf 77' lang='lat' dir='ltr'>hebraeo</span> <span class='ocrx_word' id='word_1_211' title='bbox 1305 2765 1470 2812; x_wconf 89' lang='lat' dir='ltr'>sermone</span> <span class='ocrx_word' id='word_1_212' title='bbox 1490 2743 1627 2841; x_wconf 88' lang='lat' dir='ltr'>scripsit</span> <span class='ocrx_word' id='word_1_213' title='bbox 1637 2771 1653 2830; x_wconf 90' lang='lat'>,·</span> <span class='ocrx_word' id='word_1_214' title='bbox 1668 2745 1715 2814; x_wconf 90' lang='lat' dir='ltr'>ita</span> <span class='ocrx_word' id='word_1_215' title='bbox 1737 2770 1808 2842; x_wconf 91' lang='lat' dir='ltr'>po-</span> 
     </span>
     <span class='ocr_line' id='line_1_20' title="bbox 212 2859 1809 2958; baseline 0.001 -26"><span class='ocrx_word' id='word_1_216' title='bbox 212 2862 308 2933; x_wconf 89' lang='lat' dir='ltr'>suit:</span> <span class='ocrx_word' id='word_1_217' title='bbox 326 2867 497 2933; x_wconf 85' lang='lat' dir='ltr'>Hosanna</span> <span class='ocrx_word' id='word_1_218' title='bbox 514 2861 700 2948; x_wconf 82' lang='lat' dir='ltr'>barrama,</span> <span class='ocrx_word' id='word_1_219' title='bbox 725 2863 761 2932; x_wconf 95' lang='lat' dir='ltr'>id</span> <span class='ocrx_word' id='word_1_220' title='bbox 780 2876 834 2933; x_wconf 83' lang='lat' dir='ltr'>est</span> <span class='ocrx_word' id='word_1_221' title='bbox 847 2866 1015 2932; x_wconf 89' lang='lat' dir='ltr'>Hosanna</span> <span class='ocrx_word' id='word_1_222' title='bbox 1031 2862 1066 2932; x_wconf 92' lang='lat' dir='ltr'>in</span> <span class='ocrx_word' id='word_1_223' title='bbox 1088 2860 1279 2946; x_wconf 78' lang='lat' dir='ltr'>excelsis.»</span> <span class='ocrx_word' id='word_1_224' title='bbox 1299 2859 1382 2931; x_wconf 85' lang='lat' dir='ltr'>Tale</span> <span class='ocrx_word' id='word_1_225' title='bbox 1399 2876 1451 2932; x_wconf 87' lang='lat' dir='ltr'>est</span> <span class='ocrx_word' id='word_1_226' title='bbox 1468 2886 1553 2958; x_wconf 83' lang='lat' dir='ltr'>ergo</span> <span class='ocrx_word' id='word_1_227' title='bbox 1568 2862 1667 2956; x_wconf 86' lang='lat' dir='ltr'>juxta</span> <span class='ocrx_word' id='word_1_228' title='bbox 1687 2865 1809 2934; x_wconf 88' lang='lat' dir='ltr'>Hiero·</span> 
     </span>
     <span class='ocr_line' id='line_1_21' title="bbox 213 2980 1808 3080; baseline 0.003 -28"><span class='ocrx_word' id='word_1_229' title='bbox 213 3007 391 3080; x_wconf 76' lang='lat' dir='ltr'>nymum:</span> <span class='ocrx_word' id='word_1_230' title='bbox 412 3013 429 3050; x_wconf 80' lang='lat' dir='ltr'>a</span> <span class='ocrx_word' id='word_1_231' title='bbox 442 2983 660 3057; x_wconf 74' lang='lat' dir='ltr'>Hosannatn</span> <span class='ocrx_word' id='word_1_232' title='bbox 673 2981 831 3072; x_wconf 88' lang='lat' dir='ltr'>excelsis,</span> <span class='ocrx_word' id='word_1_233' title='bbox 845 3009 864 3048; x_wconf 84' lang='lat' dir='ltr'>u</span> <span class='ocrx_word' id='word_1_234' title='bbox 882 2996 1051 3078; x_wconf 87' lang='lat' dir='ltr'>tauquam</span> <span class='ocrx_word' id='word_1_235' title='bbox 1068 2981 1096 3054; x_wconf 93' lang='lat' dir='ltr'>si</span> <span class='ocrx_word' id='word_1_236' title='bbox 1115 2980 1248 3057; x_wconf 85' lang='lat' dir='ltr'>diceret</span> <span class='ocrx_word' id='word_1_237' title='bbox 1262 3008 1270 3050; x_wconf 91' lang='lat'>:</span> <span class='ocrx_word' id='word_1_238' title='bbox 1286 2985 1490 3071; x_wconf 79' lang='lat' dir='ltr'>Precamar,</span> <span class='ocrx_word' id='word_1_239' title='bbox 1506 2982 1677 3073; x_wconf 88' lang='lat' dir='ltr'>Domine,</span> <span class='ocrx_word' id='word_1_240' title='bbox 1695 2998 1735 3054; x_wconf 91' lang='lat' dir='ltr'>ut</span> <span class='ocrx_word' id='word_1_241' title='bbox 1748 3009 1808 3056; x_wconf 87' lang='lat' dir='ltr'>ve-</span> 
     </span>
     <span class='ocr_line' id='line_1_22' title="bbox 212 3101 1424 3176; baseline -0.005 0"><span class='ocrx_word' id='word_1_242' title='bbox 212 3129 297 3176; x_wconf 86' lang='lat' dir='ltr'>ram</span> <span class='ocrx_word' id='word_1_243' title='bbox 314 3104 419 3176; x_wconf 90' lang='lat' dir='ltr'>uobis</span> <span class='ocrx_word' id='word_1_244' title='bbox 441 3103 591 3176; x_wconf 87' lang='lat' dir='ltr'>salutem</span> <span class='ocrx_word' id='word_1_245' title='bbox 609 3103 771 3175; x_wconf 84' lang='lat' dir='ltr'>conferas</span> <span class='ocrx_word' id='word_1_246' title='bbox 783 3104 822 3173; x_wconf 90' lang='lat' dir='ltr'>in</span> <span class='ocrx_word' id='word_1_247' title='bbox 834 3101 943 3174; x_wconf 70' lang='lat' dir='ltr'>caelis.</span> <span class='ocrx_word' id='word_1_248' title='bbox 1419 3115 1424 3122; x_wconf 84' lang='lat'>&#39;</span> 
     </span>
    </p>

    <p class='ocr_par' dir='ltr' id='par_1_4' title="bbox 198 3222 1861 5009">
     <span class='ocr_line' id='line_1_23' title="bbox 268 3222 1809 3320; baseline 0.003 -30"><span class='ocrx_word' id='word_1_249' title='bbox 268 3253 287 3292; x_wconf 81' lang='lat' dir='ltr'>u</span> <span class='ocrx_word' id='word_1_250' title='bbox 306 3224 554 3296; x_wconf 75' lang='lat' dir='ltr'>benediximus</span> <span class='ocrx_word' id='word_1_251' title='bbox 568 3223 682 3295; x_wconf 92' lang='lat' dir='ltr'>vobis.</span> <span class='ocrx_word' id='word_1_252' title='bbox 702 3251 720 3290; x_wconf 84' lang='lat' dir='ltr'>a</span> <span class='ocrx_word' id='word_1_253' title='bbox 738 3227 823 3294; x_wconf 85' lang='lat' dir='ltr'>Post</span> <span class='ocrx_word' id='word_1_254' title='bbox 835 3223 1122 3294; x_wconf 86' lang='lat' dir='ltr'>benedictionem</span> <span class='ocrx_word' id='word_1_255' title='bbox 1137 3222 1340 3294; x_wconf 85' lang='lat' dir='ltr'>salvationis</span> <span class='ocrx_word' id='word_1_256' title='bbox 1358 3223 1526 3310; x_wconf 87' lang='lat' dir='ltr'>Domini,</span> <span class='ocrx_word' id='word_1_257' title='bbox 1546 3225 1608 3320; x_wconf 93' lang='lat' dir='ltr'>qui</span> <span class='ocrx_word' id='word_1_258' title='bbox 1627 3222 1740 3294; x_wconf 85' lang='lat' dir='ltr'>lactus</span> <span class='ocrx_word' id='word_1_259' title='bbox 1756 3240 1809 3296; x_wconf 88' lang='lat' dir='ltr'>est</span> 
     </span>
     <span class='ocr_line' id='line_1_24' title="bbox 211 3341 1808 3442; baseline -0.001 -28"><span class='ocrx_word' id='word_1_260' title='bbox 211 3346 252 3415; x_wconf 93' lang='lat' dir='ltr'>in</span> <span class='ocrx_word' id='word_1_261' title='bbox 280 3359 389 3442; x_wconf 88' lang='lat' dir='ltr'>caput</span> <span class='ocrx_word' id='word_1_262' title='bbox 410 3343 551 3440; x_wconf 88' lang='lat' dir='ltr'>anguli,</span> <span class='ocrx_word' id='word_1_263' title='bbox 572 3344 619 3414; x_wconf 86' lang='lat' dir='ltr'>ad</span> <span class='ocrx_word' id='word_1_264' title='bbox 637 3343 926 3415; x_wconf 85' lang='lat' dir='ltr'>benedictionem</span> <span class='ocrx_word' id='word_1_265' title='bbox 948 3365 1094 3439; x_wconf 89' lang='lat' dir='ltr'>quoque</span> <span class='ocrx_word' id='word_1_266' title='bbox 1114 3341 1359 3416; x_wconf 87' lang='lat' dir='ltr'>membrorum</span> <span class='ocrx_word' id='word_1_267' title='bbox 1383 3357 1553 3438; x_wconf 81' lang='lat' dir='ltr'>tanquam</span> <span class='ocrx_word' id='word_1_268' title='bbox 1571 3341 1728 3414; x_wconf 90' lang='lat' dir='ltr'>duorum</span> <span class='ocrx_word' id='word_1_269' title='bbox 1747 3369 1808 3441; x_wconf 89' lang='lat' dir='ltr'>pa·</span> 
     </span>
     <span class='ocr_line' id='line_1_25' title="bbox 208 3461 1807 3561; baseline -0.001 -25"><span class='ocrx_word' id='word_1_270' title='bbox 208 3467 346 3537; x_wconf 85' lang='lat' dir='ltr'>rictum</span> <span class='ocrx_word' id='word_1_271' title='bbox 361 3465 406 3538; x_wconf 89' lang='lat' dir='ltr'>ad</span> <span class='ocrx_word' id='word_1_272' title='bbox 418 3490 502 3538; x_wconf 90' lang='lat' dir='ltr'>eum</span> <span class='ocrx_word' id='word_1_273' title='bbox 514 3465 791 3561; x_wconf 89' lang='lat' dir='ltr'>conjunctorum</span> <span class='ocrx_word' id='word_1_274' title='bbox 801 3479 1014 3536; x_wconf 85' lang='lat' dir='ltr'>convertens</span> <span class='ocrx_word' id='word_1_275' title='bbox 1027 3463 1149 3554; x_wconf 90' lang='lat' dir='ltr'>verba,</span> <span class='ocrx_word' id='word_1_276' title='bbox 1166 3463 1252 3536; x_wconf 88' lang='lat' dir='ltr'>dicit</span> <span class='ocrx_word' id='word_1_277' title='bbox 1268 3462 1469 3534; x_wconf 81' lang='lat' dir='ltr'>Psalmista:</span> <span class='ocrx_word' id='word_1_278' title='bbox 1484 3461 1623 3534; x_wconf 84' lang='lat' dir='ltr'>«Vobis</span> <span class='ocrx_word' id='word_1_279' title='bbox 1637 3463 1807 3535; x_wconf 89' lang='lat' dir='ltr'>dedomo</span> 
     </span>
     <span class='ocr_line' id='line_1_26' title="bbox 209 3582 1810 3682; baseline 0 -26"><span class='ocrx_word' id='word_1_280' title='bbox 209 3587 365 3656; x_wconf 90' lang='lat' dir='ltr'>Domini</span> <span class='ocrx_word' id='word_1_281' title='bbox 390 3584 637 3674; x_wconf 68' lang='lat' dir='ltr'>existentibus,</span> <span class='ocrx_word' id='word_1_282' title='bbox 663 3599 698 3656; x_wconf 89' lang='lat' dir='ltr'>et</span> <span class='ocrx_word' id='word_1_283' title='bbox 716 3585 769 3654; x_wconf 61' lang='lat' dir='ltr'>.in¹</span> <span class='ocrx_word' id='word_1_284' title='bbox 787 3608 833 3656; x_wconf 85' lang='lat' dir='ltr'>ea</span> <span class='ocrx_word' id='word_1_285' title='bbox 851 3598 1023 3682; x_wconf 89' lang='lat' dir='ltr'>tanquam</span> <span class='ocrx_word' id='word_1_286' title='bbox 1045 3583 1188 3655; x_wconf 90' lang='lat' dir='ltr'>duobus</span> <span class='ocrx_word' id='word_1_287' title='bbox 1216 3585 1340 3656; x_wconf 89' lang='lat' dir='ltr'>erectis</span> <span class='ocrx_word' id='word_1_288' title='bbox 1366 3582 1577 3680; x_wconf 75' lang='lat' dir='ltr'>parietibus,</span> <span class='ocrx_word' id='word_1_289' title='bbox 1604 3583 1729 3674; x_wconf 79' lang='lat' dir='ltr'>vobis,</span> <span class='ocrx_word' id='word_1_290' title='bbox 1758 3585 1810 3657; x_wconf 90' lang='lat' dir='ltr'>iu·</span> 
     </span>
     <span class='ocr_line' id='line_1_27' title="bbox 207 3695 1808 3803; baseline -0.002 -25"><span class='ocrx_word' id='word_1_291' title='bbox 207 3730 341 3803; x_wconf 88' lang='lat' dir='ltr'>quaxn,</span> <span class='ocrx_word' id='word_1_292' title='bbox 355 3705 614 3794; x_wconf 88' lang='lat' dir='ltr'>benediximus,</span> <span class='ocrx_word' id='word_1_293' title='bbox 631 3719 740 3794; x_wconf 86' lang='lat' dir='ltr'>ete.,-u</span> <span class='ocrx_word' id='word_1_294' title='bbox 758 3703 830 3775; x_wconf 91' lang='lat' dir='ltr'>hoc</span> <span class='ocrx_word' id='word_1_295' title='bbox 842 3719 915 3775; x_wconf 83' lang='lat' dir='ltr'>est:</span> <span class='ocrx_word' id='word_1_296' title='bbox 933 3709 1000 3774; x_wconf 86' lang='lat' dir='ltr'>Pro</span> <span class='ocrx_word' id='word_1_297' title='bbox 1016 3695 1491 3794; x_wconf 58' lang='lat' dir='ltr'>sanctificatiouevestrmet</span> <span class='ocrx_word' id='word_1_298' title='bbox 1502 3704 1666 3776; x_wconf 70' lang='lat' dir='ltr'>Ecclesiae</span> <span class='ocrx_word' id='word_1_299' title='bbox 1684 3705 1808 3776; x_wconf 62' lang='lat' dir='ltr'>multi*</span> 
     </span>
     <span class='ocr_line' id='line_1_28' title="bbox 206 3807 1807 3922; baseline 0.001 -27"><span class='ocrx_word' id='word_1_300' title='bbox 206 3807 412 3922; x_wconf 82' lang='lat' dir='ltr'>plicatione</span> <span class='ocrx_word' id='word_1_301' title='bbox 424 3825 561 3914; x_wconf 85' lang='lat' dir='ltr'>lutura,</span> <span class='ocrx_word' id='word_1_302' title='bbox 582 3847 649 3896; x_wconf 89' lang='lat' dir='ltr'>nos</span> <span class='ocrx_word' id='word_1_303' title='bbox 667 3822 850 3922; x_wconf 83' lang='lat' dir='ltr'>prophetae</span> <span class='ocrx_word' id='word_1_304' title='bbox 868 3823 1013 3894; x_wconf 88' lang='lat' dir='ltr'>Domini</span> <span class='ocrx_word' id='word_1_305' title='bbox 1029 3845 1122 3919; x_wconf 70' lang='lat' dir='ltr'>saepe</span> <span class='ocrx_word' id='word_1_306' title='bbox 1135 3825 1356 3918; x_wconf 84' lang='lat' dir='ltr'>rogavimus,</span> <span class='ocrx_word' id='word_1_307' title='bbox 1379 3837 1414 3894; x_wconf 92' lang='lat' dir='ltr'>et</span> <span class='ocrx_word' id='word_1_308' title='bbox 1434 3839 1603 3921; x_wconf 88' lang='lat' dir='ltr'>tanquam</span> <span class='ocrx_word' id='word_1_309' title='bbox 1618 3825 1664 3896; x_wconf 90' lang='lat' dir='ltr'>dc</span> <span class='ocrx_word' id='word_1_310' title='bbox 1681 3851 1719 3896; x_wconf 89' lang='lat' dir='ltr'>re</span> <span class='ocrx_word' id='word_1_311' title='bbox 1733 3827 1807 3920; x_wconf 88' lang='lat' dir='ltr'>jam</span> 
     </span>
     <span class='ocr_line' id='line_1_29' title="bbox 205 3941 1808 4042; baseline -0.001 -25"><span class='ocrx_word' id='word_1_312' title='bbox 205 3945 397 4042; x_wconf 89' lang='lat' dir='ltr'>completa</span> <span class='ocrx_word' id='word_1_313' title='bbox 411 3948 510 4034; x_wconf 91' lang='lat' dir='ltr'>certi,</span> <span class='ocrx_word' id='word_1_314' title='bbox 525 3971 608 4017; x_wconf 91' lang='lat' dir='ltr'>eum</span> <span class='ocrx_word' id='word_1_315' title='bbox 619 3945 853 4016; x_wconf 83' lang='lat' dir='ltr'>laudavimus.</span> <span class='ocrx_word' id='word_1_316' title='bbox 871 3948 911 4013; x_wconf 93' lang='lat' dir='ltr'>ln</span> <span class='ocrx_word' id='word_1_317' title='bbox 926 3943 1032 4038; x_wconf 91' lang='lat' dir='ltr'>hujus</span> <span class='ocrx_word' id='word_1_318' title='bbox 1042 3957 1130 4042; x_wconf 85' lang='lat' dir='ltr'>typo</span> <span class='ocrx_word' id='word_1_319' title='bbox 1145 3941 1270 4014; x_wconf 77' lang='lat' dir='ltr'>futurae</span> <span class='ocrx_word' id='word_1_320' title='bbox 1283 3943 1543 4014; x_wconf 87' lang='lat' dir='ltr'>benedictionis</span> <span class='ocrx_word' id='word_1_321' title='bbox 1556 3961 1808 4042; x_wconf 84' lang='lat' dir='ltr'>superutrum·</span> 
     </span>
     <span class='ocr_line' id='line_1_30' title="bbox 204 4059 1808 4162; baseline 0 -27"><span class='ocrx_word' id='word_1_322' title='bbox 204 4089 288 4161; x_wconf 87' lang='lat' dir='ltr'>que</span> <span class='ocrx_word' id='word_1_323' title='bbox 315 4064 509 4162; x_wconf 91' lang='lat' dir='ltr'>populum,</span> <span class='ocrx_word' id='word_1_324' title='bbox 530 4063 640 4136; x_wconf 85' lang='lat' dir='ltr'>Jacob</span> <span class='ocrx_word' id='word_1_325' title='bbox 666 4061 863 4162; x_wconf 85' lang='lat' dir='ltr'>patriarcha</span> <span class='ocrx_word' id='word_1_326' title='bbox 886 4061 978 4132; x_wconf 87' lang='lat' dir='ltr'>lilios</span> <span class='ocrx_word' id='word_1_327' title='bbox 1005 4059 1156 4159; x_wconf 82' lang='lat' dir='ltr'>loseph,</span> <span class='ocrx_word' id='word_1_328' title='bbox 1182 4060 1428 4159; x_wconf 87' lang='lat' dir='ltr'>Ephraim,·et</span> <span class='ocrx_word' id='word_1_329' title='bbox 1444 4065 1621 4154; x_wconf 82' lang='lat' dir='ltr'>Manasse,</span> <span class='ocrx_word' id='word_1_330' title='bbox 1644 4065 1808 4136; x_wconf 88' lang='lat' dir='ltr'>manibus</span> 
     </span>
     <span class='ocr_line' id='line_1_31' title="bbox 203 4183 1806 4284; baseline -0.001 -26"><span class='ocrx_word' id='word_1_331' title='bbox 203 4185 440 4278; x_wconf 87' lang='lat' dir='ltr'>cancellatis,</span> <span class='ocrx_word' id='word_1_332' title='bbox 461 4187 531 4258; x_wconf 88' lang='lat' dir='ltr'>hoc</span> <span class='ocrx_word' id='word_1_333' title='bbox 547 4187 649 4258; x_wconf 83' lang='lat' dir='ltr'>estin</span> <span class='ocrx_word' id='word_1_334' title='bbox 662 4185 819 4284; x_wconf 40' lang='lat' dir='ltr'>,modum</span> <span class='ocrx_word' id='word_1_335' title='bbox 832 4185 948 4256; x_wconf 88' lang='lat' dir='ltr'>crucis</span> <span class='ocrx_word' id='word_1_336' title='bbox 964 4183 1145 4280; x_wconf 82' lang='lat' dir='ltr'>obligatis,</span> <span class='ocrx_word' id='word_1_337' title='bbox 1162 4183 1306 4280; x_wconf 68' lang='lat' dir='ltr'>legitur*</span> <span class='ocrx_word' id='word_1_338' title='bbox 1318 4183 1552 4256; x_wconf 88' lang='lat' dir='ltr'>benedixisse.</span> <span class='ocrx_word' id='word_1_339' title='bbox 1576 4184 1644 4256; x_wconf 92' lang='lat' dir='ltr'>Ubi</span> <span class='ocrx_word' id='word_1_340' title='bbox 1659 4186 1806 4283; x_wconf 91' lang='lat' dir='ltr'>quidem</span> 
     </span>
     <span class='ocr_line' id='line_1_32' title="bbox 204 4301 1807 4404; baseline 0.001 -27"><span class='ocrx_word' id='word_1_341' title='bbox 204 4321 383 4403; x_wconf 85' lang='lat' dir='ltr'>patenter</span> <span class='ocrx_word' id='word_1_342' title='bbox 398 4306 559 4378; x_wconf 88' lang='lat' dir='ltr'>innuitur</span> <span class='ocrx_word' id='word_1_343' title='bbox 574 4306 761 4402; x_wconf 85' lang='lat' dir='ltr'>utriusque</span> <span class='ocrx_word' id='word_1_344' title='bbox 774 4304 898 4403; x_wconf 91' lang='lat' dir='ltr'>populi</span> <span class='ocrx_word' id='word_1_345' title='bbox 912 4301 1314 4379; x_wconf 83' lang='lat' dir='ltr'>salvationemluturam</span> <span class='ocrx_word' id='word_1_346' title='bbox 1327 4303 1507 4376; x_wconf 86' lang='lat' dir='ltr'>inChristi</span> <span class='ocrx_word' id='word_1_347' title='bbox 1520 4306 1716 4392; x_wconf 79' lang='lat' dir='ltr'>consistere</span> <span class='ocrx_word' id='word_1_348' title='bbox 1728 4331 1807 4404; x_wconf 88' lang='lat' dir='ltr'>pas·</span> 
     </span>
     <span class='ocr_line' id='line_1_33' title="bbox 202 4423 1804 4523; baseline 0.001 -26"><span class='ocrx_word' id='word_1_349' title='bbox 202 4429 338 4515; x_wconf 87' lang='lat' dir='ltr'>sione,</span> <span class='ocrx_word' id='word_1_350' title='bbox 356 4442 391 4498; x_wconf 88' lang='lat' dir='ltr'>et</span> <span class='ocrx_word' id='word_1_351' title='bbox 408 4427 502 4498; x_wconf 91' lang='lat' dir='ltr'>bane</span> <span class='ocrx_word' id='word_1_352' title='bbox 520 4427 808 4520; x_wconf 78' lang='lat' dir='ltr'>benedictionem</span> <span class='ocrx_word' id='word_1_353' title='bbox 823 4441 895 4496; x_wconf 93' lang='lat' dir='ltr'>tam</span> <span class='ocrx_word' id='word_1_354' title='bbox 913 4426 981 4523; x_wconf 76' lang='lat' dir='ltr'>ipsi</span> <span class='ocrx_word' id='word_1_355' title='bbox 998 4424 1127 4514; x_wconf 86' lang='lat' dir='ltr'>Jacob,</span> <span class='ocrx_word' id='word_1_356' title='bbox 1153 4448 1260 4522; x_wconf 87' lang='lat' dir='ltr'>quam</span> <span class='ocrx_word' id='word_1_357' title='bbox 1282 4427 1382 4496; x_wconf 88' lang='lat' dir='ltr'>lsaae</span> <span class='ocrx_word' id='word_1_358' title='bbox 1399 4423 1599 4497; x_wconf 77' lang='lat' dir='ltr'>etdbrabae</span> <span class='ocrx_word' id='word_1_359' title='bbox 1618 4428 1652 4496; x_wconf 92' lang='lat' dir='ltr'>in</span> <span class='ocrx_word' id='word_1_360' title='bbox 1679 4451 1804 4498; x_wconf 89' lang='lat' dir='ltr'>eorum</span> 
     </span>
     <span class='ocr_line' id='line_1_34' title="bbox 201 4545 1805 4646; baseline -0.001 -26"><span class='ocrx_word' id='word_1_361' title='bbox 201 4548 355 4620; x_wconf 85' lang='lat' dir='ltr'>semine</span> <span class='ocrx_word' id='word_1_362' title='bbox 374 4548 585 4646; x_wconf 66' lang='lat' dir='ltr'>messinam</span> <span class='ocrx_word' id='word_1_363' title='bbox 608 4571 697 4618; x_wconf 88' lang='lat' dir='ltr'>esse.</span> <span class='ocrx_word' id='word_1_364' title='bbox 720 4553 767 4617; x_wconf 81' lang='lat' dir='ltr'>Ae</span> <span class='ocrx_word' id='word_1_365' title='bbox 785 4569 832 4618; x_wconf 87' lang='lat' dir='ltr'>ne</span> <span class='ocrx_word' id='word_1_366' title='bbox 850 4546 945 4616; x_wconf 84' lang='lat' dir='ltr'>forte</span> <span class='ocrx_word' id='word_1_367' title='bbox 959 4545 1342 4642; x_wconf 58' lang='lat' dir='ltr'>quisqtraquuaereret</span> <span class='ocrx_word' id='word_1_368' title='bbox 1363 4569 1385 4616; x_wconf 88' lang='lat' dir='ltr'>a</span> <span class='ocrx_word' id='word_1_369' title='bbox 1402 4545 1686 4645; x_wconf 86' lang='lat' dir='ltr'>prophetatam·</span> <span class='ocrx_word' id='word_1_370' title='bbox 1700 4547 1805 4644; x_wconf 85' lang='lat' dir='ltr'>longe</span> 
     </span>
     <span class='ocr_line' id='line_1_35' title="bbox 199 4664 1801 4763; baseline -0.001 -25"><span class='ocrx_word' id='word_1_371' title='bbox 199 4682 301 4740; x_wconf 87' lang='lat' dir='ltr'>ante</span> <span class='ocrx_word' id='word_1_372' title='bbox 322 4665 658 4756; x_wconf 83' lang='lat' dir='ltr'>adventumChristi</span> <span class='ocrx_word' id='word_1_373' title='bbox 671 4667 860 4754; x_wconf 77' lang='lat' dir='ltr'>existente,¹</span> <span class='ocrx_word' id='word_1_374' title='bbox 875 4666 956 4763; x_wconf 92' lang='lat' dir='ltr'>quis</span> <span class='ocrx_word' id='word_1_375' title='bbox 968 4664 1084 4736; x_wconf 88' lang='lat' dir='ltr'>hocei</span> <span class='ocrx_word' id='word_1_376' title='bbox 1096 4666 1291 4762; x_wconf 73' lang='lat' dir='ltr'>‹nterisque</span> <span class='ocrx_word' id='word_1_377' title='bbox 1305 4664 1512 4745; x_wconf 85' lang='lat' dir='ltr'>revelaverit</span> <span class='ocrx_word' id='word_1_378' title='bbox 1529 4664 1575 4736; x_wconf 89' lang='lat' dir='ltr'>de</span> <span class='ocrx_word' id='word_1_379' title='bbox 1591 4664 1801 4763; x_wconf 86' lang='lat' dir='ltr'>longinquo,</span> 
     </span>
     <span class='ocr_line' id='line_1_36' title="bbox 201 4783 1861 4883; baseline -0.001 -24"><span class='ocrx_word' id='word_1_380' title='bbox 201 4803 316 4860; x_wconf 83' lang='lat' dir='ltr'>tanta</span> <span class='ocrx_word' id='word_1_381' title='bbox 345 4788 499 4859; x_wconf 87' lang='lat' dir='ltr'>caecitate</span> <span class='ocrx_word' id='word_1_382' title='bbox 519 4788 556 4858; x_wconf 91' lang='lat' dir='ltr'>iu</span> <span class='ocrx_word' id='word_1_383' title='bbox 580 4785 685 4874; x_wconf 76' lang='lat' dir='ltr'>lsrael</span> <span class='ocrx_word' id='word_1_384' title='bbox 708 4786 797 4857; x_wconf 87' lang='lat' dir='ltr'>sacta</span> <span class='ocrx_word' id='word_1_385' title='bbox 814 4785 1077 4883; x_wconf 81' lang='lat' dir='ltr'>deproximo,</span> <span class='ocrx_word' id='word_1_386' title='bbox 1107 4783 1562 4883; x_wconf 57' lang='lat' dir='ltr'>ut-subintraret=1gentium</span> <span class='ocrx_word' id='word_1_387' title='bbox 1589 4785 1800 4883; x_wconf 88' lang='lat' dir='ltr'>plenitudo,</span> <span class='ocrx_word' id='word_1_388' title='bbox 1856 4813 1861 4823; x_wconf 94' lang='lat'>·</span> 
     </span>
     <span class='ocr_line' id='line_1_37' title="bbox 198 4891 1804 5009; baseline 0.001 -29"><span class='ocrx_word' id='word_1_389' title='bbox 198 4909 321 5009; x_wconf 88' lang='lat' dir='ltr'>quasi</span> <span class='ocrx_word' id='word_1_390' title='bbox 337 4907 559 5007; x_wconf 88' lang='lat' dir='ltr'>respondens</span> <span class='ocrx_word' id='word_1_391' title='bbox 575 4908 623 4979; x_wconf 90' lang='lat' dir='ltr'>ait</span> <span class='ocrx_word' id='word_1_392' title='bbox 640 4935 647 4977; x_wconf 93' lang='lat'><strong>:</strong></span> <span class='ocrx_word' id='word_1_393' title='bbox 668 4935 686 4973; x_wconf 83' lang='lat' dir='ltr'>a</span> <span class='ocrx_word' id='word_1_394' title='bbox 696 4911 775 5006; x_wconf 86' lang='lat' dir='ltr'>lpse</span> <span class='ocrx_word' id='word_1_395' title='bbox 788 4905 1090 4996; x_wconf 88' lang='lat' dir='ltr'>idemDominus,</span> <span class='ocrx_word' id='word_1_396' title='bbox 1110 4907 1172 5004; x_wconf 90' lang='lat' dir='ltr'>qui</span> <span class='ocrx_word' id='word_1_397' title='bbox 1189 4891 1610 5005; x_wconf 73' lang='lat' dir='ltr'>nunc&#39;parsemetipsum</span> <span class='ocrx_word' id='word_1_398' title='bbox 1628 4932 1804 5007; x_wconf 84' lang='lat' dir='ltr'>apparens</span> 
     </span>
    </p>
   </div>
   <div class='ocr_carea' id='block_1_3' title="bbox 197 5089 1803 5252">
    <p class='ocr_par' dir='ltr' id='par_1_5' title="bbox 197 5089 1803 5252">
     <span class='ocr_line' id='line_1_38' title="bbox 236 5089 1803 5160; baseline -0.001 -16"><span class='ocrx_word' id='word_1_399' title='bbox 236 5095 246 5120; x_wconf 86' lang='lat'>¹</span> <span class='ocrx_word' id='word_1_400' title='bbox 268 5091 379 5155; x_wconf 62' lang='grc' dir='ltr'>Βοιὼ,</span> <span class='ocrx_word' id='word_1_401' title='bbox 397 5108 452 5160; x_wconf 83' lang='lat' dir='ltr'>cap.</span> <span class='ocrx_word' id='word_1_402' title='bbox 473 5109 530 5156; x_wconf 78' lang='lat' dir='ltr'>xxi,</span> <span class='ocrx_word' id='word_1_403' title='bbox 550 5110 572 5143; x_wconf 82' lang='lat' dir='ltr'>v.</span> <span class='ocrx_word' id='word_1_404' title='bbox 597 5097 636 5142; x_wconf 83' lang='lat' dir='ltr'>u.</span> <span class='ocrx_word' id='word_1_405' title='bbox 650 5117 678 5128; x_wconf 94' lang='lat'>-</span> <span class='ocrx_word' id='word_1_406' title='bbox 693 5089 703 5117; x_wconf 84' lang='lat'>⁸</span> <span class='ocrx_word' id='word_1_407' title='bbox 721 5091 782 5154; x_wconf 75' lang='lat' dir='ltr'>opp.</span> <span class='ocrx_word' id='word_1_408' title='bbox 802 5101 820 5140; x_wconf 92' lang='lat' dir='ltr'>t.</span> <span class='ocrx_word' id='word_1_409' title='bbox 842 5089 883 5151; x_wconf 87' lang='lat' dir='ltr'>lV,</span> <span class='ocrx_word' id='word_1_410' title='bbox 903 5089 1285 5155; x_wconf 56' lang='lat' dir='ltr'>parthenius-³091).</span> <span class='ocrx_word' id='word_1_411' title='bbox 1302 5101 1319 5140; x_wconf 84' lang='lat' dir='ltr'>t.</span> <span class='ocrx_word' id='word_1_412' title='bbox 1336 5089 1377 5152; x_wconf 87' lang='lat' dir='ltr'>lV,</span> <span class='ocrx_word' id='word_1_413' title='bbox 1392 5099 1455 5155; x_wconf 82' lang='lat' dir='ltr'>part.</span> <span class='ocrx_word' id='word_1_414' title='bbox 1474 5089 1499 5151; x_wconf 90' lang='lat' dir='ltr'>l,</span> <span class='ocrx_word' id='word_1_415' title='bbox 1519 5105 1545 5155; x_wconf 86' lang='lat' dir='ltr'>p.</span> <span class='ocrx_word' id='word_1_416' title='bbox 1565 5089 1687 5140; x_wconf 78' lang='lat' dir='ltr'>tta-⁸</span> <span class='ocrx_word' id='word_1_417' title='bbox 1707 5093 1803 5152; x_wconf 67' lang='lat' dir='ltr'>Genea,</span> 
     </span>
     <span class='ocr_line' id='line_1_39' title="bbox 197 5185 1176 5252; baseline -0.006 -19"><span class='ocrx_word' id='word_1_418' title='bbox 197 5197 262 5248; x_wconf 81' lang='lat' dir='ltr'>cap.</span> <span class='ocrx_word' id='word_1_419' title='bbox 274 5191 370 5230; x_wconf 73' lang='lat' dir='ltr'>nuru.</span> <span class='ocrx_word' id='word_1_420' title='bbox 466 5247 470 5252; x_wconf 31' lang='grc' dir='ltr'>Ι</span> <span class='ocrx_word' id='word_1_421' title='bbox 1170 5185 1176 5198; x_wconf 87' lang='grc'><em>·</em></span> 
     </span>
    </p>
   </div>
   <div class='ocr_carea' id='block_1_4' title="bbox 0 0 2252 6102">
    <p class='ocr_par' dir='ltr' id='par_1_6' title="bbox 0 0 2252 6102">
     <span class='ocr_line' id='line_1_40' title="bbox 0 0 2252 6102; baseline 0 9"><span class='ocrx_word' id='word_1_422' title='bbox 0 0 2252 6102; x_wconf 95' lang='lat' dir='ltr'> </span> 
     </span>
    </p>
   </div>
  </div>
 </body>
</html>
