4520 6104
468 643 539 713 tta
895 638 1024 709 PETlll
1049 635 1286 710 tssAEttuut
1312 637 1367 708 ΕΤ
1392 635 1619 709 HELOlSSAE

438 823 446 848 a
465 781 661 880 prohibens
679 779 924 876 gloriationem
943 807 951 849 :
970 808 987 847 r<
1004 779 1075 867 Qui
1092 803 1151 869 se,
1166 805 1185 846 u
1204 769 1392 875 inquit¹,*«
1410 779 1634 867 exaltaverit,
1652 775 1908 850 humiliabitur.
1932 806 1950 844 u
1972 771 2051 852 Pross

464 901 662 974 videndum
680 925 825 998 quoque
844 914 916 990 est,
938 925 984 971 ne
1002 924 1068 997 per
1086 897 1282 971 absentiam
1301 913 1484 998 pastorum
1501 923 1584 996 grex
1603 899 1839 996 periclitetur,
1854 914 1889 971 et
1903 923 1949 970 ne
1961 925 2048 998 pra·-

463 1025 542 1096 latis
569 1019 875 1118 extravagantibus
901 1022 998 1092 intus
1017 1019 1205 1118 disciplina
1226 1034 1377 1119 torpeat.
1409 1020 1602 1090 Statuimus
1622 1020 1762 1117 itaque,
1793 1033 1833 1091 ut
1853 1019 2049 1092 diaconissa

463 1144 577 1240 magis
594 1142 809 1242 spiritalibus
826 1166 936 1238 quam
957 1139 1203 1238 corporalibus
1220 1140 1432 1229 intendens,
1459 1139 1556 1210 nulla
1579 1141 1752 1211 exteriore
1769 1164 1854 1211 cura
1872 1155 2050 1212 monaste-

461 1267 555 1336 rium
573 1264 733 1354 deserat,
756 1263 819 1336 sed
834 1265 927 1335 circa
940 1262 1116 1358 subjectas
1131 1275 1229 1334 tanto
1242 1262 1285 1334 sit
1303 1262 1414 1359 magis
1427 1261 1596 1350 sollicita,
1620 1276 1756 1358 quanto
1770 1261 1881 1358 magis
1893 1261 2048 1353 assidua;

463 1401 498 1458 et
517 1385 679 1457 tanto'sit
696 1383 905 1455 hominibus
923 1405 1068 1480 quoque
1085 1380 1272 1480 praesentia
1293 1381 1368 1476 ejus
1389 1378 1646 1469 venerabilior,
1667 1395 1802 1477 quanto
1817 1382 1945 1470 rarior,
1962 1381 2052 1454 sicut

462 1507 633 1605 scriptum
650 1507 726 1576 est²
750 1531 756 1573 :
782 1534 799 1572 ιι
817 1503 1019 1574 Advocatus
1039 1527 1060 1572 a
1078 1504 1281 1600 potentiore
1299 1499 1455 1572 discede.
1478 1503 1531 1570 Ex
1548 1501 1618 1572 hoc
1637 1502 1732 1572 enim
1751 1499 1861 1597 magis
1888 1515 1923 1572 te
1944 1499 2051 1572 advo-

460 1628 566 1699 cabit.
586 1656 604 1696 ιι
628 1629 665 1698 Si
682 1651 752 1724 qua
772 1650 857 1697 vero
876 1625 1053 1722 legatione
1070 1625 1328 1694 monasterium
1347 1637 1469 1720 egeat,
1490 1623 1659 1695 monachi
1678 1623 1733 1694 vel
1748 1648 1873 1695 eorum
1888 1626 2050 1695 conversi

422 1831 427 1838 ‚
460 1774 503 1822 ea
521 1749 723 1846 iungantur.
745 1749 893 1845 Semper
911 1747 1007 1818 enim
1026 1744 1122 1816 viros
1138 1744 1331 1815 mulierum
1347 1741 1667 1816 necessitudinibus
1685 1758 1828 1842 oportet
1845 1743 2045 1841 providere.

464 1851 608 1967 Et‘quo
638 1892 760 1939 earum
782 1866 896 1961 major
924 1865 1071 1962 religio,
1094 1863 1247 1962 amplius
1274 1878 1401 1936 vacant
1419 1869 1517 1954 Dec,
1548 1879 1583 1936 et
1607 1865 1734 1960 majori
1764 1865 1922 1935 virorum
1946 1879 2051 1961 egent

460 1987 672 2088 patrocinio.
698 1985 802 2057 Unde
820 1999 856 2055 et
872 1986 997 2056 matris
1013 1985 1161 2056 Domini
1176 2007 1299 2055 curam
1317 2008 1420 2080 agere
1439 1983 1571 2082 loseph
1591 1982 1638 2054 ab
1653 1982 1779 2080 angelo
1801 1984 2015 2056 admonetur
2024 1987 2048 2076 ⁸,

460 2135 569 2207 quam
586 2123 705 2194 tamen
724 2129 940 2202 cognoscere
965 2129 1039 2177 non
1058 2104 1285 2202 permittitur.
1313 2108 1357 2175 Et
1380 2105 1457 2202 ipse
1475 2105 1652 2175 Dominus
1670 2104 1827 2175 moriens
1843 2105 1944 2202 quasi
1961 2103 2051 2176 alte-

460 2253 541 2300 rum
567 2227 679 2300 filium
707 2226 810 2297 matri
832 2250 903 2298 suae
922 2223 1099 2324 providit,
1126 2225 1187 2320 qui
1214 2224 1290 2319 ejus
1319 2223 1553 2322 temporalem
1577 2239 1696 2320 ageret
1722 2247 1858 2325 curam.
1891 2226 2051 2322 Apostoli

460 2373 604 2449 quoque
621 2362 793 2445 quantam
812 2345 950 2417 devotis
969 2367 1091 2416 curam
1109 2343 1360 2443 impenderent
1378 2342 1517 2414 leminis
1543 2342 1694 2414 dubium
1713 2367 1788 2414 non
1810 2359 1883 2430 est,
1912 2359 1951 2415 ut
1974 2344 2051 2441 jam

461 2470 544 2541 satis
563 2468 647 2540 alibi
672 2464 919 2566 meminimus3
940 2489 1093 2562 quarum
1117 2464 1224 2534 etiam
1251 2462 1430 2560 obsequiis
1453 2462 1625 2534 diaconos
1649 2478 1786 2562 septem
1807 2465 2047 2538 instituemnt.

462 2594 580 2676 Quam
604 2587 752 2684 quidem
779 2609 847 2657 nos
872 2585 1119 2656 auctoritatem
1143 2598 1355 2679 sequentes,
1386 2583 1463 2680 ipsa
1480 2582 1584 2653 etiarn
1606 2583 1656 2654 rei
1674 2583 1964 2656 necessitateboc
1981 2588 2053 2658 exi·

461 2725 586 2808 gente,
615 2708 860 2796 decrevimus,
881 2702 1080 2776 monachos
1098 2717 1133 2774 et
1152 2728 1277 2774 eorum
1300 2725 1515 2792 conversos,
1536 2726 1638 2774 more
1655 2702 1901 2802 apostolorum
1923 2721 1958 2776 et
1976 2704 2053 2780 dia·

460 2856 657 2920 conorum,
681 2830 718 2900 in
738 2829 779 2898 iis
804 2851 890 2923 quae·
909 2824 954 2896 ad
975 2824 1185 2896 exteriorem
1204 2823 1385 2921 pertinent
1413 2845 1557 2911 curam,
1590 2823 1811 2892 monasteriis
1837 2820 2051 2896 feminarum

460 2949 669 3049 providere,
698 2945 828 3046 quibus
857 2944 1010 3016 maxime
1041 2955 1189 3042 propter
1213 2941 1337 3030 missas
1362 2942 1550 3012 necessarii
1575 2955 1658 3011 sunt
1686 2940 1875 3030 monachi,
1903 2957 2054 3042 propter

460 3095 570 3168 opera
587 3093 672 3142 vero
690 3067 865 3139 conversi.
890 3067 1042 3162 Oportet
1060 3063 1197 3158 itaque,
1220 3061 1311 3132 sicut
1328 3059 1565 3150 Alexandriae,
1585 3058 1652 3130 sub
1670 3064 1787 3132 Marco
1812 3063 2050 3158 evangelista,

459 3191 607 3288 legimus
625 3213 700 3267 esse
718 3187 850 3258 sactum
871 3185 908 3256 in
928 3185 1006 3282 ipso
1026 3181 1189 3252 Ecclesiae
1207 3179 1384 3251 nascentis
1403 3178 1576 3268 exordio,
1604 3194 1644 3251 ut
1662 3181 1883 3252 monasteriis
1901 3181 2053 3255 femina·

460 3335 541 3381 rum
570 3307 785 3379 monasteria
813 3329 888 3376 non
918 3302 1035 3374 desint
1062 3302 1241 3390 virorum,
1273 3315 1310 3371 et
1335 3325 1401 3398 per
1429 3299 1589 3396 ejusdem
1610 3300 1789 3398 religionis
1808 3303 1903 3373 viros
1927 3306 2054 3376 omnia

460 3431 676 3501 extrinsecus
693 3425 831 3518 feminis
848 3422 1152 3494 administrentur.
1175 3425 1218 3491 Et
1237 3435 1322 3491 tunc
1345 3419 1507 3517 prolecto
1526 3421 1742 3492 monasteria
1757 3419 1972 3492 seminarum
1991 3421 2055 3493 fir-

462 3551 553 3620 rnius
574 3547 749 3646 propositi
766 3545 820 3616 sui
838 3543 1047 3638 religionem
1061 3539 1249 3612 observare
1267 3537 1458 3631 credimus,
1478 3541 1507 3610 si
1524 3539 1735 3638 spiritalium
1749 3539 1908 3611 virorum
1927 3543 2054 3637 provi-

462 3669 583 3742 dentia
599 3666 868 3766 gubernentur,
889 3677 925 3734 et
940 3661 1036 3732 idem
1055 3675 1128 3732 tam
1151 3661 1275 3731 ovium
1291 3683 1399 3757 quam
1421 3659 1571 3730 arietum
1588 3675 1711 3758 pastor
1729 3663 1986 3753 constituatur3
2010 3679 2055 3735 ut

459 3790 522 3884 qui
541 3787 703 3860 videlicet
719 3787 801 3857 viris
820 3786 895 3883 ipse
912 3806 1058 3881 quoque
1075 3780 1193 3879 praesit
1211 3780 1372 3869 leminis,
1399 3795 1434 3850 et
1451 3804 1609 3878 semper,
1627 3781 1728 3876 juxta
1745 3779 1977 3878 apostolicam
1995 3783 2055 3855 in·

458 3909 700 3998 stitutionem,
724 3921 831 4006 caput
850 3903 1006 3975 mulieris
1024 3901 1069 3972 sit
1086 3902 1157 3992 vir,
1177 3901 1268 3972 sicut
1289 3900 1356 3972 viri
1374 3899 1534 3971 Christus
1546 3927 1560 3991 ,·
1576 3915 1611 3972 et
1628 3899 1757 3972 Christi
1770 3905 1877 3972 Deus.
1895 3901 2001 3974 Unde
2014 3919 2057 3976 et

459 4031 714 4104 monasterium
731 4028 842 4100 beatae
864 4025 1088 4098 Scholasticae
1106 4024 1143 4096 in
1170 4025 1396 4122 possessione
1414 4023 1562 4094 fratrum
1583 4024 1789 4095 monasterii
1808 4025 1914 4094 situm
1932 4023 2056 4097 lintris

457 4176 602 4250 quoque
630 4148 854 4249 providentia
874 4145 1085 4244 regebatur,
1110 4158 1145 4216 et
1163 4142 1287 4215 crebra
1308 4143 1418 4242 ipsius
1436 4142 1492 4214 vel
1513 4141 1662 4214 fratrum
1682 4143 1880 4215 visitatione
1897 4143 2056 4216 instrue-

457 4273 562 4343 batur
581 4285 617 4343 et
640 4267 904 4342 consolabatur.
928 4270 981 4339 De
1003 4265 1104 4362 cujus
1124 4289 1269 4362 quoque
1289 4263 1470 4360 regiminis
1492 4261 1718 4361 providentia
1740 4263 1835 4335 beati
1860 4262 1974 4333 Basilii
1998 4289 2059 4336 re-

456 4392 537 4488 gula
554 4390 712 4489 quodam
731 4389 812 4459 loco
830 4413 896 4460 nos
913 4387 1114 4476 instruens,
1136 4385 1183 4456 ita
1200 4385 1382 4456 continet*
1402 4410 1409 4452 :
1436 4411 1453 4450 κ
1471 4383 1703 4479 Interrogatio
1721 4410 1728 4451 :
1751 4383 1787 4453 Si
1801 4396 1944 4480 oportet
1962 4406 2056 4456 eum

457 4513 520 4610 qui
534 4525 659 4610 praeest
673 4523 770 4580 extra
783 4532 862 4580 earn
875 4532 955 4605 quae
972 4504 1156 4578 sororibus
1174 4519 1298 4603 praeest
1318 4503 1417 4600 loqui
1437 4501 1571 4598 aliquid
1590 4500 1690 4598 quod
1706 4501 1752 4572 ad
1773 4501 2056 4576 aedificationem

458 4633 633 4729 pertineat
657 4628 864 4727 virginibus.
884 4624 1140 4725 -llesponsio
1166 4653 1172 4694 :
1203 4628 1247 4695 Et
1270 4621 1458 4720 quomodo
1486 4615 1684 4692 servabitur
1709 4620 1798 4693 illud
1828 4636 2056 4720 preceptum

457 4752 617 4853 Apostoli
631 4751 827 4826 dicentis⁸z
847 4779 865 4818 ιι
881 4749 1012 4819 Omnia
1034 4762 1149 4820 vestra
1169 4746 1319 4817 honeste
1333 4761 1367 4816 et
1385 4729 1583 4817 secundum
1602 4741 1769 4815 ordinem
1788 4741 1875 4814 fiant
1888 4743 1903 4813 ἓ
1914 4772 1931 4810 ιι
1954 4749 2054 4818 ltem

452 4873 613 4971 sequenti
631 4873 812 4970 capitulo:
837 4900 854 4939 κ
866 4868 1098 4968 Interrogatio
1117 4895 1128 4937 ι’
1147 4867 1185 4938 si
1202 4868 1371 4939 convenit
1388 4890 1472 4938 eum
1482 4865 1545 4963 qui
1556 4878 1682 4963 praeest
1695 4890 1779 4937 cum
1797 4889 1838 4938 ea
1850 4889 1929 4962 quae
1943 4879 2061 4938 sorni

488 5182 495 5207 ‘
514 5181 611 5244 narrt,
621 5197 645 5232 r.
659 5179 749 5232 12.-·
760 5183 851 5241 Ereti„
862 5196 917 5247 cap.
932 5196 984 5238 ιιιι,
997 5195 1022 5229 r.
1037 5176 1122 5228 t2.-·'
1134 5176 1231 5238 llatth.¹
1240 5191 1296 5244 cap.
1305 5194 1327 5238 r,
1338 5193 1362 5227 ι.
1376 5173 1461 5228 ta.-⁴
1473 5175 1566 5240 Regula
1575 5174 1631 5234 int..
1641 5189 1714 5237 cxxxx,
1727 5175 1789 5238 opp.
1801 5171 1859 5224 edit.
1876 5171 1952 5224 Paris.
1971 5176 2057 5238 1839,

455 5270 536 5332 ιιι-80,
548 5281 565 5321 t.
579 5270 619 5332 ll,
632 5286 659 5338 p.
673 5271 774 5320 tta-
787 5269 798 5297 ⁸
812 5269 919 5321 arura
931 5269 956 5332 l,
970 5283 1026 5334 cap.
1038 5283 1090 5330 ιιι,
1099 5283 1122 5316 v.
1135 5269 1176 5316 40.
