4522 6102
469 657 539 726 422
897 658 1023 728 PETRI
1049 659 1283 730 tumulltu}
1309 661 1364 730 ΕΤ
1389 659 1612 730 HELOISSAE

469 797 645 869 Christum
669 798 724 870 hae
736 799 942 870 beatissimae
966 800 1130 872 mulieres
1146 825 1187 872 ac
1199 826 1281 873 vere
1302 803 1473 874 moniales
1488 817 1615 873 secutae
1635 801 1781 883 fuerint,
1799 817 2033 898 quantamque

469 919 615 1013 gratiam
636 933 671 989 et
688 919 863 990 honorem
880 920 1063 990 devotioni
1078 944 1200 991 earum
1218 935 1291 992 tam
1309 923 1382 1020 ipse
1400 922 1559 993 Christus
1577 945 1684 1016 quam
1709 920 1941 1020 postmodum
1955 945 2034 1019 apo·

468 1037 547 1108 stoli
560 1037 794 1129 exhibuerint,
808 1065 913 1110 sacrae
929 1039 1114 1136 diligenter
1125 1040 1278 1112 historiae
1291 1043 1487 1114 continent.
1504 1041 1666 1136 Legimus
1677 1041 1712 1110 in
1728 1039 1931 1136 Evangelio¹
1944 1065 2033 1112 mur·

469 1172 667 1229 murantem
695 1158 925 1249 Pharisaeum,
950 1161 1012 1256 qui
1031 1159 1186 1258 hospitio
1209 1161 1403 1231 Dominum
1424 1175 1644 1258 susceperat,
1666 1159 1805 1257 abipso
1826 1183 1902 1230 esse
1926 1183 2034 1230 corre·

467 1291 563 1346 ctum
577 1280 599 1366 ²,
622 1293 657 1350 et
675 1279 878 1378 peccatricis
902 1278 1056 1350 mulieris
1076 1278 1287 1375 obsequium
1304 1279 1459 1378 hospitio
1476 1279 1551 1376 ejus
1563 1279 1668 1374 longe
1682 1303 1758 1350 esse
1769 1276 1963 1378 praelatum.
1978 1281 2035 1350 Le

467 1398 649 1491 gimus⁸et
666 1401 797 1468 Lazaro
815 1399 890 1493 jam
911 1399 1116 1469 resuscitato
1142 1423 1224 1469 curn
1242 1401 1373 1470 caeteris
1400 1399 1661 1488 discumbente,
1683 1398 1856 1468 llartham
1880 1423 2034 1470 sororem

466 1518 541 1612 ejus
557 1518 670 1588 solam
689 1520 819 1590 mensis
832 1520 1047 1609 ministrare,
1066 1534 1101 1590 et
1117 1521 1261 1588 Mariam
1281 1521 1416 1617 copiosi
1431 1519 1557 1589 libram
1576 1519 1745 1614 unguenti
1762 1517 1912 1614 pedibus
1925 1517 2035 1588 domi·

467 1637 554 1707 uicis
567 1637 771 1727 infundere,
791 1639 1014 1735 propriisque
1036 1637 1170 1735 capillis
1188 1639 1283 1736 ipsos
1307 1654 1505 1734 extergere,
1527 1637 1703 1732 hujusque
1720 1638 1854 1734 copiosi
1869 1639 2034 1732 unguenti

467 1755 579 1828 odore
589 1757 740 1829 domum
753 1759 866 1855 ipsam
878 1757 1061 1856 impletam
1074 1757 1200 1844 luisse,
1219 1781 1264 1829 ac
1280 1757 1325 1828 de
1334 1759 1450 1855 pretio
1463 1757 1589 1853 ipsius,
1604 1756 1688 1852 quia
1705 1771 1776 1828 tam
1793 1757 1943 1828 inaniter
1955 1781 2038 1828 con-

467 1876 558 1946 sumi
568 1877 760 1966 videretur,
776 1876 904 1946 ludam
917 1877 953 1946 in
966 1877 1292 1974 concupiscentiam
1304 1876 1471 1966 ductum,
1487 1891 1521 1946 et
1530 1875 1721 1973 discipulos
1740 1875 2033 1972 indignatosesse.

467 1997 650 2092 satagente
664 1998 782 2093 itaque
794 1995 932 2068 Martha
944 1995 989 2067 de
1000 1994 1106 2084 cibis,
1120 1997 1232 2066 Maria
1249 1995 1425 2094 disponit*
1436 1995 1481 2068 de
1493 1995 1700 2091 tinguentia,
1720 2009 1757 2066 et
1769 2019 1876 2090 quem
1891 1994 1949 2068 illa
1962 1993 2037 2066 refi-

466 2117 512 2186 cit
524 2117 691 2207 interiuS,
708 2117 784 2187 haec
801 2117 967 2187 lassatum
982 2117 1115 2186 refovet
1126 2119 1137 2154 ⁸
1147 2117 1311 2187 exterius.
1336 2119 1407 2187 Nec
1419 2116 1486 2186 nisi
1500 2116 1646 2185 feminas
1657 2115 1813 2186 Domino
1828 2114 2039 2185 ministrasse

467 2237 639 2333 scriptura
657 2235 1124 2331 commemoratevangelica
1135 2239 1156 2305 ⁸.
1174 2239 1260 2322 Quas
1268 2237 1430 2334 proprias
1441 2237 1548 2308 etiam
1560 2234 1784 2306 acutarum
1796 2233 2039 2330 quotidianam

464 2359 539 2451 ejus
550 2358 755 2427 alimoniam
772 2356 955 2446 dicabant,
975 2372 1010 2427 et
1027 2357 1058 2427 ei
1077 2358 1250 2453 praecipue
1267 2355 1373 2452 hujus
1389 2358 1466 2427 vitae
1482 2356 1677 2428 necessaria
1695 2353 1945 2452 procurabant.
1963 2359 2040 2452 lpse

398 2533 411 2560 ,
465 2477 645 2574 discipulis
659 2477 696 2547 in
711 2503 853 2567 mensa,
874 2479 950 2576 ipse
971 2479 1007 2548 in
1028 2477 1208 2548 ablutione
1226 2477 1361 2574 pedum
1374 2477 1613 2548 humillimum
1633 2499 1669 2546 se
1682 2475 1880 2545 ministrum
1898 2473 2041 2545 exhibe-

468 2595 531 2665 bat
543 2601 564 2664 ¹.
584 2601 610 2665 Α
629 2597 728 2668 nullo
748 2622 831 2668 vero
850 2596 1124 2695 discipulorum,
1145 2596 1327 2668 ueletiam
1347 2598 1526 2685 virorum,
1542 2597 1613 2666 hoc
1633 2619 1716 2665 eum
1734 2595 1927 2691 suscepisse
1942 2595 2042 2664 raovi-

469 2739 547 2786 mus
571 2715 808 2812 obsequium:
831 2717 893 2788 sed
912 2717 1023 2807 solas,
1045 2732 1083 2788 ut
1100 2716 1270 2805 diximus,
1294 2716 1443 2807 laminas
1463 2718 1500 2785 in
1519 2715 1573 2786 his
1591 2713 1646 2784 rel
1667 2715 1798 2785 ceteris
1811 2713 2044 2784 humanitatis

468 2832 646 2930 obsequiis
665 2835 899 2906 ministerium
925 2835 1152 2934 impendisse.
1175 2840 1217 2904 Et
1234 2837 1325 2906 sicut
1348 2835 1384 2904 in
1405 2834 1464 2904 illo
1482 2831 1645 2921 Marthae,
1666 2834 1713 2902 ita
1733 2834 1769 2902 in
1789 2833 1856 2901 isto
1875 2831 2043 2900 novimus

467 2952 678 3050 obsequium
692 2957 837 3026 Mariae&
863 2959 951 3041 Quae
965 2954 1110 3051 quidem
1133 2955 1168 3024 in
1192 2954 1262 3024 hoc
1278 2953 1479 3024 exhibendo
1495 2966 1597 3022 tanto
1619 2952 1688 3022 tuit
1704 2951 1880 3038 devotior,
1903 2963 2043 3045 quanto

465 3089 546 3143 ante
558 3073 670 3145 luerat
680 3075 917 3144 criminosior.
930 3077 1125 3162 Dominus,
1144 3095 1235 3169 aqua
1251 3075 1287 3143 in
1305 3074 1437 3171 pelvim
1455 3074 1579 3161 missa,
1596 3072 1688 3142 illius
1704 3069 1896 3142 ablutionis
1906 3070 2045 3166 peregit

465 3190 644 3281 officium,
665 3192 735 3262 hoc
754 3217 839 3263 vero
858 3194 934 3290 ipsa
951 3195 984 3263 ei
1010 3193 1174 3287 lacrymis
1193 3193 1324 3262 intimae
1342 3192 1644 3288 compunctionis,
1666 3215 1738 3260 nou
1764 3190 1931 3260 exteriori
1950 3213 2046 3286 aqua

465 3309 635 3382 exhibuit.
668 3311 815 3382 Ablutos
833 3311 1089 3409 discipulorum
1109 3311 1221 3407 pedes
1239 3311 1348 3380 linteo
1367 3313 1541 3382 Dominus
1557 3311 1721 3397 extnait3
1748 3309 1824 3379 haec
1847 3333 1915 3406 pro
1931 3309 2046 3380 linteo

466 3429 600 3527 capillis
620 3455 681 3500 usa
698 3445 762 3503 est.
784 3435 955 3501 Fomenta
968 3443 1233 3522 unguentorum
1252 3430 1395 3526 insuper
1411 3427 1563 3516 addidit,
1583 3453 1662 3523 qum
1680 3450 1904 3523 nequaquam
1922 3429 2049 3498 Domi-

468 3573 556 3618 num
569 3547 773 3620 adhibuisse
789 3549 952 3645 legimus
975 3550 1062 3635 Quis
1076 3549 1182 3620 etiam
1195 3548 1334 3644 ignoret
1354 3547 1536 3618 mulierem
1549 3549 1728 3618 intantum
1741 3547 1789 3620 de
1809 3548 1918 3644 ipsius
1933 3549 2050 3643 gratia

465 3653 743 3766 praesumpsisse,
760 3685 800 3740 ut
812 3683 918 3766 caput
927 3681 1072 3766 quoque
1081 3671 1157 3765 ejus
1170 3669 1354 3768 superfuso
1365 3668 1554 3744 delibuerit
1563 3669 1769 3765 unguento?
1783 3668 1890 3755 Quod
1897 3669 2051 3764 quidem

467 3803 687 3885 unguentum
702 3813 775 3859 non
789 3789 834 3859 de
843 3785 1018 3860 alabastro
1033 3803 1245 3878 extractum,
1260 3789 1323 3860 sed
1338 3789 1446 3860 fracto
1459 3787 1633 3858 alabastm
1646 3802 1864 3860 metueretur
1875 3787 2051 3875 effimrm,

469 3924 507 3979 ut
525 3909 641 3979 nirniae
659 3908 859 3980 devotionis
875 3907 1070 3979 vehemens
1089 3911 1346 4006 exprimeretur
1359 3908 1576 3979 desiderium
1590 3960 1598 3996 ,
1613 3929 1692 4002 ‹prae
1708 3906 1754 3976 ad
1773 3905 1914 3978 nullum
1924 3909 1937 3946 ⁰
1947 3906 2052 3977 ulte-

468 4030 539 4099 rius
565 4053 669 4098 usum
683 4028 776 4098 illud
802 4027 1055 4100 reservandum
1082 4027 1263 4116 censebat,
1286 4029 1413 4124 quoin
1434 4041 1533 4097 tanto
1557 4049 1619 4096 usa
1637 4026 1681 4095 sit
1699 4023 1883 4120 obsequio.
1907 4029 1945 4095 ln
1970 4051 2055 4122 quo

467 4150 572 4218 etiam
590 4150 706 4248 ipsum
718 4149 793 4244 jam
806 4149 982 4219 unctionis
992 4148 1171 4220 defectum
1188 4147 1286 4218 lactis
1293 4148 1379 4244 ipsis
1393 4146 1552 4232 exhibet,
1575 4166 1684 4241 quem
1695 4159 1800 4220 antea
1813 4144 1938 4215 Daniel
1949 4145 2058 4216 futu·

465 4291 544 4336 rum
558 4265 763 4364 praedixerat
774 4269 794 4306 ¹⁰
810 4294 817 4334 :
832 4281 1022 4364 postquam
1034 4267 1197 4338 videlicet
1213 4269 1432 4363 ungereturss
1446 4268 1593 4338 Sanctus
1606 4277 1823 4335 sanctorum.
1841 4267 1930 4337 Ecce
1947 4266 2059 4336 euim

465 4389 633 4458 Sanctum
651 4402 856 4458 sanctorum
876 4386 1005 4458 mulier
1022 4388 1180 4484 inungit,
1203 4399 1239 4458 et
1262 4411 1346 4458 eum
1364 4387 1495 4483 pariter
1513 4386 1610 4456 hunc
1628 4409 1703 4455 esse
1723 4407 1831 4480 quem
1855 4385 1991 4470 credit,
2016 4401 2061 4455 et

465 4533 572 4604 quern
585 4507 703 4578 verbis
716 4507 890 4607 propheta
904 4509 1191 4606 praesignaverat,
1209 4508 1307 4579 factis
1324 4509 1399 4606 ipsa
1409 4507 1617 4605 proclamat.
1639 4511 1726 4593 Quae
1740 4522 1792 4576 est
1803 4507 1870 4576 ista
1882 4561 1890 4594 ,
1902 4531 2056 4602 qum,

466 4626 611 4696 Domini
623 4623 842 4721 benignitas,
864 4641 924 4696 aut
937 4651 1016 4722 quae
1034 4628 1224 4699 mulierum
1237 4627 1404 4723 dignitas,
1426 4640 1464 4696 ut
1486 4639 1557 4696 tam
1581 4639 1688 4722 caput
1706 4647 1815 4720 quam
1833 4623 1943 4721 pedes
1962 4650 2064 4696 suos

467 4748 542 4844 ipse
560 4769 635 4814 non
655 4746 721 4815 nisi
739 4745 877 4816 feminis
897 4744 1070 4842 praeberet
1090 4746 1343 4842 inungendos?
1361 4751 1448 4832 Quae
1469 4757 1523 4815 est
1541 4746 1625 4832 ista,
1647 4743 1816 4830 obsecro,
1838 4741 2066 4815 infirmioris

467 4889 569 4938 sexus
592 4865 837 4962 praerogativa,
858 4879 898 4936 ut
915 4889 1095 4937 summum
1113 4865 1292 4937 Christum
1305 4865 1473 4936 omnibus
1491 4864 1640 4960 Spiritus
1658 4865 1769 4933 sancti
1788 4863 1978 4956 unguentis
2006 4863 2066 4933 ab

502 5081 509 5106 ¹
528 5081 599 5140 Luc„
619 5095 673 5144 cap.
695 5097 741 5143 ru,
761 5097 784 5129 v.
807 5083 834 5130 ll
856 5093 880 5132 et
897 5097 935 5147 aq.
948 5107 976 5120 -·
992 5079 1003 5106 ¹
1017 5081 1155 5144 Gmrepwm
1168 5081 1197 5130 G.
1207 5105 1240 5120 -·
1272 5097 1295 5131 v.
1309 5084 1333 5130 ὃ.
1348 5109 1369 5116 -
1383 5078 1394 5105 ⁸
1407 5060 1559 5144 Marchcap.
1572 5093 1623 5136 xrv,
1636 5093 1658 5126 r.
1670 5079 1694 5126 3.
1706 5075 1752 5112 --⁹
1763 5076 1972 5126 Steu.-1auum
1985 5077 2075 5128 Edd.

467 5167 476 5192 ⁸
490 5166 573 5228 leun,
583 5180 638 5230 cap.
648 5179 698 5226 xu,
709 5179 733 5214 v.
746 5167 810 5213 3.-
819 5164 828 5190 ⁴
838 5165 877 5215 Sic
888 5165 1056 5228 nutamus
1068 5165 1163 5215 Edd-
1173 5165 1183 5192 ¹
1193 5167 1240 5214 Fo-
1272 5193 1302 5204 -·-
1315 5164 1337 5192 ‘⁰
1348 5165 1422 5224 Dan,
1434 5179 1489 5229 cap.
1502 5180 1540 5223 rx,
1554 5179 1576 5210 r.
1592 5164 1633 5209 at.
1644 5187 1676 5198 -
1689 5161 1708 5188 ¹¹
1723 5162 1880 5223 tarmen-enar
1892 5160 1920 5208 D.

467 5248 712 5310 vetCD.—⁸Luc.,
728 5265 785 5314 cap.
803 5266 892 5308 rrrr,r.
909 5249 1092 5310 ².-⁷Joan.,
1108 5265 1163 5314 cap.
1178 5265 1238 5309 xur,
