4496 6102
441 585 511 653 aaa
631 621 636 631 -
907 529 910 534 ⁵
1044 581 1429 655 resultantium

438 726 517 823 ipso
544 725 632 796 sacio
659 723 853 795 nihilum
877 749 1019 796 rursum
1043 725 1090 796 de
1110 726 1283 824 Spiritu¹:
1307 754 1324 792 u
1340 729 1418 796 Non
1445 725 1540 796 enim
1564 723 1722 822 loquitur
1746 751 1767 796 a
1793 729 2024 826 semetipso.»

442 875 459 914 u
471 849 599 936 Suum,
613 875 631 914 u
648 845 780 942 inquit,
795 844 866 916 hoc
878 861 931 916 est
949 847 1137 944 proprium
1153 862 1188 918 et
1207 845 1560 935 consubstantialem,
1581 871 1655 918 non
1674 847 1895 945 adoptivum.
1917 877 1935 916 u
1947 854 2028 920 Fac·

438 981 515 1036 tum
537 991 580 1037 ex
602 965 766 1056 muliere,
783 994 800 1032 a
826 966 909 1064 quia
930 966 1164 1065 temporalem
1186 966 1384 1039 secundum
1404 967 1681 1058 humanitatem,
1711 992 1820 1066 quarn
1841 969 2029 1067 assumpsit

437 1084 483 1155 de
497 1101 611 1156 matre
626 1087 687 1182 qui
701 1101 805 1185 natus
820 1101 890 1177 est3
909 1111 983 1158 non
1001 1087 1113 1158 lactus
1131 1087 1330 1158 secundum
1344 1085 1592 1176 aeternitatem,
1608 1112 1716 1184 quam
1728 1086 1837 1158 habet
1850 1111 1892 1158 ex
1910 1093 2023 1159 Patre.

438 1203 593 1290 Quidam
609 1204 680 1276 hoc
698 1205 780 1276 loco
798 1221 923 1276 natum
938 1231 981 1276 ex
997 1205 1145 1277 muliere
1163 1207 1407 1303 potiusquam
1424 1204 1556 1275 factum
1575 1231 1617 1276 ex
1636 1205 1784 1278 muliere
1801 1207 1937 1278 dicunt.
1958 1205 2028 1278 Sed

437 1323 639 1422 diligentius
657 1325 847 1424 Apostolus
861 1326 992 1398 iactum
1007 1351 1114 1423 quam
1135 1340 1260 1398 natum
1282 1324 1353 1396 hoc
1368 1325 1451 1396 loco
1465 1324 1570 1416 dixit,
1587 1341 1626 1398 ut
1643 1325 1737 1397 hanc
1751 1327 1970 1399 nativitatem
1983 1327 2027 1398 ab

437 1445 511 1536 illa,
534 1472 612 1545 quae
627 1446 672 1518 dc
693 1451 795 1518 Patre
814 1461 885 1536 est,
910 1461 1073 1544 patenter
1091 1445 1341 1542 distingueret,
1358 1469 1470 1542 quum
1489 1470 1567 1516 eam
1587 1446 1821 1544 temporalem
1838 1447 1893 1518 his
1912 1447 2028 1518 verbis

437 1565 651 1641 ostenderet.
675 1567 771 1637 Beda
789 1590 895 1662 super
914 1569 1086 1635 Lucam':
1114 1594 1131 1633 u
1147 1570 1273 1636 Beatus
1290 1581 1414 1637 venter
1430 1566 1490 1664 qui
1515 1579 1549 1636 te
1571 1568 1745 1664 portavit,
1777 1580 1842 1638 etc.
1857 1595 1875 1634 u
1906 1570 2028 1665 Neque

437 1687 533 1756 enim
558 1684 728 1757 audiendi
751 1699 834 1756 sunt
859 1685 920 1780 qui
947 1682 1140 1780 legendum
1165 1700 1310 1782 putant,
1340 1715 1358 1752 «
1380 1700 1504 1756 uatum
1533 1710 1576 1756 ex
1603 1685 1770 1776 muliere,
1801 1686 1933 1756 factum
1962 1686 2028 1757 suh

436 1802 531 1901 lege,
546 1831 562 1870 u
582 1802 646 1874 sed
666 1833 683 1870 u
700 1803 832 1896 sactum
849 1827 893 1873 ex
911 1802 1107 1874 muliere.»
1129 1805 1167 1876 ln
1186 1819 1288 1875 utero
1307 1804 1469 1901 virginali
1487 1791 1632 1876 carnem
1650 1830 1725 1876 non
1745 1804 1790 1877 de
1807 1805 1937 1896 nihilo,
1954 1831 2027 1878 non

436 1923 598 2014 aliunde,
622 1922 685 1994 sed
704 1938 863 1994 materna
881 1925 987 1994 traxit
1004 1948 1046 1995 ex
1065 1949 1184 1995 carne.
1207 1923 1373 2022 Alioquin
1391 1949 1458 1996 nec
1478 1923 1571 1996 lilius
1589 1917 1952 2018 hominis'diceretur,
1969 1928 2029 2024 qui

437 2045 611 2140 originem
628 2068 703 2115 nou
720 2043 869 2116 haberet
882 2069 924 2116 ex
946 2044 1106 2116 homine.
1129 2049 1180 2115 Ne
1201 2069 1328 2143 parum
1349 2044 1530 2117 videretur
1546 2070 1614 2143 pro
1636 2045 1741 2118 nohis
1759 2062 1878 2118 actum
1897 2046 1944 2118 ad
1965 2045 2028 2118 hu·

437 2162 592 2234 militatis
618 2162 842 2262 exemplum,
871 2162 970 2261 quod
994 2163 1040 2235 de
1065 2164 1225 2237 inferiori
1249 2189 1334 2238 sexu
1361 2164 1538 2236 Dominus
1562 2181 1614 2237 cst
1638 2167 1858 2257 incarnatus,
1887 2165 2029 2238 additur

436 2283 536 2380 quod
552 2285 658 2355 etiam
672 2283 740 2355 sub
759 2285 843 2388 lege·
855 2285 983 2374 factus,
1003 2283 1076 2355 hoc
1089 2301 1159 2378 est,
1179 2284 1420 2358 obedientiam
1439 2285 1525 2383 legis
1542 2311 1618 2358 non
1635 2287 1859 2376 necessitate,
1881 2286 1945 2358 sed
1963 2286 2029 2358 dis·

435 2405 645 2501 pensatione
669 2405 867 2504 complens.
894 2409 973 2476 Non
999 2405 1095 2477 enim
1118 2407 1154 2478 iu
1174 2433 1218 2480 eo
1238 2424 1338 2479 erant
1362 2422 1526 2507 peccata,
1551 2409 1609 2479 cui
1631 2407 1717 2506 legis
1739 2424 1959 2480 sacramenta
1977 2433 2029 2480 es-

436 2539 516 2595 sent
533 2526 742 2596 necessaria.
772 2525 1007 2597 Circumcisus
1025 2541 1145 2598 tamen
1170 2542 1224 2598 est
1250 2551 1352 2600 more
1379 2526 1549 2617 aliorum,
1577 2543 1719 2600 etcum
1746 2528 1871 2601 hostiis
1896 2528 2030 2626 templo

435 2659 681 2742 praesentatus,
703 2660 738 2718 et
759 2671 860 2718 more
877 2647 1090 2718 seminarum
1108 2663 1222 2720 mater
1240 2647 1316 2743 ejus
1332 2647 1617 2745 purificationem
1630 2637 1841 2721 ‘observavit
1860 2649 2026 2746 legalem,

436 2767 473 2835 in
491 2791 562 2863 qua
580 2765 668 2836 nihil
686 2765 948 2864 purificandum
970 2767 1084 2840 fuerat
1101 2768 1342 2867 purgandum.
1360 2773 1447 2855 Quae
1465 2770 1561 2840 euim
1580 2769 1680 2866 virgo
1695 2768 1740 2841 de
1754 2770 1887 2868 Spiritu
1906 2785 2029 2841 sancto

436 2888 601 2984 concepit
614 2902 649 2959 et
661 2889 818 2986 peperit,
835 2887 923 2959 nihil
936 2887 1006 2985 legi
1020 2887 1176 2960 debebat
1188 2890 1224 2959 in
1238 2890 1307 2960 ritu
1322 2887 1591 2987 purificationis

485 3006 593 3094 Quod
609 3008 714 3104 igitur
733 3008 946 3106 evangelista
964 3008 1078 3100 dicitl,
1098 3040 1115 3078 u
1131 3009 1206 3082 dies
1219 3009 1441 3106 purgationis
1455 3010 1548 3106 ejus,
1564 3038 1581 3078 u
1599 3011 1734 3109 inqua,
1754 3027 1792 3083 ut
1808 3010 1945 3084 dictum
1964 3029 2027 3104 est,

437 3124 525 3195 nihil
543 3125 655 3224 culpae
670 3126 898 3225 purgandum
919 3128 1032 3200 suerat
1049 3129 1086 3199 in
1104 3127 1196 3225 lege,
1217 3129 1343 3218 ritum,
1360 3153 1435 3200 non
1460 3129 1625 3200 ellectum
1646 3131 1880 3228 purgationis,
1901 3155 2030 3230 purga-

437 3247 573 3317 tionem
587 3248 739 3318 vocavit.
757 3250 827 3334 Qui
844 3248 1006 3346 prolecto
1025 3249 1113 3320 ritus
1129 3250 1165 3321 in
1183 3249 1261 3346 lege
1280 3251 1450 3341 sancitus,
1468 3275 1579 3349 quum
1597 3249 1653 3323 his
1671 3267 1808 3322 tantum
1825 3253 2031 3325 mulieribus

437 3366 653 3463 injungatur,
679 3393 758 3465 quae
778 3384 943 3467 suscepto
965 3371 1032 3440 viri
1053 3371 1188 3442 semine
1210 3385 1447 3470 pepererunt,
1473 3387 1635 3470 patenter
1655 3372 1868 3464 ostenditur,
1895 3398 2032 3472 nequa·

438 3511 546 3584 quarn
564 3487 745 3583 subjacere
762 3488 844 3560 huic
862 3488 947 3586 legi,
969 3516 1048 3588 quae
1065 3493 1164 3589 virgo
1180 3494 1345 3592 concepit
1366 3510 1401 3565 et
1422 3494 1571 3592 peperit.
1594 3493 1701 3582 Quod
1723 3495 1868 3594 insuper
1885 3495 2028 3586 dicitur,

440 3606 683 3704 «adaperiens
699 3607 872 3700 vulvamt,
889 3638 907 3677 u
926 3610 1015 3682 nihil
1032 3611 1078 3682 ad
1101 3637 1180 3685 eam
1203 3615 1381 3712 pertinere
1400 3629 1577 3706 censetur,
1603 3615 1704 3710 cujus
1728 3615 1909 3712 integritas
1932 3614 2030 3687 nulla

439 3741 493 3798 est
514 3729 698 3825 apertione
716 3728 897 3802 dissoluta.
928 3731 990 3840 llle
1013 3734 1146 3834 quippe
1171 3734 1293 3806 clauso
1319 3752 1421 3808 utero
1449 3738 1571 3807 matris
1595 3750 1648 3806 est
1671 3751 1792 3826 natus,
1817 3737 1880 3833 qui
1902 3736 2032 3808 clausis

434 3846 566 3940 januis,
586 3847 820 3946 postmodum
833 3850 879 3924 ad
893 3851 1086 3951 discipulos
1099 3870 1152 3926 est
1168 3855 1357 3952 ingressus.
1378 3855 1435 3926 Sic
1450 3880 1535 3952 ergo
1549 3869 1675 3945 mater,
1696 3856 1784 3927 sicut
1799 3870 1833 3926 et
1852 3854 1963 3946 filius,
1983 3856 2032 3928 le·

440 3966 579 4062 gemin
603 3970 830 4040 sacramentis
849 3972 981 4064 tenuit,
1005 3997 1080 4045 non
1101 3974 1235 4072 aliqua,
1262 3990 1301 4046 ut
1317 3974 1453 4046 dictum
1473 3990 1543 4065 est,
1569 3975 1792 4064 necessitate,
1816 3973 1879 4046 sed
1903 3999 2032 4071 magna

439 4065 645 4161 humilitatis
666 4087 943 4189 dispensatione.
970 4098 1042 4167 Nec
1063 4094 1180 4166 solum
1201 4097 1267 4168 sub
1286 4096 1363 4194 lege
1382 4095 1503 4168 divina
1521 4095 1805 4196 obtemperando
1822 4095 1905 4167 lacti
1925 4093 2030 4186 sunt,

439 4211 671 4282 verumetiam
693 4211 760 4283 sub
782 4212 951 4285 humana.
978 4217 1032 4322 lle
1055 4231 1168 4288 matre
1191 4202 1325 4316 quippe
1349 4217 1516 4315 legimuS,
1542 4216 1641 4314 quod
1665 4241 1747 4287 cum
1771 4215 1848 4287 viro
1871 4215 2033 4314 profecta

437 4331 741 4427 estBethlehem,
752 4349 791 4404 ut
808 4334 1036 4433 persolvendi
1049 4360 1176 4409 census
1191 4339 1335 4409 Caesaris
1357 4339 1551 4436 susciperet
1562 4337 1701 4434 legem:
1721 4361 1762 4408 ac
1782 4335 1849 4408 sub
1867 4334 1927 4406 illa
1944 4360 2034 4434 pro·-

436 4449 588 4522 sectione
606 4477 719 4549 quum
737 4452 787 4523 ibi
806 4474 1044 4548 morarentur,
1063 4457 1140 4554 ipsa
1157 4458 1296 4557 peperit
1313 4457 1547 4555 unigenitum.
1570 4457 1640 4544 Qui
1662 4457 1769 4529 etiam
1796 4454 2034 4554 postmodum

436 4594 512 4642 non
526 4571 661 4664 solum,
681 4587 721 4644 ut
734 4573 871 4645 dictum
885 4591 955 4667 est,
972 4577 1040 4675 legi
1059 4580 1142 4671 Dei,
1165 4577 1228 4650 sed
1247 4580 1354 4651 etiam
1370 4578 1439 4676 legi
1457 4577 1708 4678 obtemperans
1720 4576 1863 4666 mundi,
1880 4600 2034 4647 censum

436 4693 561 4764 Caesari
583 4693 769 4791 persolvit,
784 4720 891 4792 quem
916 4714 951 4770 et
969 4699 1170 4798 persolvere
1185 4713 1331 4774 caeteros
1345 4698 1551 4789 admonuit,
1571 4697 1734 4772 dicens⁸:
1755 4727 1774 4766 u
1788 4696 1938 4768 Reddite
1950 4720 2035 4794 quae

436 4827 518 4882 sunt
536 4815 679 4886 Caesaris
695 4817 841 4906 Caesari,
859 4832 893 4889 et
909 4843 987 4915 quae
1006 4834 1090 4892 sunt
1101 4821 1167 4891 Dei
1183 4824 1272 4893 Deo.
1289 4848 1306 4888 u
1327 4820 1506 4918 Scriptum
1523 4819 1559 4891 in
1578 4817 1781 4891 Matthaeo⁶2
1800 4847 1817 4885 a
1831 4820 1953 4902 Quum
1971 4840 2037 4887 ve·

473 5117 481 5144 ¹
495 5116 577 5181 luam,
590 5133 646 5186 cap.
657 5137 712 5183 xvr,
725 5137 749 5172 r.
763 5121 854 5173 lte-¹
865 5122 937 5186 Luc,
949 5139 1004 5191 cap.
1017 5141 1056 5188 ιι,
1066 5141 1091 5176 v.
1103 5127 1281 5188 27.-⁵Luc.,
1293 5141 1347 5193 cap.
1360 5143 1392 5189 u,
1404 5142 1428 5178 v.
1439 5128 1481 5177 22.
1491 5152 1524 5166 -
1533 5124 1629 5190 ‘'lbid.,
1640 5141 1663 5178 v.
1678 5126 1721 5176 23.
1734 5151 1763 5163 -
1775 5121 1889 5184 tusto„
1898 5137 1955 5188 cap.
1967 5138 2038 5182 uu,

439 5205 684 5274 v.at.·-⁸ltauh.,
696 5223 750 5277 cap.
765 5226 830 5274 xvu,
841 5227 864 5262 v.
879 5213 920 5261 23.
