4536 6102
634 609 691 678 DE
716 609 883 681 anero
908 611 1076 681 JOANNE
1101 611 1309 684 BAPTlSTA
1334 611 1496 681 SERMO.
1780 615 1843 684 57t

271 747 365 819 ultro
378 761 475 819 terra
490 747 610 836 dabat,
625 763 828 839 contentus,
843 775 909 821 nec
926 775 1031 848 pane,
1047 776 1113 823 nec
1130 752 1239 841 olere,
1256 777 1322 823 nec
1339 752 1459 848 aliquo
1476 765 1581 822 cocto
1597 753 1692 823 vesci
1708 752 1848 848 legitur,

271 866 334 939 sed
351 882 491 938 tantum
508 868 612 940 melle
629 871 803 966 sylvestri,
823 885 857 940 et
874 869 1031 959 locustis,
1045 886 1080 942 et
1096 895 1187 968 aqua
1204 886 1436 943 sustentatur:
1446 872 1538 942 Elias
1555 896 1628 942 non
1647 871 1764 943 solum
1781 874 1851 944 cibi

271 990 472 1080 monastici,
491 991 725 1061 verumetiam
742 991 905 1060 carnium
922 990 1131 1061 alimentum
1148 993 1264 1062 corvis
1281 991 1564 1062 ministrantibus
1576 989 1714 1063 habuit.
1727 997 1756 1062 Α
1771 995 1849 1090 qui-

269 1107 422 1180 busnon
439 1109 548 1181 semel
564 1111 600 1178 in
618 1109 689 1197 die,
706 1109 769 1180 sed
786 1125 859 1179 tam
877 1134 982 1181 mane
996 1135 1105 1205 quarn
1114 1135 1260 1207 vespere
1277 1109 1323 1181 ad
1339 1135 1422 1181 eum
1438 1111 1493 1181 bae
1509 1112 1642 1207 pariter
1658 1136 1741 1181 cum
1758 1137 1850 1214 pane

271 1225 534 1298 deferebantur.
562 1229 633 1312 Qui
655 1242 690 1298 et
710 1228 756 1297 de
775 1241 934 1298 torrente
952 1227 1074 1299 Charit
1089 1229 1260 1324 poculum
1281 1227 1433 1318 babens,
1454 1229 1490 1298 in
1512 1228 1626 1299 tribus
1643 1231 1734 1318 istis,
1757 1254 1851 1327 pane

270 1344 451 1434 videlicet,
471 1343 655 1434 carnibus,
675 1361 710 1416 et
726 1370 836 1443 aqua,
857 1370 931 1416 non
948 1349 1102 1442 magnae¹
1124 1347 1346 1418 abstinentiae
1362 1343 1552 1442 gra'vamen
1569 1347 1757 1420 sentiebat.
1776 1349 1851 1419 Filii

269 1487 413 1560 quoque
435 1463 578 1536 Rechab
601 1464 735 1538 nullam
753 1465 972 1560 jejuniorum
989 1465 1133 1537 laudem
1149 1467 1288 1564 adepti,
1307 1465 1353 1536 de
1370 1465 1582 1538 abstinentia
1600 1483 1740 1540 tantum
1756 1470 1848 1557 vini,

268 1607 343 1654 non
378 1585 557 1674 carnium,
591 1585 646 1655 vel
678 1609 973 1683 quarumcunque
1007 1585 1232 1676 deliciarum,
1267 1587 1568 1658 commendantur
1599 1612 1621 1659 a
1652 1589 1810 1660 Domino
1825 1593 1848 1658 ¹.

269 1708 423 1776 loannes
438 1729 525 1776 vero
542 1705 688 1803 ejusque
711 1705 875 1804 discipuli
897 1708 933 1777 in
955 1707 1170 1779 abstinentia
1186 1707 1365 1805 corporali
1385 1706 1613 1804 quotidiana,
1637 1732 1712 1779 non
1734 1708 1851 1779 solum

267 1827 404 1923 priores
429 1840 567 1922 patres,
587 1828 822 1898 verumetiam
842 1828 960 1924 ipsum
981 1827 1178 1918 Christum,
1202 1828 1258 1898 vel
1281 1829 1355 1924 ejus
1376 1827 1569 1927 discipulos
1592 1828 1851 1901 transcendisse

267 1941 405 2040 legitur,
425 1945 515 2015 sicut
530 1946 697 2017 Matthaeo
713 1945 887 2018 referente
904 1945 1112 2018 didicimus³
1132 1975 1139 2017 :
1162 1951 1434 2035 «decesserunt,
1450 1973 1468 2013 u
1490 1946 1619 2043 inquit,
1637 1975 1654 2014 κ
1669 1946 1715 2018 ad
1731 1952 1850 2018 lesum

267 2061 432 2160 discipuli
447 2066 594 2136 loannis
610 2064 769 2137 dicentes
789 2094 797 2136 :
820 2070 969 2153 «Quare
984 2091 1053 2136 nos
1070 2080 1105 2136 et
1120 2066 1282 2163 pharisaei
1294 2065 1496 2162 jejunamus
1514 2065 1730 2163 frequenter,
1750 2065 1852 2140 disci·

269 2205 287 2247 «
307 2180 381 2278 puli
397 2197 517 2252 autem
529 2184 581 2253 tui
595 2207 669 2254 non
678 2183 862 2278 jejunant?
876 2212 894 2251 u
907 2188 950 2254 Et
965 2185 1014 2254 ait
1029 2184 1097 2254 illis
1112 2188 1233 2254 Jcsus:
1250 2211 1268 2250 ιι
1281 2183 1450 2281 Nunquid
1470 2199 1621 2281 possunt
1637 2182 1699 2255 frlii
1714 2185 1847 2281 lugere,

269 2329 287 2368 κ
307 2300 468 2398 quandiu
483 2327 567 2373 cum
584 2300 650 2373 illis
666 2318 720 2374 est
735 2304 908 2399 sponsus?
925 2329 943 2370 u
970 2303 1041 2388 Qui
1061 2304 1169 2374 etiam
1190 2317 1324 2399 quanta
1340 2303 1493 2374 vestium
1514 2303 1719 2402 asperitate,
1744 2329 1790 2375 ne
1813 2305 1850 2373 in

265 2421 340 2491 istis
357 2419 512 2518 aliquam
529 2423 676 2493 sentiret
691 2422 892 2510 mollitiem,
912 2447 979 2493 nec
995 2421 1123 2494 eadem
1139 2422 1343 2518 Evangelia,
1360 2445 1427 2492 nec
1444 2423 1519 2519 ipse
1536 2423 1712 2494 Dominus
1729 2411 1852 2494 reticet
1975 2422 1980 2429 ’

265 2538 303 2608 in
329 2538 434 2611 laude
456 2541 543 2635 ejus.
572 2541 750 2637 Scriptum
771 2541 905 2638 quippe
929 2543 1001 2611 est⁴
1021 2567 1029 2611 ε
1051 2568 1069 2608 κ
1083 2545 1162 2637 lpse
1178 2555 1298 2611 autem
1316 2544 1471 2610 loannes
1488 2539 1645 2610 babebat
1659 2539 1851 2611 vestimen-

264 2671 342 2728 tum
363 2656 408 2728 de
428 2659 509 2756 pilis
529 2659 767 2748 camelorum,
786 2675 821 2731 et
838 2682 969 2730 zonam
984 2659 1170 2757 pelliceam
1187 2659 1281 2730 circa
1297 2656 1440 2729 lumbos
1457 2683 1554 2729 suos.
1575 2687 1594 2726 u
1619 2663 1688 2729 Pro
1705 2659 1851 2730 cucullis

264 2776 409 2873 quidem
431 2778 542 2851 laneis
556 2778 698 2877 hispida
718 2779 765 2850 de
780 2780 860 2877 pilis
876 2779 1096 2851 camelorum
1111 2778 1270 2850 habebat
1286 2778 1509 2850 indumenta.
1534 2783 1604 2852 Pro
1621 2777 1851 2850 femoralibus
1957 2791 1961 2802 '

263 2895 379 2986 lineis,
397 2922 490 2969 zona
501 2898 649 2996 pellicea
658 2901 752 2970 circa
764 2897 906 2969 lumbos
923 2898 1102 2986 utebatur,
1115 2913 1156 2968 ut
1169 2896 1336 2968 videlicet
1350 2896 1538 2992 frigiditate
1552 2911 1588 2968 et
1603 2896 1734 2968 duritia
1750 2896 1851 2994 pellis

264 3013 421 3086 calorem
438 3031 473 3086 et
489 3017 675 3087 mollitiem
692 3017 902 3114 reprimeret
916 3015 1089 3087 libidinis.
1113 3015 1219 3086 Filius
1235 3015 1310 3111 ipse
1326 3013 1506 3111 pontificis
1522 3015 1585 3111 qui
1601 3030 1687 3085 tunc
1702 3014 1851 3085 haeredi-

263 3133 355 3204 tario
367 3133 448 3228 jure
463 3137 555 3231 patri
572 3135 805 3224 succedebat,
824 3134 961 3233 populo
977 3135 1194 3231 contempsit
1208 3157 1357 3230 praeesse
1373 3134 1410 3203 in
1427 3134 1590 3222 civitate,
1604 3148 1644 3204 ut
1660 3132 1849 3230 perfectius

151 3237 153 3242 ¹
264 3259 342 3324 Deo
362 3270 505 3326 vacaret
525 3257 562 3324 in
584 3254 791 3327 solitudine.
816 3255 928 3349 Hujus
948 3256 1075 3348 onagri
1095 3255 1239 3322 fuerunt
1254 3267 1396 3322 montes
1412 3252 1595 3347 pascuales
1607 3253 1674 3324 viri
1691 3252 1849 3349 praedicti

263 3371 450 3444 altitudine
465 3375 545 3444 vitae
566 3375 603 3444 in
624 3375 777 3469 antiquo
794 3371 930 3469 populo
951 3372 1219 3468 praeminentes,
1238 3369 1285 3441 ad
1300 3395 1391 3467 quos
1412 3371 1621 3441 intentionis
1638 3395 1709 3442 suae
1724 3371 1849 3443 oculos
1889 3441 1892 3448 ,

262 3491 397 3580 levans,
412 3492 512 3586 juxta
530 3491 653 3564 illud':
669 3493 831 3562 «Levavi
847 3490 972 3562 oculos
989 3515 1089 3561 meos
1102 3490 1140 3560 in
1157 3504 1312 3578 montes,
1327 3516 1345 3556 ιι
1364 3503 1453 3585 quot
1469 3489 1554 3561 inde
1565 3490 1739 3560 virtutum
1756 3515 1849 3562 surn-

261 3613 332 3708 psit
356 3611 536 3708 exempla,
568 3612 669 3708 quasi
696 3626 751 3682 tot
771 3611 918 3682 virentis
942 3608 1062 3680 berbae
1084 3608 1250 3680 habuerit
1265 3609 1409 3706 pabula.
1434 3613 1514 3680 Non
1536 3611 1633 3680 enim
1649 3611 1687 3679 in
1703 3609 1848 3704 singulis

261 3732 383 3803 omnia
399 3730 529 3808 divinae
545 3732 664 3827 gratiae
678 3730 777 3801 dona
792 3727 1004 3826 reperiebat,
1024 3727 1087 3799 sed
1105 3753 1146 3798 ex
1163 3728 1311 3799 diversis
1328 3728 1469 3802 diversa
1484 3729 1668 3825 colligens,
1688 3730 1789 3826 quasi
1805 3753 1847 3800 ex

260 3851 381 3922 multis
396 3875 510 3922 unum
526 3851 713 3922 hominem
728 3849 926 3947 perfectum
942 3870 1162 3944 componere
1178 3836 1356 3918 studebat.
1383 3849 1494 3943 Hujus
1510 3849 1631 3944 itaque
1646 3850 1756 3922 vitam
1772 3864 1845 3922 tam

260 3969 306 4041 de
331 3971 554 4042 continentia
584 3995 693 4066 quam
719 3968 764 4039 de
789 3968 1004 4040 abstinentia
1035 3966 1212 4037 Dominus
1242 3967 1431 4063 praeferens
1460 3968 1653 4056 universis,
1679 3993 1746 4039 nec
1772 3983 1845 4040 tam

259 4088 457 4161 humanam
471 4115 580 4186 quam
592 4090 789 4186 angelicam
804 4111 953 4159 censens
965 4110 1058 4175 eam,
1070 4110 1183 4182 quum
1199 4086 1424 4183 praemisisset
1439 4086 1475 4157 in
1494 4087 1569 4180 ejus
1583 4084 1727 4157 laude':
1743 4088 1843 4160 «Sed

260 4210 350 4308 quid
366 4209 483 4283 existis
499 4210 641 4283 videre?
663 4209 899 4308 prophetam?
915 4209 1006 4280 Dico
1021 4207 1124 4278 vobis
1140 4207 1220 4304 plus
1236 4201 1345 4304 quam
1362 4206 1590 4304 prophetam,
1605 4234 1622 4274 u
1640 4208 1758 4278 statim
1780 4207 1843 4278 ad·

256 4333 342 4427 jecit
363 4359 370 4400 :
393 4361 410 4400 κ
426 4333 491 4402 Hic
508 4346 573 4419 est,
593 4330 727 4427 dequo
745 4331 986 4429 scriptumest
1006 4356 1013 4399 :
1036 4357 1054 4396 u
1066 4331 1157 4400 Ecce
1173 4329 1277 4399 mitto
1294 4327 1460 4424 angelum
1474 4348 1608 4415 meum,
1628 4342 1696 4398 etc'.
1712 4355 1730 4393 ι)

309 4450 406 4537 Quid
422 4466 554 4540 autem,
575 4451 713 4539 fratres,
731 4451 821 4521 tanti
834 4449 1005 4547 principis
1021 4448 1135 4520 nostri
1144 4448 1255 4519 vitam
1272 4446 1528 4519 commendare
1544 4446 1704 4544 prodest,
1718 4448 1748 4517 si
1764 4471 1843 4518 eam

260 4570 392 4642 imitari
407 4571 691 4642 contemnimus?
713 4569 812 4640 Sicut
826 4569 876 4640 ait
890 4568 1127 4666 Apostoluslz
1150 4571 1410 4664 «Quaecunque
1431 4567 1562 4664 scripta
1583 4580 1683 4656 sunt,
1707 4565 1753 4636 ad
1774 4591 1842 4636 no·

259 4703 371 4761 stram
387 4689 590 4761 doctrinam
606 4691 737 4787 scripta
755 4703 851 4778 sunt,
868 4703 908 4760 ut
924 4712 990 4787 per
1005 4688 1214 4786 patientiam
1229 4701 1266 4758 et
1281 4686 1565 4759 consolationem
1581 4687 1843 4784 scripturarum

260 4833 361 4907 spem
384 4809 593 4882 habeamus.
609 4837 634 4876 »-
653 4813 836 4896 Quantum
859 4807 964 4879 nobis
990 4809 1155 4880 imminet
1178 4807 1393 4904 periculum,
1422 4807 1514 4878 sica
1538 4830 1613 4877 non
1633 4805 1843 4904 impleamus

296 5107 401 5160 ‘Aliter
415 5106 717 5173 maantam.-⁸Jcrem..
735 5110 1031 5174 cap.·xxxv,v.letsq.
1072 5103 1181 5156 ¹Psalm.
1202 5119 1273 5165 cxx,
1291 5119 1315 5154 v.
1344 5108 1367 5155 1,
1389 5102 1549 5156 -·ttsuh.
1559 5142 1567 5167 ,
1589 5118 1644 5170 cap.
1668 5117 1713 5166 ιι,
1734 5118 1758 5153 ι.
1773 5104 1840 5154 9.-

262 5217 290 5227 -
304 5190 421 5254 Ἰαὼ,
438 5207 495 5260 cap.
511 5208 551 5255 rx,
563 5207 586 5242 ιι.
603 5192 643 5242 li.
652 5189 790 5248 -⁴lbid.,
802 5207 857 5257 cap.
876 5206 916 5252 ιιι,
929 5205 953 5244 ι.
965 5195 990 5246 l.
1001 5215 1032 5228 —
1074 5190 1175 5251 Ἰἰοιιιυ
1186 5205 1242 5255 cup.
1253 5204 1295 5253 xv,
1307 5205 1330 5238 ι.
1343 5191 1369 5242 l.
