4486 6100
469 593 541 667 290
986 591 1212 666 HELOISSAE
1236 593 1532 672 PROBLEMATA

468 734 680 826 nicationis,
701 733 844 834 nuptias
861 757 937 807 esse
955 731 1070 806 bonas
1095 735 1287 808 convincit.
1321 735 1425 809 Unde
1450 753 1486 809 et
1503 735 1540 808 in
1559 733 1729 834 praedicto
1746 734 1859 828 libro,
1888 735 1932 808 de
1953 741 2049 808 Bono

467 852 600 928 scilicet
627 851 826 952 conjugali,
852 853 903 926 sic
919 853 988 926 ait²
1009 881 1056 947 τι(
1076 859 1216 928 Βοιιιιιιι
1234 880 1319 954 ergo
1344 855 1520 956 conjugii,
1552 854 1652 955 quod
1677 854 1785 932 etiam
1813 857 1991 928 Dominus
2013 856 2048 928 in

467 971 659 1072 Evangelio
677 971 919 1066 confirmavit,
935 997 1010 1046 non
1027 972 1146 1047 solum
1159 975 1243 1074 quia
1259 975 1444 1075 probibuit
1457 975 1635 1049 dimittere
1649 999 1796 1048 uxorem
1814 975 1882 1048 nisi
1893 999 1937 1047 ex
1948 998 2050 1047 causa

466 1092 727 1184 fornicationis,
748 1092 813 1165 sed
837 1091 944 1165 etiam
962 1094 1046 1192 quia
1064 1094 1162 1166 venit
1186 1095 1353 1168 invitatus
1371 1096 1418 1167 ad
1441 1095 1599 1193 nuptias,
1620 1118 1685 1167 cur
1706 1092 1751 1166 sit
1767 1091 1906 1166 bonum
1922 1093 2049 1166 merito

465 1214 645 1311 quaeritur.
666 1211 775 1301 Quod
800 1211 888 1284 mihi
915 1237 990 1286 non
1007 1213 1150 1287 videtur
1166 1229 1314 1313 propter
1339 1216 1453 1287 solam
1478 1214 1635 1287 liliorum
1659 1213 1969 1313 procreationem,
1989 1213 2049 1286 sed

463 1347 612 1433 propter
634 1334 748 1432 ipsam
765 1333 872 1404 etiam
895 1334 1095 1407 naturalem
1117 1335 1155 1407 in
1180 1333 1322 1408 diverso
1337 1360 1422 1411 sexu
1439 1337 1658 1408 societatem.
1675 1361 1694 1403 n
1711 1337 1847 1408 ltem¹:
1866 1338 2047 1408 «Tantum

463 1454 558 1527 valet
574 1453 662 1527 illud
679 1453 809 1532 sociale
821 1453 1006 1527 vinculum
1018 1454 1232 1553 conjugum,
1253 1470 1293 1528 ut
1303 1480 1417 1553 quum
1429 1479 1536 1530 causa
1548 1453 1762 1554 procreandi
1773 1452 1971 1551 colligetur,
1987 1477 2050 1526 nec

462 1575 539 1673 ipsa
557 1599 663 1650 causa
680 1575 896 1675 procreandi
914 1575 1082 1648 solvatur.
1107 1581 1228 1648 Posset
1246 1576 1353 1649 etiam
1368 1575 1481 1648 homo
1503 1575 1681 1648 dimittere
1702 1574 1857 1648 sterilem
1876 1597 2046 1664 uxorem,

462 1709 498 1767 et
515 1695 647 1769 ducere
673 1695 797 1788 aliam,
828 1695 874 1768 de
901 1719 974 1794 qna
1003 1695 1095 1768 lilios
1121 1695 1268 1789 babeat,
1289 1711 1326 1769 ct
1350 1712 1470 1772 tamen
1502 1721 1577 1768 non
1603 1695 1686 1770 licet
1711 1693 1857 1768 habere.
1879 1722 1897 1762 u
1913 1697 2044 1768 ltem⁸:

464 1845 482 1884 a
503 1819 596 1889 Sanc
613 1815 811 1889 videndum
824 1829 878 1888 est
891 1816 959 1888 alia
972 1814 1069 1888 bona
1082 1821 1199 1890 Deum
1216 1815 1322 1888 nobis
1340 1816 1448 1909 dare,
1468 1841 1548 1914 quae
1562 1831 1709 1915 propter
1722 1815 1836 1914 seipsa
1853 1814 2048 1913 expetenda

363 2029 366 2036 ,
460 1952 564 2027 sunt,
581 1937 672 2009 sicut
692 1950 747 2010 est
769 1937 960 2037 sapientia,
976 1935 1094 2028 salus,
1113 1937 1268 2010 amicitia
1285 1964 1293 2008 :
1310 1936 1379 2008 alia
1397 1961 1476 2036 quae
1497 1951 1645 2035 propter
1662 1934 1798 2034 aliquid
1820 1950 1905 2008 sunt
1927 1959 2047 2008 neces·

460 2057 569 2148 saria,
585 2056 677 2130 sicut
693 2055 874 2148 doctrina,
892 2055 1009 2144 cibus,
1035 2071 1071 2129 et
1086 2070 1213 2156 potus,
1237 2080 1407 2149 somnus,
1427 2056 1654 2155 conjugium,
1670 2055 1894 2130 concubitus.
1912 2059 2046 2129 Horum

461 2176 728 2277 enimquaedam
740 2177 937 2250 necessaria
947 2189 1030 2249 sunt
1038 2191 1188 2275 propter
1198 2177 1426 2277 sapientiam,
1439 2177 1529 2250 sicut
1540 2175 1895 2274 doctrinazquaedam
1902 2192 2048 2277 propter

460 2297 623 2389 salutern,
635 2298 727 2372 sicut
736 2297 850 2390 cibus,
860 2311 895 2370 et
905 2312 1026 2397 potus,
1038 2311 1075 2370 et
1085 2321 1234 2370 somnus
1243 2324 1250 2368 :
1260 2296 1424 2396 quaedam
1433 2311 1583 2396 propter
1595 2297 1800 2389 amicitiam,
1815 2298 1907 2370 sicut
1918 2299 2047 2398 nuptiae

460 2420 518 2492 vel
535 2418 759 2494 concubitus.
780 2405 872 2490 Hinc
890 2418 986 2491 enim
1003 2415 1160 2490 subsistit
1177 2418 1387 2516 propagatio
1404 2418 1544 2516 generis
1563 2417 1730 2510 humani,
1750 2418 1788 2490 in
1806 2442 1880 2517 quo
1901 2419 2048 2492 societas

460 2537 654 2612 amicabilis
667 2562 837 2637 magnum
846 2533 1257 2636 bonumest.llisitaquc
1267 2537 1733 2639 bonis,quaepropteraliud
1741 2539 2045 2630 necessariasunt,

382 2661 385 2668 ’
459 2663 610 2759 quinon
629 2659 759 2734 adhoc
776 2658 888 2731 utitur
905 2658 1166 2758 propterquod
1187 2659 1348 2732 instituta
1365 2673 1468 2748 sunt,
1484 2673 1625 2759 peccat,
1641 2657 1726 2732 alias
1747 2657 1949 2750 venialiter,
1965 2658 2048 2732 alias

458 2779 719 2854 damnabiliter.
737 2780 907 2878 Quisquis
920 2803 1006 2852 vero
1021 2780 1071 2852 eis
1083 2794 1230 2879 propter
1243 2779 1314 2852 boc
1330 2781 1439 2853 utitur
1450 2795 1599 2879 propter
1614 2779 1715 2879 quod
1728 2779 1812 2853 data
1824 2795 1921 2873 sunt,
1936 2781 2050 2855 bene-

456 2903 549 2976 facit.
562 2930 580 2970 u
590 2905 714 2976 ltem⁸:
727 2931 745 2970 u
758 2900 846 2973 Mihi
855 2899 1075 2974 videturhoc
1085 2913 1247 2999 tempore
1259 2901 1356 2973 solos
1365 2925 1441 2992 eos,
1453 2901 1563 3000 quise
1572 2925 1647 2974 non
1657 2901 1855 2993 continent,
1865 2903 2049 3002 conjugari

457 3039 642 3124 oportere,
658 3019 857 3094 secundum
871 3019 968 3094 illam
980 3018 1141 3118 ejusdem
1159 3021 1318 3119 Apostoli
1332 3021 1546 3095 sententiam
1559 3024 1590 3092 ⁸:
1614 3049 1632 3090 a
1648 3021 1757 3110 Quod
1770 3021 1801 3093 si
1813 3045 1851 3094 se
1864 3045 1940 3094 non
1958 3047 2050 3096 con-

460 3177 475 3215 «
494 3147 626 3236 tinent,
644 3141 794 3216 nubant.
816 3141 942 3215 Melius
955 3157 1007 3214 est
1019 3143 1116 3214 enim
1134 3141 1291 3234 nubere,
1307 3167 1418 3240 quam
1431 3143 1531 3216 uri.»
1550 3146 1623 3216 Nec
1636 3141 1721 3241 ipsis
1735 3157 1855 3246 tamen
1869 3167 1944 3216 non
1963 3170 2049 3243 pee-

458 3281 577 3338 catum
595 3263 843 3370 suntnuptiae,
858 3262 980 3361 quaesi
997 3263 1034 3335 in
1049 3255 1297 3360 operationem
1316 3262 1561 3337 fornicationis
1582 3262 1815 3361 eligerentur,
1834 3263 2050 3362 minuspec·

459 3401 578 3461 catum
604 3398 716 3473 esset,
744 3408 855 3480 quarn
879 3382 1086 3472 fornicati03
1105 3381 1169 3454 sed
1188 3398 1307 3455 tamen
1325 3379 1517 3481 peccatum
1537 3397 1666 3456 essent.
1695 3385 1799 3454 Nunc
1822 3395 1943 3454 antem
1960 3384 2048 3480 quid

459 3505 589 3578 dicturi
613 3528 736 3576 sumus
759 3501 930 3576 adversus
952 3500 1254 3575 evidentissimam
1277 3519 1406 3576 vocem
1429 3503 1589 3602 Apostoli
1606 3500 1792 3574 dicentis⁶2
1813 3530 1830 3571 a
1845 3500 1956 3590 Quod
1972 3503 2051 3575 vult

463 3658 480 3696 u
497 3625 622 3714 iaciat,
640 3648 715 3695 non
731 3635 856 3722 peccat
885 3621 915 3694 si
938 3620 1069 3713 nubat,
1086 3637 1153 3694 etc.
1167 3626 1177 3661 ⁷
1191 3623 1227 3693 Si
1252 3623 1431 3722 accep'eris
1457 3647 1626 3715 uxorem,
1653 3646 1730 3694 non
1750 3621 1928 3720 peccasti,
1947 3626 2050 3712 et,si

463 3779 482 3817 a
497 3746 659 3844 nupserit
671 3746 791 3841 virgo,
806 3767 881 3815 non
895 3743 1047 3841 peccat?
1062 3771 1080 3813 u
1096 3744 1188 3816 Hinc
1206 3759 1301 3816 certe
1311 3744 1387 3840 jam
1398 3741 1563 3816 dubitare
1578 3742 1629 3816 ias
1643 3756 1800 3833 nonest,
1816 3743 1959 3841 nuptias
1971 3768 2050 3815 non

460 3892 536 3940 esse
550 3877 749 3963 peccatum.
777 3867 857 3934 Non
884 3863 1003 3959 itaque
1017 3864 1159 3962 nuptias
1177 3862 1377 3935 secundum
1393 3862 1534 3936 veniam
1546 3861 1713 3936 concedit
1730 3861 1940 3962 Apostolus,
1960 3887 2051 3936 nam

459 3987 538 4084 quis
556 3983 711 4080 ambigat
727 3981 979 4063 absurdissime
993 3981 1064 4054 dici
1081 4008 1155 4055 non
1172 4009 1234 4055 eos
1248 4007 1432 4084 peccasse,
1448 3983 1578 4082 quibus
1591 3984 1696 4056 venia
1708 3982 1836 4055 datur?
1854 3982 1924 4056 Sed
1943 3983 2051 4056 illum

457 4103 690 4194 concubitum
715 4102 913 4174 secundum
931 4101 1073 4173 veniam
1092 4101 1277 4192 concedit,
1302 4104 1365 4200 qui
1391 4102 1431 4175 fu
1457 4129 1522 4202 per
1544 4102 1856 4193 incontinentiam,
1871 4125 1946 4175 non
1970 4102 2052 4175 sola

457 4249 562 4298 eausa
575 4219 809 4321 procreandi,
829 4236 866 4292 et
891 4219 1085 4317 aliquando
1109 4220 1206 4292 nulla
1231 4245 1339 4294 causa
1352 4222 1566 4320 procreandi
1583 4249 1591 4293 ι
1608 4247 1718 4320 quern
1734 4222 1868 4320 nuptiae
1889 4246 1964 4294 non
1983 4249 2053 4296 co·

459 4358 547 4442 gunt
563 4340 660 4431 lieri,
677 4341 740 4412 sed
759 4341 894 4438 ignosci
912 4341 1105 4439 impetrant
1125 4368 1132 4410 :
1149 4341 1179 4412 si
1193 4355 1312 4413 tamen
1331 4342 1471 4414 nonita
1489 4342 1534 4414 sit
1553 4341 1704 4434 nimius,
1721 4355 1761 4413 ut
1778 4341 1950 4439 impediat
1965 4367 2053 4438 quae

458 4464 610 4564 seposita
622 4486 698 4534 esse
712 4460 845 4534 debent
857 4475 1020 4559 tempora
1030 4460 1176 4552 orandi,
1190 4487 1258 4533 nec
1271 4463 1480 4534 immutetur
1490 4463 1527 4534 in
1543 4487 1627 4534 eum
1641 4487 1764 4552 usum,
1782 4463 1845 4559 qui
1855 4475 1909 4532 est
1919 4475 2054 4534 contra

457 4600 634 4657 naturam.
656 4586 709 4654 De
728 4606 801 4680 quo
821 4581 1010 4680 Apostolus
1025 4595 1141 4654 tacere
1159 4606 1233 4653 non
1252 4583 1391 4681 potuit,
1411 4608 1524 4680 quum
1540 4582 1586 4656 de
1604 4582 1815 4681 corruptelis
1833 4582 1951 4654 nimiis
1972 4583 2052 4654 im-

457 4703 676 4777 mundorum
705 4719 741 4774 et
767 4703 962 4802 impiorum
991 4701 1181 4776 hominum
1210 4703 1427 4802 loqueretur.
1456 4703 1676 4776 Concubitus
1703 4703 1801 4776 euim
1824 4704 2055 4777 necessarius

455 4851 562 4898 causa
580 4822 793 4920 generandi,
821 4821 1047 4921 inculpabilis
1071 4839 1106 4896 et
1121 4824 1219 4896 solus
1242 4825 1316 4923 ipse
1341 4825 1509 4940 nuptialis
1534 4839 1598 4897 est.
1619 4823 1682 4898 llle
1706 4839 1844 4914 antem,
1871 4825 1932 4921 qui
1951 4824 2056 4898 ultra

487 5153 495 5178 ¹
514 5151 575 5218 Cap.
588 5169 628 5214 ιιι,
646 5153 707 5216 Opp.
720 5161 738 5202 ι.
752 5152 793 5211 Vl.
807 5153 856 5204 col.
876 5155 934 5203 att.
943 5177 976 5192 -
986 5151 996 5178 '
1007 5154 1067 5220 Gap.
1084 5170 1132 5215 vn,
1150 5154 1222 5218 ibid,
1267 5156 1316 5207 col.
1329 5155 1442 5207 tid-⁸
1454 5157 1563 5210 Gonutlt.
1574 5159 1599 5218 l,
1610 5173 1667 5224 cap.
1679 5173 1727 5222 vu,
1739 5154 1763 5208 ι’.
1774 5157 1798 5207 9.
1810 5155 1862 5198 -·⁶
1875 5154 1948 5216 thid..
1959 5170 1983 5204 v.
1999 5157 2052 5206 36.

452 5237 501 5289 col.
513 5237 571 5288 3²⁴.
584 5265 612 5274 -
624 5237 635 5264 ⁸
645 5238 707 5304 Cap.
720 5253 744 5288 ιιι
755 5274 762 5300 ,
773 5235 844 5300 ibid,
855 5238 904 5288 col.
917 5237 1028 5288 325.-⁴
1038 5237 1139 5305 capa,
1149 5238 1221 5300 ibid..
1266 5241 1317 5281 -l
1335 5241 1408 5298 thid..
1419 5257 1443 5293 v.
1457 5243 1499 5292 28.
