4520 6104
828 611 833 618 ·
917 610 1154 686 nrtsrotn.
1291 615 1306 634 ··
1360 669 1362 674 .
1431 583 1436 600 ’
1760 623 1829 694 uu

247 767 283 826 ct
297 755 454 824 loannes
477 752 515 824 itt
536 753 651 851 prima
663 749 735 824 'sua
757 754 920 826 meminit
936 746 1107 854 epistola¹
1128 773 1143 825 ε’
1162 749 1399 828 n'Charissimi
1410 765 1422 849 ,'
1439 759 1466 828 sl
1485 751 1551 830 cor
1567 737 1731 834 ubstmm
1755 781 1829 835 non

245 871 515 972 reprehenderit
540 897 628 963 nos,
654 869 823 946 fiduciam
845 875 1024 948 hahemus·
1038 867 1085 948 ad
1103 881 1230 950 Deum
1255 881 1299 948 Et
1316 877 1492 975 quidquid
1513 873 1832 976 petierimns‘auci·

244 995 384 1094 piamun
402 993 449 1066 ah
464 1019 529 1086 oo,
554 996 725 1093 quoniam
742 995 1000 1093 mandata'ejtis
1019 996 1256 1088 custodimus,
1274 1013 1309 1069 et
1322 1005 1458 1096 ea'quat
1471 991 1555 1070 sunt
1567 991 1830 1098 plao'itacoram

245 1139 289 1186 eo
313 1114 471 1187 facimus.
498 1145 516 1183 n
544 1107 638 1188 nene
670 1116 788 1214 itaque
813 1131 850 1188 et
877 1117 1005 1190 Paulus
1034 1117 1196 1214 superius
1221 1119 1297 1190 ait¹
1327 1117 1415 1190 nihil
1437 1143 1513 1190 esse
1539 1116 1734 1194 commuue
1766 1147 1830 1220 per

245 1235 445 1326 Christum,
460 1237 528 1308 nisi
544 1237 577 1308 ei
595 1236 657 1332 qui
674 1259 867 1308 commune
880 1237 1063 1333 quid‘esse
1078 1251 1200 1335 putat,
1224 1237 1295 1308 hoc
1317 1253 1369 1309 cst
1386 1231 1614 1313 immundum
1635 1255 1671 1313 at
1687 1243 1829 1314 interdi-

242 1369 340 1428 ctum
367 1360 397 1428 si
426 1355 494 1428 sibi
518 1356 642 1430 credit.
664 1363 882 1432 Communes
910 1359 1044 1458 quippe
1076 1358 1176 1430 cibos
1205 1357 1377 1449 dicimus,
1408 1361 1470 1458 qui
1491 1360 1689 1433 secundum
1714 1362 1828 1460 legem

243 1477 388 1550 mundi³
399 1481 596 1569 vocantur,
618 1479 717 1576 quod
735 1503 798 1552 eos
816 1480 949 1553 scilicet
967 1479 1024 1554 lex
1039 1503 1059 1552 a
1072 1481 1145 1552 suis
1160 1479 1376 1572 excludens,
1396 1467 1499 1578 quasi
1514 1480 1570 1553 his
1590 1483 1652 1580 qui
1670 1493 1768 1556 extra
1781 1485 1829 1557 le·

242 1623 324 1698 gem
339 1615 423 1672 sunt
442 1612 597 1698 ertpouat
621 1615 656 1672 et
681 1599 850 1700 publicet.
879 1601 981 1672 Unde
1003 1616 1039 1673 et
1063 1625 1273 1674 communes
1294 1603 1432 1674 feminae
1450 1602 1645 1676 immundae
1662 1621 1765 1696 sunt,
1793 1623 1828 1678 et

238 1721 447 1793 communia
467 1743 617 1818 quaeque
635 1720 692 1792 vel
709 1721 887 1820 publicata
905 1722 986 1794 vilia
1003 1737 1107 1814 sunt,
1123 1723 1180 1795 vel
1194 1725 1312 1796 miuus
1334 1724 1453 1797 chara.
1475 1724 1619 1798 Nullum
1636 1726 1756 1824 itaque
1773 1730 1828 1800 'oi-

239 1841 411 1940 bumper
429 1840 608 1913 Christum
626 1843 749 1914 asserit
765 1865 842 1914 esse
857 1867 1112 1933 communem,
1135 1844 1172 1915 id
1193 1861 1245 1916 est
1258 1844 1510 1934 immundum,
1533 1848 1617 1944 quia
1631 1845 1686 1918 lex
1698 1847 1828 1921 Christi

239 1961 380 2034 nullum
391 1961 586 2052 interdicit,
601 1962 685 2052 nisi,
701 1975 740 2032 ut
752 1961 888 2033 dictum
900 1976 964 2056 cst,
982 1978 1130 2061 propter
1148 1963 1356 2042 scandalum
1374 1963 1653 2055 removendum,
1672 1966 1726 2037 vel
1743 1977 1829 2064 pro-

239 2082 325 2178 priae
342 2081 474 2156 scilicet
490 2082 734 2171 conscientiae,
755 2081 810 2154 vel
829 2081 962 2156 alienae.
982 2083 1036 2154 De
1053 2082 1125 2180 q'ua
1142 2098 1179 2156 et
1195 2083 1278 2156 alibi
1291 2083 1399 2155 dicit:
1422 2088 1682 2185 «Quapropter
1700 2087 1728 2157 si
1749 2111 1828 2159 esca

238 2200 453 2274 scandalizat
477 2202 620 2274 fratrem
647 2223 792 2291 meum,
825 2225 900 2274 uon
927 2201 1155 2274 manducabo
1180 2203 1217 2274 in
1243 2215 1436 2294 aeternum,
1467 2229 1512 2275 ne
1539 2204 1683 2277 fratrem
1705 2205 1828 2278 meum

236 2320 471 2394 scandalizem
483 2323 515 2391 ⁵?
535 2327 613 2393 Non
632 2345 712 2394 sum
730 2320 841 2412 liber,
860 2346 937 2393 non
962 2347 1041 2394 sum
1061 2323 1243 2421 apostolus
1255 2323 1291 2393 ⁸?
1309 2353 1327 2391 u
1348 2324 1397 2396 hc
1414 2326 1443 2398 si
1470 2325 1603 2398 diceret
1627 2355 1634 2398 :
1657 2311 1827 2426 Nunquid
1856 2401 1861 2414 ,

237 2465 313 2513 ιιοιι
331 2441 449 2514 habeo
470 2442 566 2515 illam
584 2442 781 2515 libertatern
803 2465 912 2539 quam
933 2443 1110 2515 Dominus
1125 2444 1296 2541 apostolis
1315 2443 1438 2534 dedit,
1460 2445 1506 2517 de
1526 2442 1827 2543 quibuslibet'sci-

237 2561 319 2635 licet
337 2561 486 2634 edendis
509 2563 566 2635 vel
590 2563 635 2634 de
652 2561 836 2661 stipendiis
860 2563 1012 2634 aliorum
1035 2563 1245 2634 sumendis?
1269 2565 1326 2635 Sic
1350 2567 1484 2665 quippe
1507 2591 1619 2663 quum
1644 2569 1826 2666 apostolos

237 2685 404 2774 mitteret,
421 2683 579 2781 quodam
598 2682 679 2754 loco
696 2685 765 2755 ait⁸
781 2710 789 2754 ε
805 2711 822 2751 a
837 2683 989 2755 Edentcs
1009 2698 1044 2755 et
1059 2682 1220 2756 bibentes
1237 2709 1315 2781 quae
1329 2686 1425 2782 apud
1440 2683 1518 2758 illos
1534 2687 1636 2774 sdnt,
1651 2715 1669 2754 u
1687 2687 1826 2761 nullum

234 2801 399 2874 videlicet
416 2802 536 2874 cibum
554 2828 575 2875 a
592 2803 717 2874 ceteris
744 2801 1104 2902 distingueanuod
1132 2801 1320 2900 diligenter
1344 2804 1533 2902 Apostolus
1558 2806 1767 2898 attendens,
1791 2823 1829 2881 et

233 2923 358 2994 omnia
375 2922 539 2994 ciborum
558 2947 700 3019 genera,
717 2922 854 2994 etiamsi
867 2923 937 2996 sint
947 2921 1147 2993 infidelium
1161 2921 1232 2993 cibi
1250 2937 1285 2994 et
1296 2922 1516 3019 idolothyta,
1533 2923 1732 2996 christianis
1749 2952 1825 2998 csse

234 3043 331 3116 licita
359 3043 517 3116 studiose
537 3045 784 3141 prosequitur3
815 3042 954 3132 solum,
986 3056 1026 3113 ut
1044 3041 1219 3132 diximus,
1249 3043 1285 3114 in
1317 3043 1406 3114 cibis
1432 3043 1640 3115 scandalum
1669 3045 1785 3117 vitans
1813 3077 1821 3119 ε

235 3193 254 3230 n
270 3165 401 3236 Omnia
410 3167 433 3254 ²,
449 3191 468 3231 u
488 3164 603 3261 inquit
625 3216 635 3254 ,
659 3191 678 3231 u
692 3162 819 3252 licent;
841 3161 905 3233 sed
920 3185 994 3233 non
1014 3163 1135 3236 omnia
1148 3162 1353 3260 expediunt.
1371 3164 1501 3234 Omnia
1520 3162 1609 3234 mihi
1625 3163 1744 3255 licent,
1761 3167 1824 3240 sed

233 3309 309 3356 nou
327 3286 449 3357 omnia
465 3283 651 3356 aedificant.
681 3287 794 3354 Nemo
808 3281 920 3379 ‘quod
947 3307 1052 3354 suum
1071 3297 1123 3356 est
1142 3295 1297 3380 quaerat,
1323 3283 1388 3355 sed
1405 3283 1504 3380 quod
1523 3283 1677 3356 alterius.
1707 3289 1824 3357 Omne

231 3405 333 3503 quod
361 3406 397 3475 in
417 3404 567 3476 macello
595 3404 692 3475 venit
718 3401 953 3493 manducate,
982 3401 1071 3473 nihil
1094 3403 1353 3499 interrogantes
1380 3417 1528 3501 propter
1546 3393 1820 3476 ‘conscientiam

230 3528 379 3599 Domini
397 3543 450 3599 est
466 3542 584 3616 terra,
607 3541 643 3597 et
661 3523 849 3624 plenitudo
868 3523 944 3619 ejus
957 3525 978 3594 ⁸.
1001 3525 1037 3594 Si
1065 3525 1144 3621 quis
1166 3539 1272 3596 vocat
1290 3548 1355 3595 vos
1373 3523 1571 3596 infidelium
1592 3525 1637 3596 ad
1658 3528 1820 3617 coenam,

228 3665 269 3720 et
286 3648 392 3720 vultis
405 3649 478 3738 ire,
498 3671 607 3719 omne
620 3645 720 3743 quod
732 3644 834 3716 vobis
850 3645 1044 3743 apponitur
1055 3643 1289 3735 manducate,
1308 3643 1395 3716 nihil
1407 3645 1664 3741 interrogantes
1675 3639 1824 3743 propter
1854 3671 1861 3684 ·

191 3809 206 3828 .
224 3761 498 3835 conscientiam.
517 3759 552 3830 Si
570 3759 651 3856 quis
668 3772 787 3829 autem
806 3757 933 3828 dixerit
951 3784 958 3825 :
981 3760 1058 3826 Hoc
1083 3755 1308 3827 immolatum
1326 3771 1380 3827 est
1397 3754 1520 3845 idolis,
1546 3755 1657 3828 nolite
1672 3755 1823 3831 maudu-

222 3903 313 3953 care
333 3893 481 3977 propter
500 3877 601 3949 illum
627 3878 690 3974 qui
704 3875 898 3972 judicavit,
924 3889 959 3946 et
984 3887 1131 3971 propter
1152 3874 1420 3946 conscientiam.
1451 3875 1714 3946 Conscientiam
1739 3874 1821 3947 dico

219 4014 446 4088 noctuam,
468 3996 530 4069 sed
549 3995 703 4068 alterius.
725 3995 809 4066 Siue
832 3993 1031 4065 offensione
1057 4006 1170 4063 estote
1192 3991 1321 4064 ludaeis
1342 4008 1377 4063 st
1396 3992 1579 4089 gentibus,
1600 4009 1636 4065 et
1658 3994 1821 4066 Ecclesiae

215 4123 308 4193 Dei.
331 4122 360 4186 ι’
374 4123 426 4190 Ex
453 4117 583 4216 quihus
605 4116 770 4188 videlicet
789 4113 946 4213 Apostoli
968 4111 1091 4186 ¹verbis
1111 4111 1296 4184 manifeste
1322 4112 1519 4210 colligitur,
1549 4095 1689 4184 nullum
1715 4115 1821 4188 nobis

211 4239 415 4332 interdici,
438 4261 512 4336 quo
530 4238 608 4308 sine
626 4233 760 4310 oflensa
778 4235 932 4333 propriae
948 4233 1174 4304 conscientiae
1193 4230 1250 4303 vel
1268 4232 1390 4304 alienae
1409 4233 1503 4304 vesci
1520 4233 1711 4330 possimus.
1735 4233 1819 4305 Sine

209 4360 365 4434 offensa
383 4382 469 4430 vero
487 4358 641 4456 propriae
663 4355 888 4427 conscientiae
907 4369 992 4425 tunc
1009 4354 1166 4450 agimus,
1189 4353 1220 4423 si
1235 4353 1461 4450 propositum
1478 4353 1574 4442 vitae,
1600 4375 1675 4449 quo
1691 4351 1818 4424 salvari

204 4505 440 4582 possumus,
461 4503 528 4550 nos
545 4501 685 4550 servare
708 4474 934 4548 confidimus.
957 4475 1040 4546 Sine
1058 4474 1193 4545 offensa
1212 4487 1330 4545 autem
1350 4473 1493 4562 alienae,
1517 4473 1607 4544 sico
1635 4472 1744 4544 modo
1768 4475 1817 4544 vi-

203 4625 311 4675 vere
329 4599 510 4672 credimur
527 4623 601 4696 quo
615 4597 804 4669 salvemur.
826 4599 878 4666 Eo
895 4593 1041 4692 quidem
1056 4592 1168 4665 modo
1181 4593 1362 4681 vitemus,
1383 4594 1411 4663 si
1428 4590 1596 4663 omnihus
1613 4593 1817 4664 neooesariis

200 4738 363 4798 naturae
376 4719 522 4792 indultis
538 4731 683 4819 peccata
700 4717 872 4806 vitemus,
889 4739 957 4788 nec
970 4713 1017 4786 de
1032 4728 1154 4786 nostra
1171 4714 1301 4785 virtute
1314 4726 1566 4812 ptaasumsntes
1577 4709 1628 4784 illi
1642 4711 1816 4808 vitmjugo

199 4844 450 4946 pmlessione
467 4865 534 4913 nos
552 4839 772 4937 obligemus,
794 4861 867 4935 quo
891 4837 1098 4936 praegravati
1117 4833 1418 4906 succumbamus:
1438 4849 1476 4906 et
1496 4847 1595 4905 tanto
1614 4833 1659 4904 sit
1677 4833 1817 4929 grauior

236 5079 249 5104 ⁴
275 5073 468 5140 totatuta
488 5089 528 5133 ιιι,
546 5087 570 5124 ι.
590 5068 619 5122 tt
634 5073 711 5123 atil.
726 5069 868 5130 -'llom.,
883 5084 1002 5137 captu,
1037 5081 1092 5134 cap.
1113 5083 1153 5124 ιι,
1174 5081 1198 5118 ι.
1223 5065 1393 5124 t.-·⁸l.uc.,
1410 5081 1510 5132 capa,
1526 5081 1549 5115 ι.
1566 5061 1816 5120 l.-'Csriatlt.l,

190 5182 221 5213 v.
245 5158 424 5212 23.—⁸Sic
444 5157 503 5207 edit.
522 5155 593 5207 hmb.
613 5155 686 5206 Certe
703 5165 785 5206 autem
805 5153 935 5220 legendum
957 5155 1005 5203 ιἰιι-
1039 5165 1093 5219 cap.
1109 5167 1180 5212 ι,ι.
1195 5147 1486 5217 rausa-'etun
1502 5164 1611 5211 ιιιιιη.
1627 5152 1650 5200 l.

188 5249 318 5300 mandi.
342 5242 392 5280 -⁴
411 5241 519 5295 Corinth.
540 5243 572 5301 l,
593 5255 649 5308 cap.
672 5256 733 5302 ιιιι,
754 5255 778 5290 ι.
804 5239 841 5289 tt.
859 5237 913 5274 -⁸
930 5235 1005 5299 tut,
1435 5257 1438 5269 ·
1644 5259 1647 5268 ·

348 5347 359 5391 1
1655 5321 1694 5382 ut
1765 5282 1767 5292 y
