<?xml version="1.0" encoding="UTF-8"?>
<!DOCTYPE html PUBLIC "-//W3C//DTD XHTML 1.0 Transitional//EN"
    "http://www.w3.org/TR/xhtml1/DTD/xhtml1-transitional.dtd">
<html xmlns="http://www.w3.org/1999/xhtml" xml:lang="en" lang="en">
 <head>
  <title>
</title>
<meta http-equiv="Content-Type" content="text/html;charset=utf-8" />
  <meta name='ocr-system' content='tesseract 3.04.00' />
  <meta name='ocr-capabilities' content='ocr_page ocr_carea ocr_par ocr_line ocrx_word'/>
</head>
<body>
  <div class='ocr_page' id='page_1' title='image "./petriablardiope01despgoog_0437.png"; bbox 0 0 4496 6102; ppageno 0'>
   <div class='ocr_carea' id='block_1_1' title="bbox 432 595 1417 670">
    <p class='ocr_par' dir='ltr' id='par_1_1' title="bbox 432 595 1417 670">
     <span class='ocr_line' id='line_1_1' title="bbox 432 595 1417 670; baseline 0.001 -1"><span class='ocrx_word' id='word_1_1' title='bbox 432 599 504 669; x_wconf 76' lang='lat'><strong>422</strong></span> <span class='ocrx_word' id='word_1_2' title='bbox 1028 597 1156 668; x_wconf 83' lang='lat' dir='ltr'><strong>PETlll</strong></span> <span class='ocrx_word' id='word_1_3' title='bbox 1183 595 1417 670; x_wconf 79' lang='lat' dir='ltr'><strong>tssAELtnnt</strong></span> 
     </span>
    </p>
   </div>
   <div class='ocr_carea' id='block_1_2' title="bbox 431 734 2093 957">
    <p class='ocr_par' dir='ltr' id='par_1_2' title="bbox 431 734 2093 957">
     <span class='ocr_line' id='line_1_2' title="bbox 431 734 2093 838; baseline 0.001 -28"><span class='ocrx_word' id='word_1_4' title='bbox 431 736 598 836; x_wconf 89' lang='lat' dir='ltr'><strong>gradibus</strong></span> <span class='ocrx_word' id='word_1_5' title='bbox 615 761 694 808; x_wconf 83' lang='lat' dir='ltr'><strong>eam</strong></span> <span class='ocrx_word' id='word_1_6' title='bbox 707 738 950 836; x_wconf 65' lang='lat' dir='ltr'><strong>interpositam</strong></span> <span class='ocrx_word' id='word_1_7' title='bbox 970 739 1128 810; x_wconf 88' lang='lat' dir='ltr'><strong>inseruit.</strong></span> <span class='ocrx_word' id='word_1_8' title='bbox 1147 743 1230 809; x_wconf 81' lang='lat' dir='ltr'><strong>Tres</strong></span> <span class='ocrx_word' id='word_1_9' title='bbox 1241 739 1374 838; x_wconf 84' lang='lat' dir='ltr'>quippe</span> <span class='ocrx_word' id='word_1_10' title='bbox 1386 753 1469 811; x_wconf 88' lang='lat' dir='ltr'><strong>sunt</strong></span> <span class='ocrx_word' id='word_1_11' title='bbox 1486 737 1634 835; x_wconf 86' lang='lat' dir='ltr'><strong>gradus,</strong></span> <span class='ocrx_word' id='word_1_12' title='bbox 1651 734 1781 833; x_wconf 90' lang='lat' dir='ltr'><strong>quibus</strong></span> <span class='ocrx_word' id='word_1_13' title='bbox 1792 735 1839 808; x_wconf 79' lang='lat' dir='ltr'><strong>ad</strong></span> <span class='ocrx_word' id='word_1_14' title='bbox 1851 761 2011 836; x_wconf 85' lang='lat' dir='ltr'><strong>supemae</strong></span> <span class='ocrx_word' id='word_1_15' title='bbox 2069 749 2093 786; x_wconf 72' lang='lat'>⁸</span> 
     </span>
     <span class='ocr_line' id='line_1_3' title="bbox 431 856 2011 957; baseline 0.002 -27"><span class='ocrx_word' id='word_1_16' title='bbox 431 860 557 956; x_wconf 91' lang='lat' dir='ltr'><strong>quietis</strong></span> <span class='ocrx_word' id='word_1_17' title='bbox 574 856 836 928; x_wconf 86' lang='lat' dir='ltr'><strong>reclinatorium</strong></span> <span class='ocrx_word' id='word_1_18' title='bbox 848 857 1123 942; x_wconf 84' lang='lat' dir='ltr'><strong>conscenditur:</strong></span> <span class='ocrx_word' id='word_1_19' title='bbox 1142 856 1230 928; x_wconf 86' lang='lat' dir='ltr'><strong>fides</strong></span> <span class='ocrx_word' id='word_1_20' title='bbox 1244 858 1419 948; x_wconf 87' lang='lat' dir='ltr'><strong>videlicet,</strong></span> <span class='ocrx_word' id='word_1_21' title='bbox 1435 860 1573 947; x_wconf 87' lang='lat' dir='ltr'><strong>caritas,</strong></span> <span class='ocrx_word' id='word_1_22' title='bbox 1587 873 1622 929; x_wconf 91' lang='lat' dir='ltr'><strong>et</strong></span> <span class='ocrx_word' id='word_1_23' title='bbox 1635 881 1728 955; x_wconf 88' lang='lat' dir='ltr'><strong>spes.</strong></span> <span class='ocrx_word' id='word_1_24' title='bbox 1743 857 1881 928; x_wconf 84' lang='lat' dir='ltr'><strong>Primus</strong></span> <span class='ocrx_word' id='word_1_25' title='bbox 1895 861 2011 957; x_wconf 90' lang='lat' dir='ltr'><strong>itaque</strong></span> 
     </span>
    </p>
   </div>
   <div class='ocr_carea' id='block_1_3' title="bbox 427 975 2024 4160">
    <p class='ocr_par' dir='ltr' id='par_1_3' title="bbox 428 975 2013 1670">
     <span class='ocr_line' id='line_1_4' title="bbox 430 975 2011 1076; baseline 0.003 -28"><span class='ocrx_word' id='word_1_26' title='bbox 430 977 559 1074; x_wconf 87' lang='lat' dir='ltr'><strong>gradus</strong></span> <span class='ocrx_word' id='word_1_27' title='bbox 577 975 666 1048; x_wconf 82' lang='lat' dir='ltr'><strong>fides</strong></span> <span class='ocrx_word' id='word_1_28' title='bbox 682 991 754 1064; x_wconf 86' lang='lat' dir='ltr'><strong>est,</strong></span> <span class='ocrx_word' id='word_1_29' title='bbox 775 977 953 1050; x_wconf 89' lang='lat' dir='ltr'><strong>secundus</strong></span> <span class='ocrx_word' id='word_1_30' title='bbox 966 980 1108 1067; x_wconf 88' lang='lat' dir='ltr'><strong>caritas,</strong></span> <span class='ocrx_word' id='word_1_31' title='bbox 1125 979 1247 1048; x_wconf 89' lang='lat' dir='ltr'><strong>tertius</strong></span> <span class='ocrx_word' id='word_1_32' title='bbox 1258 1003 1338 1074; x_wconf 89' lang='lat' dir='ltr'><strong>spes</strong></span> <span class='ocrx_word' id='word_1_33' title='bbox 1349 977 1512 1050; x_wconf 83' lang='lat' dir='ltr'><strong>habetur.</strong></span> <span class='ocrx_word' id='word_1_34' title='bbox 1529 983 1607 1050; x_wconf 87' lang='lat' dir='ltr'><strong>Non</strong></span> <span class='ocrx_word' id='word_1_35' title='bbox 1622 979 1718 1048; x_wconf 89' lang='lat' dir='ltr'><strong>enim</strong></span> <span class='ocrx_word' id='word_1_36' title='bbox 1729 991 1825 1049; x_wconf 89' lang='lat' dir='ltr'><strong>recte</strong></span> <span class='ocrx_word' id='word_1_37' title='bbox 1838 981 2011 1076; x_wconf 85' lang='lat' dir='ltr'><strong>speranda</strong></span> 
     </span>
     <span class='ocr_line' id='line_1_5' title="bbox 429 1093 2007 1192; baseline 0.001 -27"><span class='ocrx_word' id='word_1_38' title='bbox 429 1109 482 1165; x_wconf 85' lang='lat' dir='ltr'><strong>est</strong></span> <span class='ocrx_word' id='word_1_39' title='bbox 501 1093 557 1164; x_wconf 90' lang='lat' dir='ltr'><strong>illa</strong></span> <span class='ocrx_word' id='word_1_40' title='bbox 571 1094 736 1183; x_wconf 82' lang='lat' dir='ltr'><strong>felicitas,</strong></span> <span class='ocrx_word' id='word_1_41' title='bbox 757 1119 823 1166; x_wconf 92' lang='lat' dir='ltr'><strong>nec</strong></span> <span class='ocrx_word' id='word_1_42' title='bbox 837 1095 883 1167; x_wconf 92' lang='lat' dir='ltr'><strong>de</strong></span> <span class='ocrx_word' id='word_1_43' title='bbox 896 1120 939 1166; x_wconf 84' lang='lat' dir='ltr'><strong>ea</strong></span> <span class='ocrx_word' id='word_1_44' title='bbox 949 1094 1225 1184; x_wconf 84' lang='lat' dir='ltr'><strong>confidendum,</strong></span> <span class='ocrx_word' id='word_1_45' title='bbox 1244 1095 1310 1166; x_wconf 87' lang='lat' dir='ltr'><strong>nisi</strong></span> <span class='ocrx_word' id='word_1_46' title='bbox 1325 1119 1439 1192; x_wconf 91' lang='lat' dir='ltr'><strong>quum</strong></span> <span class='ocrx_word' id='word_1_47' title='bbox 1453 1120 1531 1167; x_wconf 90' lang='lat' dir='ltr'><strong>eam</strong></span> <span class='ocrx_word' id='word_1_48' title='bbox 1544 1121 1586 1167; x_wconf 87' lang='lat' dir='ltr'><strong>ex</strong></span> <span class='ocrx_word' id='word_1_49' title='bbox 1597 1097 1741 1168; x_wconf 86' lang='lat' dir='ltr'><strong>caritate</strong></span> <span class='ocrx_word' id='word_1_50' title='bbox 1755 1099 1986 1168; x_wconf 84' lang='lat' dir='ltr'><strong>meruerimus</strong></span> <span class='ocrx_word' id='word_1_51' title='bbox 2000 1127 2007 1166; x_wconf 95' lang='lat'><strong>:</strong></span> 
     </span>
     <span class='ocr_line' id='line_1_6' title="bbox 428 1213 2013 1313; baseline 0.001 -28"><span class='ocrx_word' id='word_1_52' title='bbox 428 1239 496 1286; x_wconf 88' lang='lat' dir='ltr'><strong>nec</strong></span> <span class='ocrx_word' id='word_1_53' title='bbox 513 1215 640 1285; x_wconf 80' lang='lat' dir='ltr'><strong>caritas</strong></span> <span class='ocrx_word' id='word_1_54' title='bbox 655 1213 778 1286; x_wconf 84' lang='lat' dir='ltr'><strong>haberi</strong></span> <span class='ocrx_word' id='word_1_55' title='bbox 796 1230 929 1311; x_wconf 86' lang='lat' dir='ltr'><strong>potest,</strong></span> <span class='ocrx_word' id='word_1_56' title='bbox 950 1216 1018 1286; x_wconf 88' lang='lat' dir='ltr'><strong>nisi</strong></span> <span class='ocrx_word' id='word_1_57' title='bbox 1032 1214 1102 1292; x_wconf 86' lang='lat' dir='ltr'><strong>lide</strong></span> <span class='ocrx_word' id='word_1_58' title='bbox 1116 1231 1314 1313; x_wconf 71' lang='lat' dir='ltr'><strong>preeunte,</strong></span> <span class='ocrx_word' id='word_1_59' title='bbox 1335 1231 1505 1312; x_wconf 84' lang='lat' dir='ltr'><strong>tunquam</strong></span> <span class='ocrx_word' id='word_1_60' title='bbox 1519 1215 1682 1286; x_wconf 89' lang='lat' dir='ltr'><strong>omnium</strong></span> <span class='ocrx_word' id='word_1_61' title='bbox 1695 1213 1874 1286; x_wconf 92' lang='lat' dir='ltr'><strong>bonorum</strong></span> <span class='ocrx_word' id='word_1_62' title='bbox 1889 1215 2013 1287; x_wconf 86' lang='lat' dir='ltr'><strong>funda·</strong></span> 
     </span>
     <span class='ocr_line' id='line_1_7' title="bbox 429 1333 2012 1431; baseline 0.003 -28"><span class='ocrx_word' id='word_1_63' title='bbox 429 1348 563 1405; x_wconf 89' lang='lat' dir='ltr'><strong>mento.</strong></span> <span class='ocrx_word' id='word_1_64' title='bbox 585 1334 717 1404; x_wconf 82' lang='lat' dir='ltr'><strong>Caritas</strong></span> <span class='ocrx_word' id='word_1_65' title='bbox 737 1357 821 1430; x_wconf 89' lang='lat' dir='ltr'><strong>ergo</strong></span> <span class='ocrx_word' id='word_1_66' title='bbox 840 1333 895 1406; x_wconf 86' lang='lat' dir='ltr'><strong>his</strong></span> <span class='ocrx_word' id='word_1_67' title='bbox 911 1334 1054 1406; x_wconf 91' lang='lat' dir='ltr'><strong>duobus</strong></span> <span class='ocrx_word' id='word_1_68' title='bbox 1072 1335 1237 1406; x_wconf 76' lang='lat' dir='ltr'><strong>extremis</strong></span> <span class='ocrx_word' id='word_1_69' title='bbox 1249 1333 1416 1430; x_wconf 86' lang='lat' dir='ltr'><strong>gradihus</strong></span> <span class='ocrx_word' id='word_1_70' title='bbox 1429 1335 1530 1430; x_wconf 86' lang='lat' dir='ltr'><strong>quasi</strong></span> <span class='ocrx_word' id='word_1_71' title='bbox 1544 1333 1661 1405; x_wconf 88' lang='lat' dir='ltr'><strong>media</strong></span> <span class='ocrx_word' id='word_1_72' title='bbox 1675 1335 1851 1416; x_wconf 85' lang='lat' dir='ltr'><strong>inseritur,</strong></span> <span class='ocrx_word' id='word_1_73' title='bbox 1867 1337 1950 1431; x_wconf 92' lang='lat' dir='ltr'><strong>quia</strong></span> <span class='ocrx_word' id='word_1_74' title='bbox 1967 1335 2012 1408; x_wconf 92' lang='lat' dir='ltr'><strong>de</strong></span> 
     </span>
     <span class='ocr_line' id='line_1_8' title="bbox 428 1452 2011 1552; baseline 0.001 -28"><span class='ocrx_word' id='word_1_75' title='bbox 428 1454 499 1524; x_wconf 84' lang='lat' dir='ltr'><strong>fide</strong></span> <span class='ocrx_word' id='word_1_76' title='bbox 519 1453 565 1526; x_wconf 84' lang='lat' dir='ltr'><strong>ad</strong></span> <span class='ocrx_word' id='word_1_77' title='bbox 584 1455 790 1543; x_wconf 88' lang='lat' dir='ltr'><strong>caritatem,</strong></span> <span class='ocrx_word' id='word_1_78' title='bbox 815 1455 861 1526; x_wconf 91' lang='lat' dir='ltr'><strong>de</strong></span> <span class='ocrx_word' id='word_1_79' title='bbox 881 1457 1024 1526; x_wconf 83' lang='lat' dir='ltr'><strong>caritate</strong></span> <span class='ocrx_word' id='word_1_80' title='bbox 1046 1454 1092 1525; x_wconf 94' lang='lat' dir='ltr'><strong>ad</strong></span> <span class='ocrx_word' id='word_1_81' title='bbox 1115 1477 1235 1551; x_wconf 90' lang='lat' dir='ltr'><strong>spem,</strong></span> <span class='ocrx_word' id='word_1_82' title='bbox 1262 1469 1300 1524; x_wconf 92' lang='lat' dir='ltr'><strong>ut</strong></span> <span class='ocrx_word' id='word_1_83' title='bbox 1323 1455 1494 1542; x_wconf 82' lang='lat' dir='ltr'><strong>diximus,</strong></span> <span class='ocrx_word' id='word_1_84' title='bbox 1519 1467 1572 1526; x_wconf 91' lang='lat' dir='ltr'><strong>est</strong></span> <span class='ocrx_word' id='word_1_85' title='bbox 1597 1452 1881 1552; x_wconf 87' lang='lat' dir='ltr'><strong>procedendum.</strong></span> <span class='ocrx_word' id='word_1_86' title='bbox 1906 1455 2011 1542; x_wconf 91' lang='lat' dir='ltr'><strong>Quod</strong></span> 
     </span>
     <span class='ocr_line' id='line_1_9' title="bbox 428 1569 1719 1670; baseline -0.001 -29"><span class='ocrx_word' id='word_1_87' title='bbox 428 1569 575 1668; x_wconf 91' lang='lat' dir='ltr'><strong>quidem</strong></span> <span class='ocrx_word' id='word_1_88' title='bbox 594 1585 645 1642; x_wconf 90' lang='lat' dir='ltr'><strong>est</strong></span> <span class='ocrx_word' id='word_1_89' title='bbox 663 1596 849 1643; x_wconf 89' lang='lat' dir='ltr'><strong>ascensum</strong></span> <span class='ocrx_word' id='word_1_90' title='bbox 868 1571 967 1645; x_wconf 94' lang='lat' dir='ltr'><strong>illum</strong></span> <span class='ocrx_word' id='word_1_91' title='bbox 986 1595 1207 1670; x_wconf 91' lang='lat' dir='ltr'><strong>purpureum</strong></span> <span class='ocrx_word' id='word_1_92' title='bbox 1228 1571 1345 1643; x_wconf 87' lang='lat' dir='ltr'><strong>media</strong></span> <span class='ocrx_word' id='word_1_93' title='bbox 1365 1573 1508 1644; x_wconf 86' lang='lat' dir='ltr'><strong>caritate</strong></span> <span class='ocrx_word' id='word_1_94' title='bbox 1528 1573 1719 1644; x_wconf 76' lang='lat' dir='ltr'><strong>consterni.</strong></span> 
     </span>
    </p>

    <p class='ocr_par' dir='ltr' id='par_1_4' title="bbox 427 1690 2024 4160">
     <span class='ocr_line' id='line_1_10' title="bbox 478 1690 2012 1788; baseline 0.001 -28"><span class='ocrx_word' id='word_1_95' title='bbox 478 1692 538 1761; x_wconf 88' lang='lat' dir='ltr'><strong>His</strong></span> <span class='ocrx_word' id='word_1_96' title='bbox 554 1693 660 1788; x_wconf 88' lang='lat' dir='ltr'><strong>igitur</strong></span> <span class='ocrx_word' id='word_1_97' title='bbox 677 1693 863 1788; x_wconf 75' lang='lat' dir='ltr'><strong>premissis</strong></span> <span class='ocrx_word' id='word_1_98' title='bbox 883 1691 929 1764; x_wconf 91' lang='lat' dir='ltr'><strong>de</strong></span> <span class='ocrx_word' id='word_1_99' title='bbox 946 1691 1007 1763; x_wconf 93' lang='lat' dir='ltr'><strong>illo</strong></span> <span class='ocrx_word' id='word_1_100' title='bbox 1022 1707 1144 1764; x_wconf 87' lang='lat' dir='ltr'><strong>sancto</strong></span> <span class='ocrx_word' id='word_1_101' title='bbox 1158 1691 1291 1763; x_wconf 79' lang='lat' dir='ltr'><strong>ferculo</strong></span> <span class='ocrx_word' id='word_1_102' title='bbox 1305 1691 1527 1780; x_wconf 82' lang='lat' dir='ltr'><strong>Salomonis,</strong></span> <span class='ocrx_word' id='word_1_103' title='bbox 1548 1706 1584 1762; x_wconf 89' lang='lat' dir='ltr'><strong>et</strong></span> <span class='ocrx_word' id='word_1_104' title='bbox 1598 1690 1821 1762; x_wconf 84' lang='lat' dir='ltr'><strong>reclinatorio</strong></span> <span class='ocrx_word' id='word_1_105' title='bbox 1836 1713 1963 1776; x_wconf 88' lang='lat' dir='ltr'><strong>aureo,</strong></span> <span class='ocrx_word' id='word_1_106' title='bbox 1977 1705 2012 1762; x_wconf 88' lang='lat' dir='ltr'><strong>et</strong></span> 
     </span>
     <span class='ocr_line' id='line_1_11' title="bbox 427 1805 2013 1907; baseline -0.001 -29"><span class='ocrx_word' id='word_1_107' title='bbox 427 1832 575 1880; x_wconf 65' lang='lat' dir='ltr'><strong>mensu</strong></span> <span class='ocrx_word' id='word_1_108' title='bbox 594 1832 796 1906; x_wconf 86' lang='lat' dir='ltr'><strong>purpureo,</strong></span> <span class='ocrx_word' id='word_1_109' title='bbox 818 1807 957 1880; x_wconf 87' lang='lat' dir='ltr'><strong>filiabus</strong></span> <span class='ocrx_word' id='word_1_110' title='bbox 974 1809 1167 1880; x_wconf 75' lang='lat' dir='ltr'><strong>Jerusalem</strong></span> <span class='ocrx_word' id='word_1_111' title='bbox 1185 1833 1249 1906; x_wconf 90' lang='lat' dir='ltr'><strong>per</strong></span> <span class='ocrx_word' id='word_1_112' title='bbox 1270 1809 1451 1880; x_wconf 80' lang='lat' dir='ltr'><strong>Christum</strong></span> <span class='ocrx_word' id='word_1_113' title='bbox 1474 1823 1693 1907; x_wconf 70' lang='lat' dir='ltr'><strong>praeparato,</strong></span> <span class='ocrx_word' id='word_1_114' title='bbox 1718 1809 1801 1906; x_wconf 85' lang='lat' dir='ltr'><strong>ipsae</strong></span> <span class='ocrx_word' id='word_1_115' title='bbox 1826 1805 1906 1878; x_wconf 75' lang='lat' dir='ltr'><strong>filiae</strong></span> <span class='ocrx_word' id='word_1_116' title='bbox 1929 1831 2013 1877; x_wconf 92' lang='lat' dir='ltr'><strong>con·</strong></span> 
     </span>
     <span class='ocr_line' id='line_1_12' title="bbox 428 1924 2009 2024; baseline -0.004 -26"><span class='ocrx_word' id='word_1_117' title='bbox 428 1941 619 2022; x_wconf 80' lang='lat' dir='ltr'><strong>sequenter</strong></span> <span class='ocrx_word' id='word_1_118' title='bbox 631 1927 824 2000; x_wconf 89' lang='lat' dir='ltr'><strong>invitantur</strong></span> <span class='ocrx_word' id='word_1_119' title='bbox 843 1928 962 2024; x_wconf 82' lang='lat' dir='ltr'><strong>egredi</strong></span> <span class='ocrx_word' id='word_1_120' title='bbox 985 1928 1032 1998; x_wconf 84' lang='lat' dir='ltr'><strong>ad</strong></span> <span class='ocrx_word' id='word_1_121' title='bbox 1053 1927 1250 1998; x_wconf 77' lang='lat' dir='ltr'><strong>uidendum</strong></span> <span class='ocrx_word' id='word_1_122' title='bbox 1270 1929 1388 2024; x_wconf 89' lang='lat' dir='ltr'><strong>ipsum</strong></span> <span class='ocrx_word' id='word_1_123' title='bbox 1408 1927 1637 1999; x_wconf 57' lang='lat' dir='ltr'><strong>&gt;Salomonem</strong></span> <span class='ocrx_word' id='word_1_124' title='bbox 1660 1928 1698 1996; x_wconf 93' lang='lat' dir='ltr'><strong>in</strong></span> <span class='ocrx_word' id='word_1_125' title='bbox 1717 1924 1917 1998; x_wconf 85' lang='lat' dir='ltr'><strong>diademate</strong></span> <span class='ocrx_word' id='word_1_126' title='bbox 1932 1949 2009 1995; x_wconf 89' lang='lat' dir='ltr'><strong>suo.</strong></span> 
     </span>
     <span class='ocr_line' id='line_1_13' title="bbox 429 2023 2024 2142; baseline 0.001 -29"><span class='ocrx_word' id='word_1_127' title='bbox 429 2023 486 2114; x_wconf 90' lang='lat' dir='ltr'><strong>Sic</strong></span> <span class='ocrx_word' id='word_1_128' title='bbox 501 2044 635 2140; x_wconf 86' lang='lat' dir='ltr'><strong>quippe</strong></span> <span class='ocrx_word' id='word_1_129' title='bbox 652 2043 887 2116; x_wconf 81' lang='lat' dir='ltr'><strong>subinfertnr¹</strong></span> <span class='ocrx_word' id='word_1_130' title='bbox 905 2073 912 2114; x_wconf 93' lang='lat'>:</span> <span class='ocrx_word' id='word_1_131' title='bbox 933 2075 952 2112; x_wconf 78' lang='lat' dir='ltr'><strong>u</strong></span> <span class='ocrx_word' id='word_1_132' title='bbox 968 2046 1201 2142; x_wconf 84' lang='lat' dir='ltr'><strong>Egredimini,</strong></span> <span class='ocrx_word' id='word_1_133' title='bbox 1219 2044 1408 2135; x_wconf 84' lang='lat' dir='ltr'><strong>liliaeSion,</strong></span> <span class='ocrx_word' id='word_1_134' title='bbox 1422 2059 1489 2116; x_wconf 92' lang='lat' dir='ltr'><strong>etc.</strong></span> <span class='ocrx_word' id='word_1_135' title='bbox 1505 2049 1578 2114; x_wconf 84' lang='lat' dir='ltr'><strong>»Ut</strong></span> <span class='ocrx_word' id='word_1_136' title='bbox 1590 2047 1687 2115; x_wconf 91' lang='lat' dir='ltr'><strong>enim</strong></span> <span class='ocrx_word' id='word_1_137' title='bbox 1700 2045 1736 2114; x_wconf 93' lang='lat' dir='ltr'><strong>in</strong></span> <span class='ocrx_word' id='word_1_138' title='bbox 1749 2067 1863 2139; x_wconf 89' lang='lat' dir='ltr'><strong>agone</strong></span> <span class='ocrx_word' id='word_1_139' title='bbox 1875 2044 2024 2140; x_wconf 82' lang='lat' dir='ltr'><strong>passio-.</strong></span> 
     </span>
     <span class='ocr_line' id='line_1_14' title="bbox 431 2160 2017 2262; baseline -0.001 -29"><span class='ocrx_word' id='word_1_140' title='bbox 431 2187 518 2233; x_wconf 90' lang='lat' dir='ltr'><strong>num</strong></span> <span class='ocrx_word' id='word_1_141' title='bbox 533 2161 676 2234; x_wconf 89' lang='lat' dir='ltr'><strong>viriliter</strong></span> <span class='ocrx_word' id='word_1_142' title='bbox 696 2187 763 2260; x_wconf 91' lang='lat' dir='ltr'><strong>pro</strong></span> <span class='ocrx_word' id='word_1_143' title='bbox 775 2161 915 2234; x_wconf 84' lang='lat' dir='ltr'><strong>Christo</strong></span> <span class='ocrx_word' id='word_1_144' title='bbox 937 2165 1182 2260; x_wconf 88' lang='lat' dir='ltr'><strong>persistamus,</strong></span> <span class='ocrx_word' id='word_1_145' title='bbox 1203 2165 1279 2262; x_wconf 86' lang='lat' dir='ltr'><strong>ipse</strong></span> <span class='ocrx_word' id='word_1_146' title='bbox 1296 2187 1437 2262; x_wconf 81' lang='lat' dir='ltr'><strong>semper</strong></span> <span class='ocrx_word' id='word_1_147' title='bbox 1453 2187 1527 2261; x_wconf 84' lang='lat' dir='ltr'><strong>prae</strong></span> <span class='ocrx_word' id='word_1_148' title='bbox 1544 2162 1656 2234; x_wconf 86' lang='lat' dir='ltr'><strong>oculis</strong></span> <span class='ocrx_word' id='word_1_149' title='bbox 1672 2175 1725 2232; x_wconf 89' lang='lat' dir='ltr'><strong>est</strong></span> <span class='ocrx_word' id='word_1_150' title='bbox 1747 2160 1954 2248; x_wconf 86' lang='lat' dir='ltr'><strong>habendus,</strong></span> <span class='ocrx_word' id='word_1_151' title='bbox 1980 2177 2017 2232; x_wconf 91' lang='lat' dir='ltr'><strong>et</strong></span> 
     </span>
     <span class='ocr_line' id='line_1_15' title="bbox 431 2267 2016 2381; baseline -0.002 -28"><span class='ocrx_word' id='word_1_152' title='bbox 431 2285 505 2377; x_wconf 88' lang='lat' dir='ltr'><strong>ejus</strong></span> <span class='ocrx_word' id='word_1_153' title='bbox 522 2283 641 2380; x_wconf 78' lang='lat' dir='ltr'><strong>passio</strong></span> <span class='ocrx_word' id='word_1_154' title='bbox 659 2282 764 2356; x_wconf 88' lang='lat' dir='ltr'><strong>nobis</strong></span> <span class='ocrx_word' id='word_1_155' title='bbox 784 2305 926 2380; x_wconf 83' lang='lat' dir='ltr'><strong>semper</strong></span> <span class='ocrx_word' id='word_1_156' title='bbox 938 2307 1014 2354; x_wconf 89' lang='lat' dir='ltr'><strong>esse</strong></span> <span class='ocrx_word' id='word_1_157' title='bbox 1032 2282 1140 2354; x_wconf 90' lang='lat' dir='ltr'><strong>debet</strong></span> <span class='ocrx_word' id='word_1_158' title='bbox 1152 2284 1188 2354; x_wconf 93' lang='lat' dir='ltr'><strong>in</strong></span> <span class='ocrx_word' id='word_1_159' title='bbox 1208 2282 1371 2381; x_wconf 84' lang='lat' dir='ltr'><strong>exemplo</strong></span> <span class='ocrx_word' id='word_1_160' title='bbox 1389 2267 1434 2353; x_wconf 88' lang='lat' dir='ltr'><strong>ne</strong></span> <span class='ocrx_word' id='word_1_161' title='bbox 1451 2281 1669 2353; x_wconf 84' lang='lat' dir='ltr'><strong>deficiamus.</strong></span> <span class='ocrx_word' id='word_1_162' title='bbox 1687 2285 1727 2352; x_wconf 92' lang='lat' dir='ltr'><strong>ln</strong></span> <span class='ocrx_word' id='word_1_163' title='bbox 1740 2281 1840 2375; x_wconf 83' lang='lat' dir='ltr'><strong>cujus</strong></span> <span class='ocrx_word' id='word_1_164' title='bbox 1854 2279 2016 2350; x_wconf 88' lang='lat' dir='ltr'><strong>videlicet</strong></span> 
     </span>
     <span class='ocr_line' id='line_1_16' title="bbox 432 2399 2016 2501; baseline -0.003 -28"><span class='ocrx_word' id='word_1_165' title='bbox 432 2403 606 2501; x_wconf 82' lang='lat' dir='ltr'><strong>passionis</strong></span> <span class='ocrx_word' id='word_1_166' title='bbox 632 2402 901 2491; x_wconf 82' lang='lat' dir='ltr'><strong>recordatione,</strong></span> <span class='ocrx_word' id='word_1_167' title='bbox 927 2404 1002 2499; x_wconf 89' lang='lat' dir='ltr'><strong>ipse</strong></span> <span class='ocrx_word' id='word_1_168' title='bbox 1028 2403 1189 2500; x_wconf 86' lang='lat' dir='ltr'><strong>corporis</strong></span> <span class='ocrx_word' id='word_1_169' title='bbox 1213 2417 1248 2474; x_wconf 89' lang='lat' dir='ltr'><strong>et</strong></span> <span class='ocrx_word' id='word_1_170' title='bbox 1273 2403 1452 2499; x_wconf 84' lang='lat' dir='ltr'><strong>sanguinis</strong></span> <span class='ocrx_word' id='word_1_171' title='bbox 1475 2403 1530 2473; x_wconf 90' lang='lat' dir='ltr'><strong>sui</strong></span> <span class='ocrx_word' id='word_1_172' title='bbox 1556 2415 1775 2473; x_wconf 87' lang='lat' dir='ltr'><strong>sacramenta</strong></span> <span class='ocrx_word' id='word_1_173' title='bbox 1803 2399 2016 2495; x_wconf 84' lang='lat' dir='ltr'><strong>frequentari</strong></span> 
     </span>
     <span class='ocr_line' id='line_1_17' title="bbox 434 2521 2016 2624; baseline -0.003 -30"><span class='ocrx_word' id='word_1_174' title='bbox 434 2523 600 2619; x_wconf 70' lang='lat' dir='ltr'><strong>precepit</strong></span> <span class='ocrx_word' id='word_1_175' title='bbox 612 2523 648 2592; x_wconf 91' lang='lat' dir='ltr'><strong>in</strong></span> <span class='ocrx_word' id='word_1_176' title='bbox 665 2521 831 2612; x_wconf 84' lang='lat' dir='ltr'><strong>Ecclesia,</strong></span> <span class='ocrx_word' id='word_1_177' title='bbox 846 2521 942 2624; x_wconf 85' lang='lat' dir='ltr'><strong>unde</strong></span> <span class='ocrx_word' id='word_1_178' title='bbox 956 2537 992 2594; x_wconf 91' lang='lat' dir='ltr'><strong>et</strong></span> <span class='ocrx_word' id='word_1_179' title='bbox 1005 2523 1235 2619; x_wconf 73' lang='lat' dir='ltr'><strong>Apostolus¹z</strong></span> <span class='ocrx_word' id='word_1_180' title='bbox 1255 2523 1481 2611; x_wconf 83' lang='lat' dir='ltr'><strong>«Dominus,</strong></span> <span class='ocrx_word' id='word_1_181' title='bbox 1495 2549 1512 2590; x_wconf 79' lang='lat' dir='ltr'><strong>n</strong></span> <span class='ocrx_word' id='word_1_182' title='bbox 1529 2523 1662 2618; x_wconf 93' lang='lat' dir='ltr'><strong>inquit,</strong></span> <span class='ocrx_word' id='word_1_183' title='bbox 1682 2549 1700 2586; x_wconf 80' lang='lat' dir='ltr'><strong>u</strong></span> <span class='ocrx_word' id='word_1_184' title='bbox 1714 2525 1814 2591; x_wconf 85' lang='lat' dir='ltr'><strong>Jesns</strong></span> <span class='ocrx_word' id='word_1_185' title='bbox 1826 2543 1898 2615; x_wconf 87' lang='lat' dir='ltr'><strong>qua</strong></span> <span class='ocrx_word' id='word_1_186' title='bbox 1911 2534 2016 2590; x_wconf 89' lang='lat' dir='ltr'><strong>nocte</strong></span> 
     </span>
     <span class='ocr_line' id='line_1_18' title="bbox 434 2637 2015 2738; baseline -0.003 -28"><span class='ocrx_word' id='word_1_187' title='bbox 434 2637 640 2711; x_wconf 81' lang='lat' dir='ltr'><strong>tradebatur</strong></span> <span class='ocrx_word' id='word_1_188' title='bbox 649 2641 785 2737; x_wconf 86' lang='lat' dir='ltr'><strong>accepit</strong></span> <span class='ocrx_word' id='word_1_189' title='bbox 800 2663 943 2738; x_wconf 87' lang='lat' dir='ltr'><strong>panem,</strong></span> <span class='ocrx_word' id='word_1_190' title='bbox 960 2655 995 2711; x_wconf 90' lang='lat' dir='ltr'><strong>et</strong></span> <span class='ocrx_word' id='word_1_191' title='bbox 1008 2642 1134 2735; x_wconf 74' lang='lat' dir='ltr'><strong>gratim</strong></span> <span class='ocrx_word' id='word_1_192' title='bbox 1145 2663 1252 2736; x_wconf 89' lang='lat' dir='ltr'><strong>agens</strong></span> <span class='ocrx_word' id='word_1_193' title='bbox 1263 2641 1383 2736; x_wconf 80' lang='lat' dir='ltr'><strong>fregit,</strong></span> <span class='ocrx_word' id='word_1_194' title='bbox 1400 2655 1436 2711; x_wconf 92' lang='lat' dir='ltr'><strong>et</strong></span> <span class='ocrx_word' id='word_1_195' title='bbox 1448 2638 1535 2710; x_wconf 86' lang='lat' dir='ltr'><strong>dixit</strong></span> <span class='ocrx_word' id='word_1_196' title='bbox 1551 2667 1559 2708; x_wconf 79' lang='grc' dir='ltr'><strong><em>ι</em></strong></span> <span class='ocrx_word' id='word_1_197' title='bbox 1573 2643 1676 2710; x_wconf 83' lang='lat' dir='ltr'><strong>«Hoc</strong></span> <span class='ocrx_word' id='word_1_198' title='bbox 1689 2653 1743 2710; x_wconf 90' lang='lat' dir='ltr'><strong>est</strong></span> <span class='ocrx_word' id='word_1_199' title='bbox 1753 2660 1884 2734; x_wconf 84' lang='lat' dir='ltr'><strong>corpus</strong></span> <span class='ocrx_word' id='word_1_200' title='bbox 1896 2659 2015 2707; x_wconf 89' lang='lat' dir='ltr'><strong>meum</strong></span> 
     </span>
     <span class='ocr_line' id='line_1_19' title="bbox 437 2751 2017 2854; baseline -0.002 -31"><span class='ocrx_word' id='word_1_201' title='bbox 437 2785 455 2824; x_wconf 77' lang='lat' dir='ltr'><strong>u</strong></span> <span class='ocrx_word' id='word_1_202' title='bbox 469 2756 569 2852; x_wconf 91' lang='lat' dir='ltr'><strong>quod</strong></span> <span class='ocrx_word' id='word_1_203' title='bbox 581 2781 649 2854; x_wconf 88' lang='lat' dir='ltr'><strong>pro</strong></span> <span class='ocrx_word' id='word_1_204' title='bbox 663 2756 764 2828; x_wconf 84' lang='lat' dir='ltr'><strong>vobis</strong></span> <span class='ocrx_word' id='word_1_205' title='bbox 777 2757 948 2829; x_wconf 90' lang='lat' dir='ltr'><strong>tradetur.</strong></span> <span class='ocrx_word' id='word_1_206' title='bbox 965 2762 1041 2828; x_wconf 85' lang='lat' dir='ltr'><strong>lloc</strong></span> <span class='ocrx_word' id='word_1_207' title='bbox 1054 2757 1160 2831; x_wconf 75' lang='lat' dir='ltr'><strong>facite</strong></span> <span class='ocrx_word' id='word_1_208' title='bbox 1177 2760 1214 2828; x_wconf 95' lang='lat' dir='ltr'><strong>in</strong></span> <span class='ocrx_word' id='word_1_209' title='bbox 1230 2781 1349 2828; x_wconf 89' lang='lat' dir='ltr'><strong>meam</strong></span> <span class='ocrx_word' id='word_1_210' title='bbox 1367 2757 1756 2832; x_wconf 88' lang='lat' dir='ltr'><strong>commemorationem.</strong></span> <span class='ocrx_word' id='word_1_211' title='bbox 1775 2781 1792 2817; x_wconf 78' lang='lat' dir='ltr'><strong>u</strong></span> <span class='ocrx_word' id='word_1_212' title='bbox 1808 2751 1975 2823; x_wconf 89' lang='lat' dir='ltr'><strong>Similiter</strong></span> <span class='ocrx_word' id='word_1_213' title='bbox 1982 2767 2017 2821; x_wconf 89' lang='lat' dir='ltr'><strong>et</strong></span> 
     </span>
     <span class='ocr_line' id='line_1_20' title="bbox 435 2874 2020 2974; baseline -0.004 -26"><span class='ocrx_word' id='word_1_214' title='bbox 435 2875 600 2948; x_wconf 86' lang='lat' dir='ltr'><strong>calicem:</strong></span> <span class='ocrx_word' id='word_1_215' title='bbox 621 2877 946 2974; x_wconf 77' lang='lat' dir='ltr'><strong>«Quotiescunque</strong></span> <span class='ocrx_word' id='word_1_216' title='bbox 966 2876 1223 2948; x_wconf 84' lang='lat' dir='ltr'><strong>manducabitis</strong></span> <span class='ocrx_word' id='word_1_217' title='bbox 1242 2899 1373 2973; x_wconf 81' lang='lat' dir='ltr'><strong>panem</strong></span> <span class='ocrx_word' id='word_1_218' title='bbox 1391 2875 1509 2964; x_wconf 88' lang='lat' dir='ltr'><strong>hunc,</strong></span> <span class='ocrx_word' id='word_1_219' title='bbox 1529 2891 1565 2962; x_wconf 89' lang='lat' dir='ltr'><strong>et</strong></span> <span class='ocrx_word' id='word_1_220' title='bbox 1584 2875 1729 2946; x_wconf 88' lang='lat' dir='ltr'><strong>calicem</strong></span> <span class='ocrx_word' id='word_1_221' title='bbox 1748 2874 1895 2961; x_wconf 88' lang='lat' dir='ltr'><strong>bibetis,</strong></span> <span class='ocrx_word' id='word_1_222' title='bbox 1917 2897 2020 2944; x_wconf 89' lang='lat' dir='ltr'><strong>mor-</strong></span> 
     </span>
     <span class='ocr_line' id='line_1_21' title="bbox 439 2991 2019 3091; baseline -0.004 -23"><span class='ocrx_word' id='word_1_223' title='bbox 439 3024 456 3061; x_wconf 82' lang='lat'>«</span> <span class='ocrx_word' id='word_1_224' title='bbox 469 3011 541 3068; x_wconf 88' lang='lat' dir='ltr'><strong>tem</strong></span> <span class='ocrx_word' id='word_1_225' title='bbox 554 2998 699 3068; x_wconf 91' lang='lat' dir='ltr'><strong>Domini</strong></span> <span class='ocrx_word' id='word_1_226' title='bbox 709 2995 964 3068; x_wconf 79' lang='lat' dir='ltr'><strong>annuntiabitis</strong></span> <span class='ocrx_word' id='word_1_227' title='bbox 974 2996 1090 3066; x_wconf 90' lang='lat' dir='ltr'><strong>donec</strong></span> <span class='ocrx_word' id='word_1_228' title='bbox 1100 2995 1230 3066; x_wconf 83' lang='lat' dir='ltr'><strong>veniat.</strong></span> <span class='ocrx_word' id='word_1_229' title='bbox 1239 3021 1256 3059; x_wconf 78' lang='lat' dir='ltr'><strong>u</strong></span> <span class='ocrx_word' id='word_1_230' title='bbox 1272 2991 1342 3063; x_wconf 89' lang='lat' dir='ltr'><strong>Sed</strong></span> <span class='ocrx_word' id='word_1_231' title='bbox 1353 2991 1440 3088; x_wconf 93' lang='lat' dir='ltr'><strong>quid</strong></span> <span class='ocrx_word' id='word_1_232' title='bbox 1452 2994 1598 3091; x_wconf 87' lang='lat' dir='ltr'><strong>prodest</strong></span> <span class='ocrx_word' id='word_1_233' title='bbox 1609 2993 1714 3063; x_wconf 90' lang='lat' dir='ltr'><strong>nobis</strong></span> <span class='ocrx_word' id='word_1_234' title='bbox 1726 2994 1798 3064; x_wconf 92' lang='lat' dir='ltr'><strong>hoc</strong></span> <span class='ocrx_word' id='word_1_235' title='bbox 1809 2994 1844 3064; x_wconf 87' lang='lat' dir='ltr'><strong>in</strong></span> <span class='ocrx_word' id='word_1_236' title='bbox 1859 3007 2019 3064; x_wconf 89' lang='lat' dir='ltr'><strong>nostram</strong></span> 
     </span>
     <span class='ocr_line' id='line_1_22' title="bbox 435 3111 2021 3210; baseline -0.003 -24"><span class='ocrx_word' id='word_1_237' title='bbox 435 3113 605 3201; x_wconf 79' lang='lat' dir='ltr'><strong>reducere</strong></span> <span class='ocrx_word' id='word_1_238' title='bbox 616 3114 672 3186; x_wconf 89' lang='lat' dir='ltr'><strong>vel</strong></span> <span class='ocrx_word' id='word_1_239' title='bbox 685 3114 838 3186; x_wconf 88' lang='lat' dir='ltr'><strong>aliorum</strong></span> <span class='ocrx_word' id='word_1_240' title='bbox 852 3114 1082 3202; x_wconf 88' lang='lat' dir='ltr'><strong>memoriam,</strong></span> <span class='ocrx_word' id='word_1_241' title='bbox 1100 3115 1168 3184; x_wconf 91' lang='lat' dir='ltr'><strong>nisi</strong></span> <span class='ocrx_word' id='word_1_242' title='bbox 1181 3115 1231 3183; x_wconf 88' lang='lat' dir='ltr'><strong>sic</strong></span> <span class='ocrx_word' id='word_1_243' title='bbox 1242 3113 1276 3184; x_wconf 91' lang='lat' dir='ltr'><strong>ei</strong></span> <span class='ocrx_word' id='word_1_244' title='bbox 1288 3112 1559 3210; x_wconf 88' lang='lat' dir='ltr'><strong>compatiamur,</strong></span> <span class='ocrx_word' id='word_1_245' title='bbox 1575 3114 1665 3185; x_wconf 88' lang='lat' dir='ltr'><strong>sicut</strong></span> <span class='ocrx_word' id='word_1_246' title='bbox 1675 3111 1772 3183; x_wconf 91' lang='lat' dir='ltr'><strong>idem</strong></span> <span class='ocrx_word' id='word_1_247' title='bbox 1784 3112 1869 3183; x_wconf 88' lang='lat' dir='ltr'><strong>dicit</strong></span> <span class='ocrx_word' id='word_1_248' title='bbox 1881 3127 2021 3208; x_wconf 89' lang='lat' dir='ltr'><strong>aposto·</strong></span> 
     </span>
     <span class='ocr_line' id='line_1_23' title="bbox 436 3217 2019 3328; baseline 0 -28"><span class='ocrx_word' id='word_1_249' title='bbox 436 3231 523 3321; x_wconf 82' lang='lat' dir='ltr'><strong>lus⁸,</strong></span> <span class='ocrx_word' id='word_1_250' title='bbox 541 3247 632 3302; x_wconf 94' lang='lat' dir='ltr'><strong>utet</strong></span> <span class='ocrx_word' id='word_1_251' title='bbox 651 3231 910 3326; x_wconf 83' lang='lat' dir='ltr'><strong>conglorificari</strong></span> <span class='ocrx_word' id='word_1_252' title='bbox 923 3230 1144 3327; x_wconf 86' lang='lat' dir='ltr'><strong>resurgendo</strong></span> <span class='ocrx_word' id='word_1_253' title='bbox 1157 3230 1378 3303; x_wconf 79' lang='lat' dir='ltr'><strong>mereamur?</strong></span> <span class='ocrx_word' id='word_1_254' title='bbox 1393 3217 1557 3328; x_wconf 74' lang='lat' dir='ltr'><strong>Alioquin</strong></span> <span class='ocrx_word' id='word_1_255' title='bbox 1575 3231 1663 3302; x_wconf 91' lang='lat' dir='ltr'><strong>illud</strong></span> <span class='ocrx_word' id='word_1_256' title='bbox 1678 3230 1833 3304; x_wconf 87' lang='lat' dir='ltr'><strong>terribile</strong></span> <span class='ocrx_word' id='word_1_257' title='bbox 1842 3230 2019 3326; x_wconf 88' lang='lat' dir='ltr'><strong>judicium</strong></span> 
     </span>
     <span class='ocr_line' id='line_1_24' title="bbox 437 3349 2021 3447; baseline -0.002 -28"><span class='ocrx_word' id='word_1_258' title='bbox 437 3351 672 3436; x_wconf 78' lang='lat' dir='ltr'><strong>incunemus,</strong></span> <span class='ocrx_word' id='word_1_259' title='bbox 689 3349 789 3444; x_wconf 92' lang='lat' dir='ltr'><strong>quod</strong></span> <span class='ocrx_word' id='word_1_260' title='bbox 803 3351 879 3447; x_wconf 90' lang='lat' dir='ltr'><strong>ipse</strong></span> <span class='ocrx_word' id='word_1_261' title='bbox 892 3364 1152 3446; x_wconf 86' lang='lat' dir='ltr'><strong>consequenter</strong></span> <span class='ocrx_word' id='word_1_262' title='bbox 1164 3349 1344 3436; x_wconf 86' lang='lat' dir='ltr'><strong>adnexuit,</strong></span> <span class='ocrx_word' id='word_1_263' title='bbox 1359 3349 1500 3421; x_wconf 66' lang='lat' dir='ltr'><strong>dicens*</strong></span> <span class='ocrx_word' id='word_1_264' title='bbox 1516 3378 1523 3419; x_wconf 92' lang='lat'><strong>:</strong></span> <span class='ocrx_word' id='word_1_265' title='bbox 1545 3377 1563 3416; x_wconf 78' lang='lat' dir='ltr'><strong>u</strong></span> <span class='ocrx_word' id='word_1_266' title='bbox 1575 3355 1696 3446; x_wconf 87' lang='lat' dir='ltr'><strong>ltaque</strong></span> <span class='ocrx_word' id='word_1_267' title='bbox 1710 3351 1771 3445; x_wconf 94' lang='lat' dir='ltr'><strong>qui</strong></span> <span class='ocrx_word' id='word_1_268' title='bbox 1784 3349 2021 3420; x_wconf 85' lang='lat' dir='ltr'><strong>manducave·</strong></span> 
     </span>
     <span class='ocr_line' id='line_1_25' title="bbox 439 3468 2016 3566; baseline -0.001 -26"><span class='ocrx_word' id='word_1_269' title='bbox 439 3473 484 3540; x_wconf 93' lang='lat' dir='ltr'><strong>rit</strong></span> <span class='ocrx_word' id='word_1_270' title='bbox 500 3468 557 3539; x_wconf 83' lang='lat' dir='ltr'><strong>vel</strong></span> <span class='ocrx_word' id='word_1_271' title='bbox 580 3468 709 3542; x_wconf 84' lang='lat' dir='ltr'><strong>biberit</strong></span> <span class='ocrx_word' id='word_1_272' title='bbox 731 3469 878 3540; x_wconf 86' lang='lat' dir='ltr'><strong>calicem</strong></span> <span class='ocrx_word' id='word_1_273' title='bbox 899 3469 1044 3540; x_wconf 88' lang='lat' dir='ltr'><strong>Domini</strong></span> <span class='ocrx_word' id='word_1_274' title='bbox 1061 3468 1228 3564; x_wconf 81' lang='lat' dir='ltr'><strong>indigne,</strong></span> <span class='ocrx_word' id='word_1_275' title='bbox 1248 3493 1330 3540; x_wconf 89' lang='lat' dir='ltr'><strong>reus</strong></span> <span class='ocrx_word' id='word_1_276' title='bbox 1348 3470 1414 3541; x_wconf 88' lang='lat' dir='ltr'><strong>erit</strong></span> <span class='ocrx_word' id='word_1_277' title='bbox 1431 3472 1592 3566; x_wconf 85' lang='lat' dir='ltr'><strong>corporis</strong></span> <span class='ocrx_word' id='word_1_278' title='bbox 1609 3485 1646 3541; x_wconf 91' lang='lat' dir='ltr'><strong>et</strong></span> <span class='ocrx_word' id='word_1_279' title='bbox 1663 3471 1843 3566; x_wconf 83' lang='lat' dir='ltr'><strong>sanguinis</strong></span> <span class='ocrx_word' id='word_1_280' title='bbox 1859 3471 2016 3542; x_wconf 91' lang='lat' dir='ltr'><strong>Domini.</strong></span> 
     </span>
     <span class='ocr_line' id='line_1_26' title="bbox 441 3581 2021 3683; baseline 0.001 -26"><span class='ocrx_word' id='word_1_281' title='bbox 441 3587 512 3674; x_wconf 91' lang='lat' dir='ltr'><strong>Qui</strong></span> <span class='ocrx_word' id='word_1_282' title='bbox 528 3587 625 3656; x_wconf 88' lang='lat' dir='ltr'><strong>enim</strong></span> <span class='ocrx_word' id='word_1_283' title='bbox 643 3586 835 3657; x_wconf 84' lang='lat' dir='ltr'><strong>manducat</strong></span> <span class='ocrx_word' id='word_1_284' title='bbox 852 3601 888 3658; x_wconf 88' lang='lat' dir='ltr'><strong>et</strong></span> <span class='ocrx_word' id='word_1_285' title='bbox 905 3581 995 3658; x_wconf 90' lang='lat' dir='ltr'><strong>bibit</strong></span> <span class='ocrx_word' id='word_1_286' title='bbox 1011 3586 1174 3682; x_wconf 89' lang='lat' dir='ltr'><strong>indigns,</strong></span> <span class='ocrx_word' id='word_1_287' title='bbox 1190 3585 1364 3682; x_wconf 89' lang='lat' dir='ltr'><strong>judicium</strong></span> <span class='ocrx_word' id='word_1_288' title='bbox 1381 3587 1447 3658; x_wconf 93' lang='lat' dir='ltr'><strong>sibi</strong></span> <span class='ocrx_word' id='word_1_289' title='bbox 1460 3588 1651 3660; x_wconf 84' lang='lat' dir='ltr'><strong>manducat</strong></span> <span class='ocrx_word' id='word_1_290' title='bbox 1670 3602 1705 3658; x_wconf 89' lang='lat' dir='ltr'><strong>et</strong></span> <span class='ocrx_word' id='word_1_291' title='bbox 1721 3587 1826 3677; x_wconf 90' lang='lat' dir='ltr'><strong>bibit,</strong></span> <span class='ocrx_word' id='word_1_292' title='bbox 1840 3613 1915 3660; x_wconf 94' lang='lat' dir='ltr'><strong>non</strong></span> <span class='ocrx_word' id='word_1_293' title='bbox 1932 3589 2021 3683; x_wconf 89' lang='lat' dir='ltr'><strong>diju-</strong></span> 
     </span>
     <span class='ocr_line' id='line_1_27' title="bbox 441 3705 2022 3806; baseline 0 -30"><span class='ocrx_word' id='word_1_294' title='bbox 441 3707 563 3776; x_wconf 86' lang='lat' dir='ltr'><strong>dicans</strong></span> <span class='ocrx_word' id='word_1_295' title='bbox 579 3729 709 3803; x_wconf 87' lang='lat' dir='ltr'><strong>corpus</strong></span> <span class='ocrx_word' id='word_1_296' title='bbox 726 3707 914 3778; x_wconf 81' lang='lat' dir='ltr'><strong>Domini.»</strong></span> <span class='ocrx_word' id='word_1_297' title='bbox 934 3711 1000 3777; x_wconf 84' lang='lat' dir='ltr'><strong>Per</strong></span> <span class='ocrx_word' id='word_1_298' title='bbox 1012 3729 1216 3795; x_wconf 86' lang='lat' dir='ltr'><strong>ascensum,</strong></span> <span class='ocrx_word' id='word_1_299' title='bbox 1233 3722 1272 3777; x_wconf 92' lang='lat' dir='ltr'><strong>ut</strong></span> <span class='ocrx_word' id='word_1_300' title='bbox 1285 3705 1419 3778; x_wconf 90' lang='lat' dir='ltr'><strong>dictum</strong></span> <span class='ocrx_word' id='word_1_301' title='bbox 1431 3722 1484 3778; x_wconf 87' lang='lat' dir='ltr'><strong>est</strong></span> <span class='ocrx_word' id='word_1_302' title='bbox 1496 3733 1716 3806; x_wconf 86' lang='lat' dir='ltr'><strong>purpureum</strong></span> <span class='ocrx_word' id='word_1_303' title='bbox 1732 3708 2022 3780; x_wconf 87' lang='lat' dir='ltr'><strong>condescenden-</strong></span> 
     </span>
     <span class='ocr_line' id='line_1_28' title="bbox 442 3822 2022 3922; baseline -0.001 -29"><span class='ocrx_word' id='word_1_304' title='bbox 442 3823 530 3894; x_wconf 93' lang='lat' dir='ltr'><strong>dum</strong></span> <span class='ocrx_word' id='word_1_305' title='bbox 558 3822 661 3894; x_wconf 82' lang='lat' dir='ltr'><strong>nobis</strong></span> <span class='ocrx_word' id='word_1_306' title='bbox 687 3839 741 3894; x_wconf 87' lang='lat' dir='ltr'><strong>est</strong></span> <span class='ocrx_word' id='word_1_307' title='bbox 766 3823 812 3894; x_wconf 92' lang='lat' dir='ltr'><strong>ad</strong></span> <span class='ocrx_word' id='word_1_308' title='bbox 843 3823 1107 3894; x_wconf 88' lang='lat' dir='ltr'><strong>reclinatorium</strong></span> <span class='ocrx_word' id='word_1_309' title='bbox 1135 3848 1305 3914; x_wconf 86' lang='lat' dir='ltr'><strong>aureum;</strong></span> <span class='ocrx_word' id='word_1_310' title='bbox 1330 3826 1412 3920; x_wconf 92' lang='lat' dir='ltr'><strong>quia</strong></span> <span class='ocrx_word' id='word_1_311' title='bbox 1438 3827 1506 3896; x_wconf 87' lang='lat' dir='ltr'><strong>nisi</strong></span> <span class='ocrx_word' id='word_1_312' title='bbox 1535 3828 1840 3900; x_wconf 88' lang='lat' dir='ltr'><strong>communicemus</strong></span> <span class='ocrx_word' id='word_1_313' title='bbox 1865 3824 2022 3922; x_wconf 79' lang='lat' dir='ltr'><strong>passioni</strong></span> 
     </span>
     <span class='ocr_line' id='line_1_29' title="bbox 441 3943 2018 4045; baseline 0.001 -32"><span class='ocrx_word' id='word_1_314' title='bbox 441 3943 586 4028; x_wconf 80' lang='lat' dir='ltr'><strong>Christi,</strong></span> <span class='ocrx_word' id='word_1_315' title='bbox 605 3943 793 4041; x_wconf 85' lang='lat' dir='ltr'><strong>participes</strong></span> <span class='ocrx_word' id='word_1_316' title='bbox 806 3967 880 4014; x_wconf 93' lang='lat' dir='ltr'><strong>non</strong></span> <span class='ocrx_word' id='word_1_317' title='bbox 893 3945 1024 4015; x_wconf 89' lang='lat' dir='ltr'><strong>erimus</strong></span> <span class='ocrx_word' id='word_1_318' title='bbox 1042 3969 1113 4015; x_wconf 72' lang='lat' dir='ltr'><strong>sure</strong></span> <span class='ocrx_word' id='word_1_319' title='bbox 1131 3946 1408 4016; x_wconf 87' lang='lat' dir='ltr'><strong>resurrectionis.</strong></span> <span class='ocrx_word' id='word_1_320' title='bbox 1423 3945 1531 4032; x_wconf 93' lang='lat' dir='ltr'><strong>Quod</strong></span> <span class='ocrx_word' id='word_1_321' title='bbox 1545 3961 1584 4018; x_wconf 92' lang='lat' dir='ltr'><strong>ut</strong></span> <span class='ocrx_word' id='word_1_322' title='bbox 1599 3971 1643 4019; x_wconf 90' lang='lat' dir='ltr'><strong>eo</strong></span> <span class='ocrx_word' id='word_1_323' title='bbox 1655 3947 1816 4019; x_wconf 87' lang='lat' dir='ltr'><strong>trahente</strong></span> <span class='ocrx_word' id='word_1_324' title='bbox 1829 3947 2018 4045; x_wconf 87' lang='lat' dir='ltr'><strong>possimus,</strong></span> 
     </span>
     <span class='ocr_line' id='line_1_30' title="bbox 441 4063 1621 4160; baseline 0.004 -29"><span class='ocrx_word' id='word_1_325' title='bbox 441 4063 516 4159; x_wconf 90' lang='lat' dir='ltr'><strong>ipse</strong></span> <span class='ocrx_word' id='word_1_326' title='bbox 535 4085 681 4134; x_wconf 87' lang='lat' dir='ltr'><strong>manum</strong></span> <span class='ocrx_word' id='word_1_327' title='bbox 699 4063 874 4160; x_wconf 86' lang='lat' dir='ltr'><strong>ponigat,</strong></span> <span class='ocrx_word' id='word_1_328' title='bbox 896 4065 958 4160; x_wconf 91' lang='lat' dir='ltr'><strong>qui</strong></span> <span class='ocrx_word' id='word_1_329' title='bbox 981 4077 1020 4133; x_wconf 92' lang='lat' dir='ltr'><strong>ut</strong></span> <span class='ocrx_word' id='word_1_330' title='bbox 1041 4063 1324 4136; x_wconf 86' lang='lat' dir='ltr'><strong>conscendamus</strong></span> <span class='ocrx_word' id='word_1_331' title='bbox 1340 4066 1473 4137; x_wconf 88' lang='lat' dir='ltr'><strong>invitat.</strong></span> <span class='ocrx_word' id='word_1_332' title='bbox 1498 4071 1621 4138; x_wconf 85' lang='lat' dir='ltr'><strong>limen.</strong></span> 
     </span>
    </p>
   </div>
   <div class='ocr_carea' id='block_1_4' title="bbox 445 4295 2022 4450">
    <p class='ocr_par' dir='ltr' id='par_1_5' title="bbox 445 4295 2022 4450">
     <span class='ocr_line' id='line_1_31' title="bbox 477 4295 2022 4367; baseline 0.003 -19"><span class='ocrx_word' id='word_1_333' title='bbox 477 4297 610 4356; x_wconf 47' lang='grc' dir='ltr'><strong>’δικάσῃ</strong></span> <span class='ocrx_word' id='word_1_334' title='bbox 629 4311 685 4364; x_wconf 76' lang='lat' dir='ltr'><strong>cap.</strong></span> <span class='ocrx_word' id='word_1_335' title='bbox 700 4313 741 4359; x_wconf 88' lang='grc' dir='ltr'><strong><em>ιιι,</em></strong></span> <span class='ocrx_word' id='word_1_336' title='bbox 761 4314 785 4350; x_wconf 86' lang='grc' dir='ltr'><strong>ι.</strong></span> <span class='ocrx_word' id='word_1_337' title='bbox 806 4295 1067 4359; x_wconf 76' lang='lat' dir='ltr'><strong>tt.-·cnrntt.t,</strong></span> <span class='ocrx_word' id='word_1_338' title='bbox 1083 4315 1139 4366; x_wconf 77' lang='lat' dir='ltr'><strong>esp.</strong></span> <span class='ocrx_word' id='word_1_339' title='bbox 1161 4315 1200 4357; x_wconf 83' lang='grc' dir='ltr'><strong>ιι,</strong></span> <span class='ocrx_word' id='word_1_340' title='bbox 1219 4315 1244 4352; x_wconf 76' lang='grc' dir='ltr'><strong>ι,</strong></span> <span class='ocrx_word' id='word_1_341' title='bbox 1262 4301 1297 4350; x_wconf 79' lang='lat' dir='ltr'><strong>tt</strong></span> <span class='ocrx_word' id='word_1_342' title='bbox 1315 4311 1340 4352; x_wconf 84' lang='grc' dir='ltr'><strong>ιι</strong></span> <span class='ocrx_word' id='word_1_343' title='bbox 1358 4300 1732 4367; x_wconf 71' lang='lat' dir='ltr'><strong>sq.-⁸len.,can.nn,t.</strong></span> <span class='ocrx_word' id='word_1_344' title='bbox 1750 4301 1962 4352; x_wconf 54' lang='lat' dir='ltr'><strong>tta-‘cortun</strong></span> <span class='ocrx_word' id='word_1_345' title='bbox 1991 4301 2022 4358; x_wconf 83' lang='lat' dir='ltr'><strong>l,</strong></span> 
     </span>
     <span class='ocr_line' id='line_1_32' title="bbox 445 4388 645 4450; baseline 0.02 -16"><span class='ocrx_word' id='word_1_346' title='bbox 445 4388 645 4450; x_wconf 78' lang='lat' dir='ltr'><strong>cap.xr,r.2l.</strong></span> 
     </span>
    </p>
   </div>
   <div class='ocr_carea' id='block_1_5' title="bbox 0 0 2273 6100">
    <p class='ocr_par' dir='ltr' id='par_1_6' title="bbox 0 0 2273 6100">
     <span class='ocr_line' id='line_1_33' title="bbox 0 0 2273 6100; baseline 0 0"><span class='ocrx_word' id='word_1_347' title='bbox 0 0 2273 6100; x_wconf 95' lang='lat' dir='ltr'><strong> </strong></span> 
     </span>
    </p>
   </div>
  </div>
 </body>
</html>
