4522 6104
570 556 746 632 CONTRA
771 555 994 644 Qunnnxtt
1018 553 1274 629 cauomcutt
1297 553 1583 628 REGULAREM·
1803 554 1876 628 687

285 696 517 796 professionis
531 696 697 787 clericos,
716 721 808 794 quos
825 696 1021 768 canonicos
1037 694 1218 793 regulares
1240 695 1395 784 vocatis,
1415 695 1466 766 sic
1487 693 1613 766 efferre
1633 693 1788 766 labores.
1809 696 1875 766 Mi·

284 844 407 892 ramur
424 834 544 891 autem
561 821 589 892 si
607 821 655 892 ita
672 820 735 909 sit,
754 817 818 890 sed
834 818 989 918 amplius
1004 819 1178 891 miramur
1194 818 1224 888 si
1239 818 1290 890 ita
1305 841 1382 888 non
1399 818 1462 902 sit,
1481 841 1595 914 quum
1615 814 1752 886 nullam
1768 815 1875 889 aliam

283 941 456 1039 suspicari
472 941 651 1039 possimus
668 963 826 1012 causam.
842 940 957 1027 Dicis,
976 953 1016 1009 ut
1034 939 1180 1028 dicunt,
1199 937 1307 1034 longe
1324 937 1452 1010 ordine
1468 951 1532 1008 tuo
1550 950 1715 1008 nostrum
1731 936 1877 1010 inferio·

283 1085 360 1132 rem
374 1086 469 1150 esse,
487 1077 524 1132 et
536 1060 733 1160 plurimum
749 1059 947 1133 monachos
964 1083 985 1130 a
1001 1058 1174 1156 dignitate
1191 1059 1404 1132 clericorum
1421 1058 1557 1130 abesse.
1577 1061 1617 1128 In
1635 1081 1709 1155 quo
1727 1059 1874 1154 quidem

283 1183 442 1281 primum
458 1206 480 1254 a
495 1197 531 1253 te
547 1182 717 1254 sciscitari
735 1179 924 1271 volumus,
944 1180 990 1252 de
1006 1204 1079 1278 qua
1094 1179 1133 1252 id
1149 1179 1321 1276 dignitate
1339 1178 1533 1276 intelligas,
1552 1192 1674 1250 utrum
1696 1178 1873 1275 praelatio-

283 1300 338 1372 nis
364 1301 457 1372 inter
484 1300 672 1390 homines,
701 1325 747 1372 an
773 1299 955 1396 religionis
980 1299 1078 1398 apud
1101 1303 1232 1371 Deum.
1261 1297 1369 1386 Quod
1401 1297 1582 1394 religionis
1607 1296 1771 1395 prolecto
1798 1297 1874 1370 haec

282 1417 436 1514 dignitas
451 1419 635 1493 verissima
652 1435 724 1510 est,
738 1443 817 1517 quae
831 1445 898 1492 nos
913 1423 990 1491 Deo
1007 1419 1162 1492 maxime
1179 1413 1424 1508 commendat,
1438 1433 1546 1516 atque
1562 1415 1752 1490 virtutibus
1768 1417 1875 1490 ador·

281 1551 366 1627 nat,
386 1552 423 1609 et
438 1553 540 1611 tanto
562 1538 790 1635 gloriosiores
811 1540 850 1612 in
867 1539 1069 1612 coelestibus
1096 1537 1222 1629 efficit,
1246 1552 1383 1636 quanto
1407 1538 1616 1610 humiliores
1640 1537 1817 1612 habemur
1836 1541 1874 1612 in

281 1658 443 1730 terrenis.
463 1664 507 1730 At
522 1684 609 1731 vero
626 1685 698 1757 qua
713 1661 854 1733 ratione
876 1659 934 1732 vel
956 1660 1168 1733 auctoritate
1184 1659 1280 1732 hanc
1299 1660 1369 1732 sibi
1390 1659 1602 1756 dignitatern
1618 1658 1738 1731 clerici
1753 1659 1873 1732 vindi·

281 1801 362 1850 care
387 1778 549 1870 valeant,
575 1779 673 1853 dicas
691 1781 723 1852 si
744 1782 876 1879 possis,
903 1797 965 1854 aut
990 1781 1136 1878 adjicias
1160 1806 1226 1853 cur
1247 1805 1322 1854 non
1349 1782 1477 1879 possis.
1502 1781 1590 1868 Quis
1617 1781 1714 1851 enim
1739 1784 1874 1856 nesciat

279 1899 381 1996 quod
397 1900 617 1998 quotidianis
633 1901 808 1974 docemur
829 1903 1081 2000 experimentis
1102 1901 1170 1974 bos
1190 1903 1300 1975 etiam
1325 1901 1492 1992 clericos,
1510 1903 1572 2000 qui
1598 1903 1734 1998 majore
1760 1904 1873 1999 gradu

280 2021 514 2116 praeminent,
533 2023 771 2094 monasticam
787 2021 917 2118 eligere
936 2023 1064 2112 vitam,
1078 2048 1192 2120 quum
1209 2023 1310 2119 quod
1326 2024 1364 2094 in
1380 2022 1549 2095 clericatu
1563 2021 1781 2122 deliquerint
1795 2048 1874 2123 per·

280 2137 369 2212 lecte
385 2142 563 2237 corrigere
579 2157 765 2238 satagunt,
790 2157 826 2214 et
847 2167 960 2240 quum
977 2143 1027 2214 eis
1049 2140 1097 2215 ad
1119 2143 1378 2216 monachatum
1393 2144 1546 2216 transire
1562 2142 1685 2234 liceat,
1705 2143 1753 2216 ad
1769 2144 1873 2218 cleri-

279 2273 399 2330 catum
416 2259 620 2332 nullatenus
636 2260 753 2332 redire
768 2261 1042 2358 permittantur?
1059 2265 1128 2332 Aut
1143 2261 1174 2332 si
1189 2261 1409 2358 quandoque
1425 2286 1489 2359 per
1505 2260 1686 2357 religionis
1702 2262 1873 2336 excellen-

279 2377 385 2468 tiam,
405 2377 649 2452 ecclesiasticae
662 2403 825 2477 personae
840 2376 887 2449 de
904 2379 1130 2450 monasteriis
1147 2377 1283 2468 electae,
1300 2377 1514 2451 clericorum
1530 2378 1658 2452 officiis
1674 2380 1872 2478 praefician·

279 2511 349 2587 tur,
369 2499 445 2596 ipse
461 2522 607 2598 quoque
624 2497 769 2570 babitus
784 2497 1005 2571 monachalis
1021 2512 1122 2570 tanta
1137 2496 1310 2595 dignitate
1325 2500 1530 2596 praeminet,
1551 2513 1591 2570 ut
1607 2499 1718 2572 semel
1734 2525 1872 2573 assum·

277 2631 361 2715 ptus
377 2619 513 2716 deponi
536 2643 612 2691 non
633 2616 786 2690 debeat:
802 2643 870 2717 pro
892 2643 966 2716 quo
989 2643 1064 2689 non
1082 2617 1201 2690 solum
1225 2617 1420 2708 saecularis,
1443 2619 1680 2690 verumetiam
1700 2619 1872 2694 clericalis

278 2744 501 2841 abjiciendus
517 2758 582 2816 est.
603 2742 701 2831 Quid
716 2758 770 2816 est
787 2743 912 2831 etiam,
932 2741 1032 2840 quod
1051 2767 1164 2838 quum
1180 2766 1272 2840 saepe
1289 2740 1460 2813 monachi
1481 2742 1640 2840 episcopi
1662 2739 1744 2814 lacti
1767 2741 1870 2814 cleri·

278 2863 329 2934 cis
346 2876 617 2961 praeponantur,
637 2860 693 2932 vel
710 2861 998 2958 quibuscumque
1021 2858 1148 2933 officiis
1163 2859 1410 2934 ecclesiasticis
1432 2857 1676 2958 applicentur?
1696 2863 1769 2932 Cur
1793 2885 1870 2934 non

277 3007 491 3056 econverso
508 2983 554 3055 de
571 2982 707 3054 clericis
724 2981 872 3054 abbates
888 2982 926 3052 in
949 2981 1176 3053 monasteriis
1197 2980 1304 3073 fiant,
1324 2979 1382 3052 vel
1407 2978 1611 3084 officiorum
1635 2978 1869 3053 monachico·

276 3129 360 3175 rum
382 3127 507 3175 curam
529 3102 746 3201 suscipiant?
762 3106 847 3192 Cur,
872 3101 1039 3198 inquam,
1062 3125 1141 3191 cur,
1168 3098 1339 3190 obsecro,
1363 3101 1433 3172 nisi
1457 3099 1558 3199 quod
1582 3098 1870 3197 indignissimum

276 3239 454 3314 censetur,
478 3238 519 3295 ut
539 3222 614 3318 ejus
635 3223 715 3293 vitae
736 3221 902 3318 regimini
921 3220 1034 3293 laxior
1050 3237 1296 3319 praeponatur,
1315 3247 1383 3319 pro
1399 3246 1471 3319 qua
1488 3221 1596 3294 etiam
1611 3221 1870 3319 ipsa-contem·

276 3344 397 3417 nenda
414 3359 485 3434 est,
503 3359 557 3433 et,
577 3357 617 3414 ut
632 3342 806 3432 diximus,
824 3367 889 3440 per
906 3367 987 3414 eam
1002 3341 1237 3438 corrigenda?
1253 3347 1325 3414 Cur
1341 3343 1450 3416 etiam
1466 3367 1532 3414 vos
1550 3342 1635 3440 ipsi,
1652 3357 1688 3414 et
1703 3343 1870 3416 universa

275 3463 424 3536 ecclesia
436 3465 474 3536 in
488 3463 749 3562 supplicatione
762 3463 991 3534 Letaniarum
1004 3460 1141 3532 dicitis:
1160 3463 1325 3534 «Omnes
1341 3463 1454 3534 sancti
1469 3458 1640 3534 monachi
1652 3475 1688 3532 et
1699 3463 1868 3554 eremita,

276 3609 404 3657 omnes
418 3598 549 3656 sanctae
564 3582 738 3678 virgines,
757 3607 885 3653 omnes
900 3595 1032 3654 sanctae
1047 3580 1164 3654 viduae
1181 3597 1216 3653 et
1232 3582 1477 3674 continentes,
1497 3596 1597 3653 orate
1616 3606 1682 3681 pro
1707 3581 1831 3673 nobis,
1850 3611 1868 3650 a

276 3719 312 3776 et
328 3729 418 3793 non,
439 3732 455 3772 u
468 3706 604 3774 Omnes
619 3702 734 3773 sancti
749 3701 886 3790 clerici,
901 3700 957 3771 vel
974 3701 1088 3773 sancti
1103 3699 1322 3799 presbyteri,
1334 3701 1391 3774 vel
1406 3702 1519 3774 sancti
1537 3702 1716 3801 episcopi?
1729 3731 1747 3770 u
1767 3706 1870 3774 Certe

276 3825 361 3922 quia
378 3823 454 3895 haec
473 3822 623 3895 nomina
639 3819 748 3892 officii
763 3821 876 3916 magis
895 3835 997 3909 sunt,
1016 3820 1107 3892 sicut
1122 3820 1184 3892 illa
1200 3819 1395 3918 religionis.
1411 3821 1507 3909 Quid
1524 3837 1578 3894 est
1594 3823 1703 3894 etiam
1718 3822 1818 3920 quod
1831 3825 1869 3896 in

276 3943 344 4016 illis
368 3943 518 4040 Hymnis
543 3941 741 4013 festivitatis
761 3939 926 4011 omnium
951 3953 1178 4029 sanctorum,
1208 3940 1245 4012 in
1279 3939 1410 4038 quibus
1435 3941 1870 4040 tamavobis,qua1na
1968 4034 1970 4041 y

276 4063 410 4136 caeteris
424 4062 590 4159 suffragia
606 4076 814 4134 sanctorum
829 4059 1070 4158 postulantur,
1089 4059 1188 4132 nulla
1203 4061 1313 4134 vestri
1327 4062 1465 4134 mentio
1481 4060 1562 4151 liat,
1574 4062 1667 4132 sicut
1682 4060 1723 4132 fit
1739 4087 1867 4136 mona·

276 4182 430 4255 chorum
447 4199 483 4256 et
498 4183 697 4280 virginum?
713 4181 771 4252 Sic
787 4180 922 4279 quippe
938 4180 1112 4278 scriptum
1128 4195 1207 4252 est:

735 4379 855 4443 Chorus
869 4387 1041 4441 sanctarum
1055 4378 1226 4459 virginum,

735 4479 1016 4562 monachorumque
1030 4479 1185 4556 omnium,

708 4581 832 4656 ,Simul
849 4599 919 4644 cum
934 4581 1049 4644 sancus
1064 4581 1207 4645 omnibus

736 4683 901 4746 consortes
915 4682 1029 4748 Christi
1043 4682 1144 4749 facite.

737 5020 958 5084 llonachorum
972 5017 1135 5100 suffragia,

735 5123 910 5208 Omnesque
924 5123 1009 5187 cives
1022 5121 1141 5198 celici,
