4522 6102
442 583 511 654 ros
648 549 650 552 ’
778 589 781 596 ’
873 581 1001 652 rnrur
1027 579 1258 658 amitant
1283 580 1339 652 nr
1362 579 1590 652 miorssn

320 727 322 734 ’
440 720 489 791 ibi
500 721 586 793 latet
597 721 821 820 periculum?
836 725 938 794 Certe
950 721 987 792 in
1007 719 1520 793 seducenda-muliereuullum
1531 734 1584 792 est
1599 739 1699 817 eque
1712 721 1813 794 facile
1826 737 1867 794 ut
1882 723 2014 794 lenoci-

440 831 541 912 nium
559 841 749 932 muliebre,
766 866 832 913 nec
849 857 1025 940 corruptae
1038 843 1167 914 mentis
1184 841 1439 941 turpitudinem
1457 842 1504 913 ita
1521 855 1687 940 prompte
1705 844 1872 940 cuiquam
1891 844 2014 916 mulier

440 961 629 1032 committit
652 962 742 1032 sicut
774 961 925 1032 mulieri.
960 961 1061 1034 Unde
1090 977 1124 1032 et
1151 961 1338 1060 praedictus
1364 963 1599 1057 Hieronymus
1622 963 1773 1034 maxime
1803 963 2011 1036 secularium

439 1104 600 1152 accessus
613 1081 828 1152 feminarum.
837 1083 946 1154 vitare
961 1082 1139 1179 propositi
1147 1083 1259 1153 sancti
1270 1080 1418 1154 feminas
1431 1080 1640 1152 adhortatur
1650 1085 1671 1151 ¹.
1689 1084 1851 1179 Denique
1868 1085 1915 1172 si,
1932 1086 2014 1155 viris

438 1200 483 1270 ab
509 1199 748 1298 hospitalitate
774 1217 895 1272 nostra
922 1201 1087 1289 exclusis,
1124 1200 1215 1273 solas
1241 1201 1469 1272 admittamus
1495 1200 1660 1290 feminas,
1693 1202 1772 1297 quis
1797 1227 1871 1273 non
1898 1203 2013 1274 videat

438 1335 570 1416 quanta
590 1322 856 1418 exasperatione
877 1323 970 1392 viros
993 1320 1216 1392 offendamus
1233 1327 1259 1410 ¹,
1292 1345 1447 1418 quorum
1475 1319 1656 1393 beneficiis
1678 1323 1891 1394 monasteria
1911 1347 2013 1394 sexus

436 1438 568 1512 infirmi
594 1457 715 1537 egent,
743 1443 896 1513 maxime
921 1443 950 1512 si
970 1443 1020 1512 eis
1040 1465 1061 1512 a
1083 1440 1211 1538 quibus
1232 1440 1312 1540 plus
1333 1442 1511 1539 accipiunt
1533 1442 1650 1512 minus
1671 1456 1732 1512 aut
1755 1443 1905 1513 omnino
1925 1443 2012 1514 nilril

435 1560 552 1656 largiri
571 1561 783 1632 videantur?
803 1561 911 1647 Quod
931 1563 960 1632 si
982 1561 1155 1658 praedictae
1175 1562 1302 1658 regulae
1325 1575 1429 1633 tenor
1455 1585 1476 1632 a
1498 1561 1602 1632 nobis
1622 1561 1761 1659 impleri
1780 1586 1854 1633 non
1874 1579 2007 1661 potest,

435 1705 561 1754 vereor
583 1705 628 1751 ne
647 1680 735 1752 illud
755 1681 905 1779 apostoli
924 1682 1046 1754 Jacob?
1069 1683 1105 1752 in
1133 1697 1292 1753 nostram
1309 1706 1456 1778 quoque
1476 1680 1742 1752 damnationem
1766 1680 1901 1752 dictum
1919 1684 2006 1753 sit⁸:

439 1801 694 1898 «Quicunque
722 1816 833 1872 totam
860 1801 973 1898 legem
1003 1801 1261 1891 observaverit,
1295 1800 1458 1873 offendat
1480 1815 1599 1872 autern
1625 1801 1660 1870 in
1691 1825 1790 1889 uno,
1820 1801 1932 1873 sactrrs
1960 1818 2011 1874 est

436 1921 600 1992 omnium
616 1945 708 1992 reus.
727 1949 746 1988 ιι
768 1921 876 2007 Quod
894 1935 946 1993 est
961 1921 1101 1991 dicere:
1120 1925 1171 1992 De
1185 1921 1273 1992 hoc⁸
1286 1921 1362 2018 ipso
1379 1945 1460 1992 reus
1477 1921 1644 1992 statuitur
1654 1919 1717 2016 qui
1727 1919 1864 2017 peragit
1876 1920 2007 2007 multa,

435 2038 532 2135 quod
557 2064 629 2111 non
652 2040 775 2138 implet
792 2041 929 2128 omnim
946 2055 980 2110 et
1001 2055 1236 2134 transgressor
1258 2039 1343 2136 legis
1368 2037 1518 2110 efficitur·
1537 2063 1581 2109 ex
1606 2063 1697 2128 uno,
1724 2038 1825 2133 cujus
1846 2039 2012 2136 impletor

435 2181 509 2229 non
528 2157 630 2230 fuerit
648 2161 714 2230 nisi
732 2158 899 2230 omnibus
911 2159 1166 2230 consummatis
1184 2159 1259 2254 ejus
1271 2162 1466 2257 praeceptis.
1483 2157 1591 2245 Quod
1607 2159 1683 2256 ipse
1696 2158 1813 2228 statim
1827 2156 2011 2255 diligenter

434 2299 616 2374 exponens
635 2277 816 2375 apostolus
835 2277 1006 2373 adjecit':
1028 2305 1045 2344 u
1059 2279 1130 2363 Qui
1147 2278 1243 2347 enirn
1262 2276 1368 2348 dixit:
1386 2281 1464 2347 Non
1483 2275 1735 2366 moechaberis,
1751 2275 1838 2346 dixit
1851 2291 1908 2348 et:
1931 2281 2008 2350 Non

434 2394 586 2466 occides.
604 2396 712 2482 Quod
726 2398 843 2468 sinon
857 2395 1107 2484 moechaberis,
1125 2395 1266 2467 occidas
1280 2410 1417 2484 autern,
1440 2395 1551 2466 lactus
1572 2420 1609 2466 es
1625 2410 1859 2491 transgressor
1876 2395 2006 2492 legis.»

436 2518 483 2584 dc
497 2515 526 2584 si
539 2530 660 2611 aperte
680 2515 774 2590 dicat
792 2543 799 2586 :
822 2515 906 2587 ldeo
924 2515 1071 2611 quilibet
1092 2540 1173 2586 reus
1190 2513 1231 2586 srt
1249 2515 1294 2586 de
1309 2517 1585 2612 transgressione
1599 2511 1908 2610 uniuscujuslibet‘
1923 2541 2009 2614 prte-

434 2635 544 2730 cepti,
560 2636 645 2730 quia
655 2636 731 2733 ipse
741 2636 936 2724 Dumium,
950 2637 1013 2731 qui
1028 2635 1185 2733 praecipit
1204 2659 1335 2724 unum,
1352 2635 1510 2732 praecipit
1528 2649 1564 2705 et
1582 2633 1690 2706 aliud.
1711 2639 1752 2706 Et
1767 2634 2009 2731 quodcunque

433 2751 520 2847 legis
533 2752 684 2824 violetur
695 2767 927 2852 praeceptum,
943 2755 1019 2850 ipse
1037 2754 1277 2825 contemnitur
1288 2754 1350 2850 qui
1365 2753 1479 2849 legem
1498 2777 1571 2823 non
1591 2754 1627 2824 irr
1643 2776 1736 2838 uno,
1759 2753 1821 2825 sed
1842 2755 1876 2824 in
1890 2756 2006 2824 omni-

432 2869 499 2943 bus
519 2876 651 2970 pariter
676 2874 851 2946 mandatis
872 2875 1085 2946 constituit⁷.
1114 2880 1160 2945 Ut
1183 2889 1303 2945 autern
1325 2887 1531 2972 praeteream
1549 2876 1560 2912 ⁸
1581 2872 1640 2944 illa
1667 2873 1795 2970 regulae
1829 2875 2003 2960 instituta,

432 3011 509 3087 quae
527 2994 667 3089 penitus
685 2992 873 3065 observare
896 3018 970 3065 non
984 3017 1190 3091 possumus,
1211 3008 1271 3065 aut
1293 2983 1377 3062 sinc
1392 2991 1549 3089 periculo
1563 3015 1637 3062 non
1651 2991 1809 3064 valemus
1829 3020 1836 3062 :
1857 2991 1919 3063 nbi
1940 3017 2007 3064 urr-

434 3134 541 3204 quam
566 3111 609 3182 ad
636 3111 851 3208 colligendas
874 3137 1005 3183 messes
1028 3125 1227 3182 conventus
1246 3111 1455 3182 monialium
1475 3110 1592 3201 exire,
1611 3111 1668 3184 vel
1683 3110 1823 3182 labores
1841 3134 2007 3207 agrorum

434 3230 566 3300 habere
577 3235 588 3269 ⁹
600 3234 800 3317 cousuevit,
817 3247 878 3302 aut
891 3230 1195 3328 suscipiendarum
1210 3230 1421 3302 feminarum
1434 3231 1668 3302 constantiam
1682 3255 1756 3301 uno
1770 3256 1866 3302 auno
1878 3229 2007 3329 proba·

433 3349 540 3437 verit,
567 3373 696 3446 easque
721 3351 823 3422 tertio
847 3349 1000 3448 perlecta
1027 3348 1164 3444 regula,
1193 3349 1282 3420 sicut
1311 3351 1347 3420 iu
1372 3351 1447 3447 ipsa
1473 3349 1630 3445 jubetur,
1656 3351 1881 3421 instruxerit?
1912 3351 2006 3438 Quid

432 3489 572 3536 rursum
587 3467 725 3538 strdtius
743 3491 850 3564 quam
873 3469 966 3541 viam
986 3469 1143 3563 ignotam
1154 3473 1193 3556 ¹⁰,
1222 3491 1287 3538 nec
1304 3467 1422 3538 adhuc
1433 3468 1713 3540 demonstratam
1731 3467 1897 3565 aggredi?
1911 3469 2007 3555 Quid

433 3585 745 3681 presumptuosins
753 3590 771 3624 ¹¹
782 3609 890 3681 quam
906 3585 1035 3680 eligere
1055 3609 1096 3656 ac
1109 3583 1267 3682 profiteri
1281 3586 1389 3656 vitam
1398 3611 1505 3682 quam
1521 3587 1669 3676 nescias,
1681 3602 1742 3658 aut
1753 3601 1877 3658 vetum
1891 3587 2006 3658 lacere

431 3701 530 3797 quod
544 3703 691 3800 implere
704 3727 778 3774 non
790 3704 920 3800 queas?
939 3703 1010 3774 Sed
1021 3718 1056 3776 et
1067 3729 1179 3800 quum
1191 3706 1353 3775 omnium
1372 3706 1541 3775 virtutum
1560 3704 1726 3778 discretio
1736 3708 1754 3742 ¹¹
1768 3707 1812 3777 sit
1825 3721 1956 3795 mater,
1971 3722 2006 3778 et

433 3823 595 3892 omnium
619 3821 799 3893 bonorum
824 3822 1007 3894 mediatrix
1020 3825 1039 3860 ¹³
1057 3824 1101 3894 sit
1123 3817 1229 3912 ratio}
1252 3825 1331 3920 quis
1354 3839 1414 3895 aut
1438 3825 1602 3894 virtutem
1625 3839 1687 3896 sut
1707 3825 1844 3896 bonum
1867 3843 2005 3897 censeat

430 3939 531 4033 quod
547 3939 593 4012 ab
608 3942 680 4012 istis
700 3941 883 4013 dissentire
897 3940 1080 4013 videatur?
1096 3945 1191 4040 ipsas
1210 3943 1342 4041 quippe
1357 3944 1503 4013 virtutes
1517 3943 1724 4014 excedentes
1738 3943 1886 4015 modum
1901 3959 2008 4042 atque

433 4083 652 4151 mensuram,
670 4063 759 4132 siout
773 4062 1008 4157 Hieronymus
1022 4065 1145 4134 asserit
1155 4066 1190 4148 ¹⁶,
1213 4063 1304 4133 inter
1322 4064 1403 4133 vitia
1418 4064 1573 4160 reputari
1587 4063 1765 4134 convenit.
1782 4066 1870 4150 Quis
1887 4080 2005 4137 autent

433 4176 479 4248 ab
496 4180 595 4248 omni
609 4181 746 4250 ratione
760 4203 802 4249 ac
816 4179 1027 4253 discretione
1034 4184 1053 4220 ¹⁵
1071 4180 1271 4275 sejunctum
1289 4204 1362 4250 non
1388 4179 1524 4265 videat,
1548 4181 1576 4250 si
1596 4181 1642 4252 ad
1662 4180 1879 4278 imponenda
1896 4205 2007 4252 onera

434 4321 579 4398 eorum,
595 4297 725 4394 quibus
737 4298 982 4392 imponuntur,
998 4298 1218 4369 valetudines
1226 4300 1325 4395 prius
1336 4322 1409 4369 non
1425 4297 1671 4388 discutiantur,
1683 4313 1721 4370 ut
1735 4314 1867 4372 naturae
1879 4303 2009 4372 cunsti-

433 4417 606 4489 tutionem
623 4414 780 4487 humans
798 4429 965 4511 sequatur
982 4414 1178 4485 industria?
1198 4415 1287 4500 Quis
1303 4417 1441 4486 asinum
1460 4417 1595 4488 sarcina
1616 4421 1758 4508 tanta¹⁰,
1773 4443 1844 4515 qua
1858 4418 2006 4516 dignum

466 4665 472 4690 ¹
492 4665 569 4730 Epist.
586 4681 659 4724 xvsti,
674 4669 708 4714 ad
720 4665 889 4722 Eratocttr'uttr,
907 4665 966 4727 Opp.
984 4675 1001 4714 ι’.
1016 4662 1057 4725 Ν,
1072 4679 1096 4728 p.
1112 4666 1153 4714 33.
1170 4689 1200 4700 -
1233 4669 1335 4716 urscttt'oe
1350 4669 1441 4716 iudicat
1454 4665 1522 4716 MS.
1536 4692 1568 4702 -
1579 4665 1600 4693 ¹¹
1612 4669 1746 4718 Prudentia
1760 4665 1830 4716 aas.
1846 4663 2007 4720 -··10ae-

433 4749 442 4773 '
456 4753 550 4808 Quanta
558 4751 644 4812 sutura
655 4753 703 4798 n'nt
714 4751 863 4799 incommoda
872 4752 893 4797 st
902 4752 964 4798 utros
973 4749 1121 4811 offerrdamus
1130 4748 1199 4798 aits.
1235 4753 1313 4800 ratris
1325 4750 1343 4800 C
1354 4761 1380 4799 et
1389 4750 1438 4800 HS.
1451 4749 1556 4800 Amb.—
1565 4749 1586 4778 '⁴
1595 4751 1670 4816 Epist
1681 4767 1785 4809 rxxxn.
1796 4753 1830 4800 nd
1839 4751 2007 4812 statutum,

431 4857 462 4866 ·-
473 4831 483 4857 ¹
495 4830 591 4891 Jacob..
610 4847 665 4896 cap.
682 4849 711 4890 u,
726 4849 749 4881 v.
765 4833 802 4882 10.
818 4859 846 4868 -
858 4829 869 4857 ⁸
881 4831 917 4880 De
928 4834 973 4880 troc
987 4835 1058 4881 ettam
1070 4836 1121 4894 ipso
1133 4831 1208 4882 ABG„
1238 4833 1297 4896 opp.
1310 4843 1327 4882 t.
1341 4831 1380 4886 tv.
1393 4849 1419 4898 p.
1435 4834 1526 4884 sat.-
1536 4834 1558 4860 '¹
1568 4836 1701 4885 Prudentia
1716 4831 2009 4902 ltltS.-⁸⁸1irnboesius

431 4914 594 4975 -⁸?acoh.‚
614 4927 669 4980 cap.
692 4931 721 4972 ιι,
740 4931 764 4964 v.
787 4913 888 4965 tt.·-⁸
901 4915 1010 4966 Οιιιιιίιιιιι
1030 4926 1203 4977 praceptorum
1236 4915 1356 4966 iinmeritc
1376 4916 1476 4983 conjicit
1490 4918 1576 4970 deesse
1590 4917 1630 4969 tric
1641 4929 1740 4976 aanor,
1753 4919 1790 4968 vel
1808 4916 1898 4984 aliquid
1917 4915 2021 4970 simile.-

431 4999 501 5052 tttts.
514 5025 543 5036 -—
557 4997 755 5050 'interseruntur
765 4998 817 5050 hnc
829 4999 901 5050 verbs
911 5019 917 5049 ι
929 5001 962 5050 Et
975 5003 1083 5051 οιιιιϋιιι
1096 5005 1200 5050 ananum
1233 5001 1327 5051 Transi.
1347 5001 1434 5067 gallica
1447 5023 1453 5052 ι
1468 5021 1480 5048 ι
1492 5003 1536 5065 Qut
1547 5001 1653 5068 jugerotr
1668 5019 1716 5070 qus
1732 5017 1782 5068 ung
1797 5017 1857 5054 asne
1878 5003 1926 5055 tuor
1943 5003 2008 5054 aussi

431 5091 464 5134 ets
485 5087 648 5144 obsequentem
663 5087 761 5148 flagitat
783 5083 853 5134 trus
872 5109 904 5120 -
919 5083 928 5111 ⁸
946 5084 1059 5134 amatam
1080 5084 1151 5135 ttttS.
1167 5088 1206 5122 -'
1235 5083 1331 5150 sdigne
1341 5085 1371 5136 de
1384 5087 1403 5135 si
1417 5101 1487 5150 grans
1500 5087 1600 5151 charges
1613 5100 1683 5137 come
1697 5103 1728 5138 un
1740 5085 1874 5137 elideret·

435 5167 512 5216 'Patr'
524 5166 594 5217 attS.
607 5193 637 5202 -
654 5165 674 5194 ¹⁰
689 5169 732 5217 Vel
741 5182 788 5217 nau
800 5171 879 5218 tritam
889 5165 995 5219 aas-
1006 5167 1025 5195 '¹
1039 5167 1200 5230 Ecquid-ptus
