4522 6102
920 543 1155 617 Eptstotm.
1189 547 1193 552 ’
1321 599 1326 608 .
1741 548 1826 617 Ι101

252 687 438 760 inlerendo
459 685 525 756 sibi
549 706 707 754 manum.
733 684 964 781 Suggestione
985 685 1179 756 diabolica¹
1203 683 1258 756 vel
1281 702 1401 755 errore
1420 685 1596 773 maximo,
1618 683 1655 754 id
1680 683 1832 782 abipso

252 821 389 878 constat
407 829 484 876 esse
494 805 626 876 factum
637 856 647 892 ,
660 802 759 900 quod
771 804 996 876 miseratione
1007 805 1072 875 Dei
1083 804 1119 874 in
1139 828 1197 877 me
1211 819 1263 876 est
1274 803 1319 876 ab
1331 803 1401 875 alio
1413 818 1667 904 perpetratum.
1683 802 1831 902 Culpam

252 927 367 1013 erite,
398 947 474 994 non
495 924 651 994 incurro.
676 925 828 994 Mortem
850 946 1010 1012 mereor,
1034 936 1070 993 et
1096 922 1203 993 vitam
1227 945 1408 1019 assequor.
1434 925 1572 1012 Vocor,
1602 937 1639 993 et
1662 921 1827 993 reluctor.

251 1050 347 1116 lusto
365 1041 572 1114 criminibus
584 1043 612 1132 ¹,
629 1057 665 1114 et
681 1041 881 1114 adveniam
897 1042 1020 1113 trahor
1035 1042 1177 1112 invitus.
1202 1045 1291 1112 Orat
1307 1041 1507 1142 apestolus,
1528 1065 1596 1113 nec
1611 1040 1797 1112 exauditur
1807 1045 1827 1108 ³.

252 1163 415 1234 Precibus
426 1164 550 1252 instat,
565 1187 632 1234 nec
642 1163 819 1260 impetrat.
840 1166 927 1235 Vere
941 1191 959 1230 u
974 1163 1150 1232 Dominus
1164 1160 1340 1232 sollicitus
1349 1177 1401 1233 est
1412 1161 1482 1232 ntei
1494 1163 1518 1230 ⁴.
1531 1191 1549 1229 a
1567 1160 1704 1232 Vadam
1727 1161 1831 1256 igitur

248 1297 283 1352 et
302 1279 455 1352 narrabo
479 1309 497 1348 c
518 1296 651 1377 quanta
670 1281 752 1352 fecit
769 1280 945 1353 Dominus
963 1281 1089 1352 animae
1109 1284 1228 1352 mese‘.
1246 1309 1264 1348 n
1287 1280 1424 1352 Accede
1447 1295 1487 1351 et
1509 1293 1567 1366 tu,
1581 1277 1831 1376 *insqtambilis

246 1425 387 1490 comes,
403 1402 440 1471 in
456 1425 528 1472 una
540 1400 731 1496 gratiarum
743 1400 899 1490 actione,
918 1423 998 1497 qum
1016 1414 1052 1472 et
1064 1399 1177 1498 culpae
1193 1401 1368 1506 particeps
1385 1399 1477 1471 facta
1489 1423 1526 1472 es
1542 1414 1577 1472 et
1590 1401 1718 1496 gratia.
1741 1403 1830 1470 Nam

246 1535 280 1591 et
308 1535 376 1590 tute
398 1520 574 1590 Dominus
600 1542 675 1590 non
696 1519 887 1590 immemor
908 1518 1047 1608 salmis,
1071 1520 1143 1590 imo
1166 1519 1361 1619 plurimum
1384 1518 1435 1590 tui
1454 1541 1610 1608 memor,
1638 1519 1700 1614 qui
1725 1519 1830 1590 etiam

245 1653 366 1710 sancto
385 1637 545 1734 quodam
560 1631 716 1708 no'minis
729 1640 919 1736 presagio,
941 1653 975 1710 te
990 1638 1168 1738 praecipue
1186 1663 1289 1710 suam
1310 1637 1386 1709 sore
1408 1638 1648 1735 praesignavit,
1669 1663 1781 1734 quum
1795 1654 1829 1711 te

245 1757 407 1830 videlicet
418 1757 632 1830 Heloissam‘
645 1783 687 1830 ex
699 1759 847 1857 proprio
862 1759 1009 1831 nomine
1027 1783 1112 1848 suc,
1129 1758 1229 1855 quod
1247 1774 1300 1830 est
1318 1757 1477 1848 Heloim,
1498 1758 1677 1854 insignivit
1699 1785 1707 1826 :
1730 1759 1826 1855 ipse,

245 1879 407 1974 inquam,
433 1877 627 1949 clementer
648 1877 823 1975 disposuit
842 1879 879 1948 in
903 1903 978 1949 uno
998 1877 1142 1950 duobus
1162 1878 1367 1966 consulere,
1400 1903 1491 1974 quos
1511 1877 1675 1950 diabolus
1696 1879 1732 1948 in
1756 1903 1829 1950 unc

247 1998 422 2069 nitebatur
440 1999 655 2094 extinguere.
680 1996 866 2069 Paululum
884 1998 981 2070 enim
997 2013 1189 2094 antequam
1207 1997 1280 2070 hcc
1293 1997 1488 2088 accideret,
1510 2023 1578 2070 nos
1594 1996 1828 2070 indissolubili

245 2117 321 2214 lege
353 2117 562 2188 sacramenti
591 2116 758 2214 nuptialis
787 2116 941 2190 invicem
961 2117 1189 2206 astrinxerat,
1215 2141 1326 2214 quum
1353 2141 1522 2216 cuperem
1547 2131 1581 2188 te
1609 2115 1698 2188 mihi
1721 2141 1828 2216 supra

242 2237 392 2309 modum
410 2237 575 2308 dilectam
593 2237 629 2306 in
645 2251 860 2336 perpetuum
875 2237 1047 2326 retinere,
1069 2239 1144 2309 imo
1162 2261 1276 2335 quum
1291 2239 1366 2334 ipse
1377 2237 1452 2332 jam
1463 2251 1627 2308 tractaret
1640 2235 1686 2308 ad
1705 2261 1742 2308 se
1760 2260 1826 2307 nos

239 2357 365 2428 ambos
393 2357 461 2428 hac
485 2357 671 2428 occasione
698 2371 917 2428 convertere.
946 2358 982 2428 Si
1007 2358 1103 2428 enirn
1134 2356 1222 2428 mibi
1246 2372 1350 2428 antea
1376 2357 1605 2430 matrimonio
1635 2378 1710 2428 nou
1733 2381 1826 2428 esses

240 2475 424 2573 copulata,
447 2474 548 2547 facilc
565 2476 602 2545 in
624 2475 780 2546 discessu
799 2497 881 2546 meo
898 2474 1072 2566 aseculo,
1096 2475 1150 2546 vel
1163 2477 1385 2572 suggestione
1399 2489 1609 2574 parentum,
1631 2474 1686 2546 vel
1701 2499 1825 2546 carna·

239 2595 326 2665 lium
349 2592 585 2666 oblectatione
606 2593 851 2690 voluptatum,
878 2594 999 2665 secedo
1022 2593 1232 2664 inhaesis'ses.
1254 2592 1344 2664 Vide
1360 2617 1445 2688 ergo
1464 2603 1638 2689 quantum
1657 2592 1825 2664 sollicitus

239 2715 350 2784 nostri
373 2714 477 2786 fiterit
497 2715 692 2802 Dominus,
718 2713 820 2808 quasi
840 2711 887 2784 ad
910 2733 1059 2806 magnos
1083 2711 1223 2806 aliquos
1242 2733 1309 2780 ncs
1330 2726 1523 2782 reservaret
1544 2736 1647 2801 usus,
1671 2728 1707 2785 et
1724 2715 1823 2809 quasi

238 2832 482 2930 indignaretur
495 2847 557 2904 aut
573 2831 711 2903 doleret
721 2829 780 2900 illa
792 2829 949 2902 litteralis
966 2829 1118 2902 scientiae
1138 2829 1280 2918 talenta,
1293 2853 1374 2925 quae
1391 2831 1533 2925 utrique
1551 2846 1713 2902 nostrum
1728 2855 1825 2900 corn-

239 2955 402 3042 miserat,
424 2951 470 3024 ad
489 2952 543 3024 sui
563 2951 719 3023 nominis
738 2949 918 3022 honorem
936 2973 1010 3020 non
1030 2948 1253 3046 dispensari:
1278 2949 1457 3043 autquasi
1479 2949 1585 3020 etiam
1607 2949 1653 3020 de
1674 2950 1823 3020 inconti-

239 3073 447 3145 nentissimo
473 3070 613 3142 servulo
632 3074 642 3108 ⁷
662 3084 844 3142 vereretur
870 3069 970 3166 quod
999 3069 1170 3168 scriptum
1196 3069 1302 3140 ew:
1338 3069 1474 3154 «Quia
1499 3067 1663 3140 mulieres
1693 3069 1823 3141 faciunt

239 3193 343 3263 etiam
365 3185 775 3291 apostatare'sapientes,
791 3218 809 3256 a
830 3191 919 3262 sicut
938 3193 993 3261 et⁹
1009 3188 1055 3262 de
1072 3189 1335 3287 sapientissimo
1353 3201 1491 3260 certum
1514 3204 1565 3260 est
1586 3188 1778 3266 Salomone
1789 3193 1819 3259 ¹⁰.

229 3315 317 3384 Tuae
342 3336 428 3383 vero
454 3311 651 3409 prudentie
676 3309 848 3382 talentum
872 3323 1023 3408 quantas
1052 3308 1212 3407 quotidie
1237 3307 1395 3380 Domino
1419 3308 1547 3380 referat
1572 3332 1713 3396 usuras,
1745 3335 1824 3405 quae

240 3433 368 3504 multas
382 3433 538 3504 Domino
548 3431 624 3528 jam
642 3431 839 3530 spirituales
858 3429 946 3504 lilius
960 3431 1150 3530 peperisti,
1162 3455 1220 3502 me
1234 3431 1378 3530 penitus
1395 3430 1504 3502 sterili
1521 3446 1771 3530 permanente,
1788 3448 1824 3502 et

238 3553 271 3622 in
301 3551 383 3624 filiis
411 3551 621 3650 perditionis
651 3552 804 3622 inaniter
828 3549 1032 3623 laborante!
1058 3555 1090 3621 Ο
1118 3575 1227 3648 quam
1253 3549 1459 3624 detestabile
1488 3549 1681 3622 damnum!
1713 3576 1820 3648 quam

238 3670 463 3744 lamentabile
486 3670 779 3760 incommodum,
806 3671 836 3740 si
861 3669 1056 3742 carnalium
1079 3670 1304 3768 voluptatum
1325 3669 1491 3741 sordibus
1518 3693 1666 3759 vacans,
1690 3695 1822 3768 paucos

119 3857 123 3864 .
237 3817 319 3862 cum
339 3791 464 3864 dolore
480 3815 623 3889 pareres
642 3790 800 3881 mundo,
817 3815 895 3888 quae
909 3813 1006 3860 nunc
1019 3787 1252 3886 multiplicem
1263 3788 1401 3889 prolem
1418 3813 1501 3860 cum
1514 3789 1730 3862 exultatione
1742 3816 1821 3890 par-

238 3913 324 3982 turis
341 3911 453 4000 coelo,
473 3935 540 3982 nec
558 3933 652 3984 esses
669 3910 749 4009 plus
767 3933 876 4006 quam
892 3909 1042 3999 femina,
1063 3930 1142 4006 quae
1164 3931 1263 3978 nunc
1282 3909 1390 3980 etiam
1409 3910 1502 3981 viros
1521 3910 1764 4000 transcendis,
1785 3928 1820 3982 et
1910 3985 1915 3992 ,

237 4055 316 4126 quae
339 4030 625 4103 maledictionem
649 4035 730 4104 Evae
750 4031 784 4102 in
808 4029 1097 4103 benedictionem
1118 4027 1253 4100 vertisti
1274 4027 1407 4101 Mariael
1430 4033 1462 4099 Ο
1481 4054 1590 4126 quam
1615 4031 1821 4104 indecenter

236 4175 365 4222 manus
382 4151 449 4224 illae
470 4175 595 4242 sacrae,
619 4175 698 4249 quae
720 4152 942 4224 nuncetiam
960 4148 1506 4238 divinarevolvuntvclumina,
1527 4176 1620 4223 curte
1640 4151 1820 4224 muliebris

228 4268 514 4346 obscenitatibus
539 4268 777 4342 deservirent!
806 4276 884 4370 lpse
914 4294 982 4342 nos
1006 4293 1026 4340 a
1053 4269 1224 4368 contagiis
1252 4268 1358 4364 hujus
1386 4270 1501 4360 coeni,
1531 4295 1553 4341 a
1579 4269 1818 4368 voluptatibus

238 4385 342 4484 hujus
359 4388 425 4460 luti
444 4387 608 4485 dignatus
631 4403 681 4460 est
701 4389 835 4485 erigere
848 4392 885 4479 ¹¹,
907 4403 944 4460 et
965 4387 1010 4460 ad
1024 4389 1180 4487 seipsum
1201 4389 1235 4458 ri
1253 4386 1409 4486 quadam
1429 4389 1623 4478 attrahere,
1648 4413 1718 4484 qua
1737 4413 1817 4486 per·

239 4529 380 4578 cussum
404 4506 515 4580 voluit
535 4508 684 4579 Paulum
710 4523 935 4598 convertere,
960 4521 995 4578 et
1014 4506 1085 4578 hoc
1109 4507 1187 4607 ipso
1213 4507 1368 4580 fortassis
1393 4508 1556 4607 exemplo
1581 4521 1705 4578 nostro
1731 4507 1817 4578 alios

236 4649 382 4723 quoque
395 4626 616 4700 litterarum¹²
628 4629 763 4729 peritos
773 4628 819 4701 ab
826 4627 895 4701 hac
909 4627 1087 4702 deterrere
1097 4629 1386 4728 presumptione.
1403 4633 1453 4700 Ne
1467 4644 1502 4700 te
1516 4628 1552 4700 id
1566 4629 1683 4726 igitur,
1699 4653 1813 4718 soror,

270 4883 277 4907 ¹
297 4884 403 4934 Suadela
414 4887 545 4951 inferorum
553 4891 669 4951 principle
682 4891 754 4951 impla
766 4886 836 4938 arte.
850 4913 879 4923 ·-
895 4885 1008 4938 'ineen-
1042 4888 1052 4914 ⁸
1070 4889 1177 4948 Ecstor„
1189 4901 1244 4955 cap.
1260 4905 1318 4952 arx,
1330 4907 1354 4940 r.
1368 4891 1391 4939 2.
1404 4915 1434 4924 -
1445 4887 1455 4915 '
1465 4888 1506 4942 Sic
1520 4887 1589 4940 ann.
1598 4913 1615 4926 -
1624 4889 1659 4939 Et
1669 4889 1740 4939 deest
1752 4887 1813 4937 Edd.

224 4977 274 5016 tur
283 4978 345 5018 teau
355 4972 492 5020 minibus
500 4968 570 5022 ntts
585 4997 613 5009 -
624 4970 635 4998 ⁸
646 4971 753 5023 Corinth.
763 4972 804 5032 ll,
816 4985 871 5037 cap.
884 4986 935 5032 ιιι,
947 4987 973 5046 r.¹
982 4973 1008 5021 Β.
1042 4999 1073 5012 -
1083 4972 1105 5000 ¹⁰
1114 4975 1176 5038 lisy.
1187 4973 1238 5032 ΠΙ,
1249 4987 1304 5040 cap.
1315 4989 1345 5035 u,
1358 4989 1382 5024 v.
1395 4979 1404 5020 1
1419 4983 1444 5024 et
1454 4989 1491 5039 sq.
1502 4997 1535 5012 ·-
1545 4973 1565 5000 ¹¹
1578 4974 1672 5024 tratre
1682 4971 1732 5024 tts.
1743 4971 1814 5022 amb.

225 5075 268 5087 -
277 5049 289 5076 ⁸
298 5050 386 5104 Palm.
405 5069 494 5116 xxxix,
517 5071 540 5105 v.
566 5057 604 5106 ts.
620 5081 650 5094 ·-
663 5056 674 5084 ⁸
687 5056 775 5108 Pmlm.
797 5073 854 5119 aar,
872 5073 897 5108 v.
923 5060 960 5108 ts.
974 5080 1008 5096 -
1041 5083 1073 5096 -
1083 5055 1104 5086 ¹¹
1118 5059 1304 5124 Eamdapedtoe
1316 5062 1419 5110 acreum
1433 5062 1520 5112 aream
1532 5059 1666 5108 tibereum
1678 5054 1749 5106 tttts.

223 5137 239 5164 ⁸
256 5135 374 5189 inseritur
389 5141 416 5190 id
429 5150 464 5189 cat
482 5144 587 5192 divitiam
602 5141 669 5192 tun.
680 5169 712 5182 ν-
725 5142 734 5169 ¹
747 5143 847 5194 Serrulc
857 5158 900 5194 arc
913 5143 960 5194 ΑΒ.
976 5169 1007 5179 -—
