4522 6102
894 659 1130 733 EPtsTOLAE.
1736 636 1806 706 ⁴47

180 879 183 884 Ι
225 789 322 862 nulla
335 790 454 889 legum
467 793 629 888 decreta,
653 794 709 868 vel
727 795 984 897 philosophicae
1002 799 1194 899 disciplinae
1211 798 1428 871 documenta
1446 791 1483 862 in
1501 781 1681 858 conversis
1695 776 1807 874 genti·

224 908 292 983 bus
317 913 523 988 retinuisse:
541 918 773 990 verumetiam
795 920 973 1016 quosdam
1000 919 1314 993 ecclesiasticarum
1338 913 1549 1011 dignitatum
1577 900 1727 1000 gradus,
1750 892 1808 966 Vssl

225 1035 454 1108 continentiae
467 1037 640 1130 formam,
658 1053 693 1111 et
703 1040 899 1139 corporalis
913 1041 1095 1114 munditiae
1106 1043 1314 1139 religionem
1327 1035 1373 1109 ab
1386 1035 1436 1106 eis
1449 1022 1647 1126 accepisse?
1661 1025 1808 1091 Constat

226 1154 359 1252 quippe
386 1180 485 1228 nunc
508 1158 695 1258 episcopos
721 1160 778 1232 vel
808 1161 1094 1262 archiepiscopos
1120 1161 1327 1260 presidere,
1362 1155 1423 1227 ubi
1452 1168 1539 1225 tunc
1566 1143 1727 1217 flamines
1751 1134 1808 1206 vel

226 1273 486 1350 archiflamines
500 1277 740 1372 habebantur3
758 1298 796 1354 et
813 1307 892 1381 quaa
905 1298 989 1355 tunc
1009 1283 1139 1383 templa
1154 1278 1376 1354 daemonibus
1388 1287 1474 1347 sunt
1485 1270 1664 1354 instituta,
1685 1270 1809 1390 postea

227 1395 384 1465 Domino
403 1395 508 1470 fuisse
521 1417 746 1493 consecratu,
766 1418 803 1474 et
820 1418 1025 1475 sanctorum
1044 1402 1225 1475 memoriis
1243 1398 1418 1496 insignita.
1439 1391 1578 1462 Scimus
1596 1398 1629 1456 et
1647 1383 1684 1453 iu
1699 1390 1810 1476 gentl-

226 1514 294 1586 bus
317 1517 494 1615 praecipue
521 1523 788 1618 praerogativam
811 1523 1019 1620 virginitatis
1045 1524 1233 1612 enituisse,
1261 1542 1374 1618 quum
1398 1509 1628 1586 maledictum
1652 1499 1738 1596 legis
1763 1493 1809 1566 ad

227 1638 367 1733 nuptias
386 1637 526 1710 Judaeos
540 1647 735 1714 coerceret¹
751 1670 758 1714 :
776 1645 861 1715 etin
879 1658 1020 1716 tantum
1039 1644 1203 1741 gentibus
1216 1642 1310 1716 hanc
1323 1639 1490 1710 virtutem
1512 1654 1575 1704 seu
1595 1617 1809 1698 munditiam

225 1757 342 1826 carnis
354 1773 535 1856 acceptam
548 1761 715 1854 extitisse,
730 1777 769 1834 ut
785 1763 822 1834 in
835 1764 977 1863 templis
987 1789 1110 1838 earum
1126 1763 1245 1862 magni
1257 1758 1679 1835 feminarumconvcntus
1693 1733 1810 1810 cmlibi

225 1877 351 1948 sevitoe
361 1877 531 1950 dicarent.
542 1880 646 1953 Unde
659 1881 1383 1994 HieronymusinEpictolamadGulatus,
1396 1875 1460 1948 lib.
1475 1873 1581 1944 lll²zu
1593 1860 1690 1952 Quid
1699 1881 1807 1945 θοῦν)
1927 1865 1929 1870 ’

227 1997 361 2094 inquit,
380 2027 399 2066 u
415 2015 557 2099 oportet
569 2001 701 2093 lacere,
723 2003 930 2102 inquorum
949 2005 1289 2078 condemnationem
1301 1999 1459 2072 habetet
1471 1997 1566 2066 luno
1587 1982 1758 2068 univiras,
1777 1988 1813 2046 et

226 2121 332 2190 Vesta
358 2121 531 2217 virgines,
559 2137 595 2194 et
620 2122 688 2195 alia
716 2124 812 2198 idola
839 2127 1295 2199 continentesluUniviras
1320 2131 1496 2193 autemst
1523 2110 1675 2207 virgines
1703 2100 1808 2186 dicit,

226 2239 327 2336 quasi
347 2241 540 2312 monachas
559 2267 638 2339 quae
655 2245 751 2316 virus
769 2262 963 2337 noverant,
984 2262 1020 2319 et
1037 2245 1233 2318 monachas
1245 2242 1427 2339 vi1·gines⁸.
1443 2241 1569 2308 Mones
1580 2227 1697 2314 enim,
1715 2217 1812 2294 unde

227 2359 437 2446 naumachiae,
458 2360 496 2431 id
513 2376 565 2432 est
586 2361 763 2435 solitarius
778 2363 920 2456 dicitur,
944 2391 1059 2436 unum
1077 2380 1193 2436 sonat.
1211 2364 1282 2450 Qui
1299 2363 1406 2434 etiam
1422 2356 1515 2430 libro
1535 2357 1549 2424 l
1571 2351 1703 2420 Contra
1721 2341 1813 2412 Ioui·

227 2482 394 2570 nianum,
411 2479 531 2552 multis
545 2481 591 2554 de
605 2483 764 2554 castitate
776 2484 833 2555 vel
847 2485 1067 2556 continentia
1081 2482 1265 2580 gentilium
1279 2480 1511 2563 feminarum,
1527 2465 1680 2542 inductis
1690 2482 1812 2535 exem-

227 2600 314 2698 plis:
335 2631 353 2669 u
364 2603 444 2673 Scio
455 2657 464 2692 ,
477 2631 495 2670 ιι
510 2604 643 2701 inquit,
660 2633 677 2672 u
691 2605 728 2675 in
739 2603 900 2703 catalogo
913 2605 1126 2678 feminarum
1138 2629 1198 2676 me
1206 2602 1309 2702 plura
1318 2599 1465 2687 dixisse,
1478 2609 1517 2668 ut
1525 2615 1605 2690 quae
1617 2583 1814 2664 christianas

227 2721 405 2818 pudicitiae.
419 2723 619 2823 despiciunt
633 2723 762 2816 fidem,
784 2726 921 2798 discant
935 2726 1060 2798 saltem
1074 2726 1120 2798 ab
1132 2724 1283 2798 ethnicis
1294 2721 1502 2793 castitatem.
1517 2743 1535 2782 u
1550 2710 1620 2798 Qui
1632 2709 1670 2779 in
1684 2701 1814 2776 ⁰0d0ffi

225 2865 333 2940 ωριτε
352 2843 449 2916 illam
467 2869 612 2943 quoque
626 2848 853 2922 continentia
871 2847 1036 2919 virtutem
1051 2846 1143 2918 adeo
1161 2840 1448 2928 commendavit,
1470 2852 1509 2908 ut
1525 2833 1620 2905 hauc
1637 2824 1814 2927 praecipue

227 2962 442 3036 munditiam
466 2967 582 3038 carnis
603 2965 641 3038 in
666 2968 767 3039 omni
793 2983 897 3065 gente
923 2969 1099 3040 Dominus
1124 2964 1344 3066 approbasse
1368 2959 1544 3041 videatur,
1571 2969 1607 3026 et
1632 2948 1815 3024 nonnullis

226 3086 323 3156 cam*
341 3086 377 3156 in
397 3083 600 3160 infidelibus
617 3111 764 3186 quoque
777 3089 839 3161 vel
856 3088 1046 3162 collatione
1065 3089 1294 3176 meritorum,
1315 3081 1373 3156 vel
1393 3077 1611 3154 exhibitione
1630 3069 1815 3144 miraculo·

227 3229 309 3278 rum
328 3207 505 3280 exmlisse.
529 3239 546 3278 u
559 3210 655 3297 Quid
668 3208 837 3300 referam,
854 3237 872 3277 ιι
892 3212 1029 3309 inquit,
1049 3209 1250 3306 «Sibyllam
1267 3205 1457 3279 erithream
1477 3215 1583 3295 atque
1602 3217 1809 3283 cumanam,

227 3341 263 3398 et
276 3342 360 3398 octo
373 3328 547 3427 reliquas?
560 3335 649 3402 Nam
660 3334 775 3403 Varro
786 3329 911 3404 decem
924 3332 1029 3404 luisse
1042 3342 1218 3419 autumat,
1235 3349 1387 3426 quarum
1400 3323 1537 3419 insigne
1550 3317 1731 3416 virginitas
1742 3327 1812 3404 est,

226 3463 263 3519 et
274 3449 482 3546 virginitatis
495 3453 679 3551 praemium
699 3452 884 3527 divinatio.
899 3483 917 3520 u
939 3460 1026 3525 ltem
1042 3481 1050 3526 z
1068 3483 1086 3522 u
1099 3452 1247 3525 Claudia
1257 3450 1358 3547 virgo
1374 3443 1516 3518 vestalis
1527 3465 1640 3540 quum
1653 3441 1690 3510 in
1700 3437 1814 3535 suspi-

226 3571 371 3643 cionem
395 3573 548 3644 venisset
568 3575 698 3672 stupri,
726 3575 838 3648 fertur
861 3575 1004 3674 cingulo
1025 3574 1168 3647 duxisse
1192 3588 1324 3663 ratem,
1352 3593 1460 3668 quam
1489 3551 1680 3636 hominutti
1706 3558 1813 3630 millii!

226 3692 368 3764 trahere
382 3695 653 3791 nequiverant.»
666 3699 710 3767 Et
730 3695 899 3769 Sidonius
916 3696 1209 3770 claremontensis
1226 3689 1462 3794 episcopusin
1477 3683 1745 3785 propemptic0¹
1766 3677 1814 3750 δᾶ

223 3809 387 3884 libellum
401 3837 506 3885 suum
519 3813 568 3888 ita
581 3814 739 3913 loquitur
754 3843 762 3885 ε

647 4019 754 4096 Qualis
766 4037 823 4106 nec
837 4017 982 4101 Tanaquil
996 4015 1068 4090 luit,
1084 4016 1222 4094 moilla,

648 4125 745 4198 Quam
763 4133 812 4198 tu,
828 4122 1019 4204 Tricipitino,
1035 4119 1222 4202 procreasti,

649 4225 755 4300 Qualis
768 4245 826 4288 nec
839 4224 980 4307 Phrygiae
993 4223 1095 4287 dicate
1107 4225 1223 4301 Vestae,

650 4329 725 4402 Quae
739 4327 821 4392 circa
834 4329 909 4391 satis
921 4326 1061 4390 Albulam
1076 4333 1244 4390 tumentem

649 4431 742 4493 lluxit
755 4431 896 4512 virginm
909 4439 1006 4494 ratem
1022 4428 1143 4512 capillo.

278 4636 491 4732 Augustinus
502 4633 545 4708 da
564 4639 711 4708 Ciuitate
724 4641 809 4725 Dei,
827 4636 888 4710 lib.
904 4639 1034 4707 XXll⁸z
1052 4665 1069 4734 u
1081 4640 1158 4707 lam
1176 4637 1206 4708 si
1217 4634 1264 4708 ad
1280 4659 1406 4707 eorum
1423 4629 1596 4704 miracula
1608 4631 1814 4723 veniamus,

209 4755 411 4855 quaefacta
428 4779 449 4828 a
468 4755 535 4828 diis
552 4758 625 4828 suis
640 4757 855 4856 martyribus
872 4771 1064 4856 opponunt
1077 4757 1229 4847 nostris,
1254 4771 1377 4827 nonne
1397 4753 1505 4826 etiam
1527 4753 1604 4852 ipsa
1625 4776 1692 4851 pro
1711 4751 1815 4824 nobis

250 5039 260 5066 ¹
288 5039 400 5099 nure„
414 5057 469 5107 cap.
485 5057 544 5102 m,
556 5055 580 5091 ν.
594 5043 644 5092 het
658 5057 697 5108 sq.
712 5069 737 5078 -
750 5041 762 5068 ¹
773 5041 862 5092 Cumas.
881 5046 906 5092 tn
924 5039 1003 5106 Epist.
1037 5053 1153 5092 uacuum
1165 5053 1188 5091 et
1200 5041 1333 5091 monachus
1346 5043 1490 5105 univirgines
1501 5043 1611 5103 uirgines.
1624 5067 1656 5077 -
1668 5038 1676 5066 ⁸
1689 5039 1753 5089 Eum
1761 5039 1818 5091 l).-

204 5129 248 5175 ad
277 5125 378 5184 Galea,
401 5124 447 5176 lib.
469 5126 517 5188 lll,
537 5141 593 5192 sap.
617 5141 650 5187 u,
674 5125 1002 5189 opp.t.1v,cot.ttt.-
1037 5128 1119 5178 Etiam
1136 5126 1244 5178 Edd.—
1262 5127 1272 5153 ¹
1291 5127 1473 5187 donn.,xxu‚
1492 5143 1516 5176 v.
1534 5127 1566 5176 39
1585 5137 1609 5175 et
1628 5141 1666 5192 sq.
1686 5125 1743 5174 Vid.
1764 5125 1815 5174 Sol.

203 5212 216 5238 ⁸
234 5211 291 5262 Sic
310 5209 358 5259 tc.
369 5237 386 5248 -
395 5210 492 5260 liabent
502 5211 622 5261 editiones
637 5227 785 5277 perperam:
802 5211 911 5261 Univirus
925 5223 1005 5262 auton
1037 5210 1144 5278 Apellin.
1155 5210 1248 5261 Sidonii
1270 5211 1363 5273 Opera,
1374 5209 1470 5260 Parisiis
1486 5211 1565 5271 1652,
1577 5210 1655 5274 in-l⁰,
1669 5229 1695 5278 p.
1709 5214 1767 5262 llll.
1784 5237 1817 5248 —

202 5309 232 5347 et
251 5299 411 5358 nutrimina
424 5299 496 5355 dicit,
513 5301 583 5358 quaa
593 5295 728 5347 monaches
741 5299 863 5356 univiras,
875 5311 929 5359 quta
941 5300 1006 5348 atros
1038 5296 1118 5363 ‘Gap
1133 5311 1167 5359 u,
1181 5296 1242 5358 opp.
1259 5305 1278 5347 t.
1291 5293 1350 5358 vlt,
1362 5293 1409 5346 eol.
1421 5295 1478 5346 att,
