4496 6102
437 667 510 739 354
1035 663 1164 736 PETRI
1192 663 1428 738 ABAELARDI

438 805 625 907 plenitudo
652 804 855 895 ascribitur,
884 818 922 875 ut
951 818 1090 876 tantum
1115 806 1147 877 ei
1171 804 1325 878 conferri
1351 804 1638 891 demonstretur,
1669 818 1845 901 quantum
1865 803 2031 878 humanae

438 941 572 999 naturae
595 924 792 996 infirmitati
811 924 1043 1025 promittitur.
1074 924 1182 1013 Quod
1204 925 1352 1024 quidem
1370 924 1522 1023 qualiter
1541 921 1659 1012 fieret,
1687 924 1716 994 si
1730 923 1805 1019 jam
1822 924 1860 995 in
1879 949 2029 998 consen-

438 1070 519 1117 sum
553 1045 703 1116 camalis
736 1045 1033 1143 concupiscentiae
1063 1060 1174 1118 tracta
1203 1045 1348 1137 lirisset,
1377 1044 1475 1118 nulla
1506 1044 1596 1115 ratio
1628 1043 1748 1116 babet.
1779 1043 1883 1115 Unde
1912 1059 2029 1117 autem

439 1164 712 1266 amplitudinem
731 1165 849 1262 gratiae
863 1163 991 1263 adepta
1006 1165 1066 1256 sit,
1087 1163 1304 1237 subinfertur
1322 1189 1435 1262 quum
1455 1161 1608 1234 dicitur:
1630 1162 1841 1234 «Dominus
1861 1176 1991 1234 tecum.
2010 1193 2027 1230 n

438 1289 589 1374 Tecum,
621 1285 755 1383 inquit,
786 1286 1039 1384 potiusquam
1068 1285 1104 1356 in
1132 1301 1178 1357 te.
1205 1287 1277 1372 Qui
1299 1287 1395 1357 enim
1419 1283 1553 1381 ubique
1573 1308 1638 1381 per
1657 1284 1881 1381 praesentiam
1906 1282 2030 1355 divini-

439 1409 519 1480 tatis
541 1408 617 1504 jam
642 1430 680 1478 se
708 1406 811 1479 unire
842 1404 1056 1505 disponebat
1083 1407 1181 1476 carni
1211 1406 1355 1502 virginis
1381 1429 1446 1502 per
1470 1405 1752 1504 assumptionem
1779 1403 2027 1494 humanitatis;

441 1543 480 1600 ut
498 1543 632 1619 tecum,
651 1525 723 1598 boc
743 1539 811 1616 est,
832 1549 917 1598 cum
937 1550 1044 1597 carne
1064 1539 1126 1597 tua
1145 1550 1258 1598 unum
1277 1525 1337 1598 frat
1354 1526 1392 1596 in
1406 1547 1569 1631 persona.
1592 1523 1815 1597 «Benedicta
1835 1539 1874 1596 tu
1895 1526 1932 1596 in
1952 1550 2031 1596 mu·

439 1648 597 1721 lieribus.
616 1675 634 1716 u
658 1645 827 1744 Nunquid
847 1661 882 1719 et
900 1647 937 1718 in
956 1647 1052 1718 viros
1065 1671 1140 1719 non
1155 1645 1333 1719 redundat
1344 1645 1547 1718 benedictio
1559 1647 1676 1717 Mariae
1690 1645 1705 1715 f
1720 1644 1890 1743 Nunquid
1905 1661 1941 1718 et
1956 1647 2030 1745 ipsa

441 1768 643 1841 desemine
665 1767 829 1859 llbrahae,
851 1782 886 1840 et
910 1791 975 1867 per
999 1766 1096 1839 illam
1119 1767 1279 1839 Christus
1306 1766 1490 1839 descendit
1512 1795 1519 1837 :
1545 1769 1581 1837 in
1608 1791 1681 1864 quo
1711 1765 1877 1838 videlicet
1897 1767 2031 1838 semine

442 1889 606 1961 omnium
633 1889 793 1986 gentium
819 1886 1024 1960 benedictio
1053 1886 1166 1960 fuerat
1196 1887 1393 1986 promissa?
1420 1887 1515 1975 Quid
1545 1901 1620 1976 est,
1647 1911 1789 1985 quaeso,
1814 1887 1851 1956 in
1881 1885 2053 1994 mulieri-⁸

441 2008 527 2100 bus,
551 2024 587 2081 et
608 2032 683 2080 non
702 2009 815 2105 magis
833 2008 871 2078 in
889 2007 1059 2080 omnibus
1080 2008 1164 2079 viris
1188 2008 1320 2106 pariter
1341 2031 1382 2090 ao
1403 2006 1638 2079 mulieribus?
1669 2011 1751 2079 Haeo
1776 2008 1905 2078 iterum
1929 2006 2028 2095 dico,

442 2130 612 2226 virgines,
632 2127 822 2218 attendite,
849 2144 886 2200 et
906 2129 944 2199 in
962 2153 1026 2200 vos
1044 2128 1244 2225 specialiter
1265 2128 1368 2200 istam
1388 2127 1675 2199 benedictionem
1693 2127 1810 2198 Mariae
1831 2125 2032 2198 redundare

443 2248 605 2346 gaudete.
628 2253 764 2320 Paucos
777 2245 912 2347 quippe
929 2249 1089 2320 virorum
1104 2249 1322 2346 reperimus,
1342 2250 1404 2345 qui
1423 2249 1460 2318 in
1480 2249 1608 2319 virtute
1626 2247 1834 2344 virginitatis
1852 2245 2033 2318 Christum

443 2369 637 2440 imitentur.
656 2367 784 2439 Multas
797 2391 967 2464 sequaces
980 2367 1055 2439 haec
1069 2367 1186 2438 Mariae
1199 2369 1309 2465 gratia
1323 2369 1359 2438 in
1373 2366 1475 2440 vobis
1488 2366 1612 2456 habet,
1629 2391 1783 2464 quarum
1805 2381 1903 2438 tanto
1922 2367 2033 2436 virtus

444 2489 594 2585 gratior,
615 2502 751 2585 quanto
765 2511 869 2558 sexus
882 2485 1069 2558 infirmior.
1094 2473 1213 2558 Virtus
1231 2488 1364 2586 quippe
1382 2489 1418 2560 in
1431 2486 1637 2560 infirmitate
1652 2487 1846 2586 perficitur.
1868 2485 1966 2574 Quid
1983 2501 2035 2558 est

444 2621 564 2679 autem
589 2605 812 2696 benedictio,
838 2605 906 2676 nisi
930 2603 1059 2676 divinae
1081 2606 1199 2702 gratiae
1220 2605 1497 2706 multiplicatio?
1521 2605 1712 2679 benedicta
1727 2608 1842 2703 igitur
1862 2605 1973 2678 Maria
1997 2607 2032 2676 in

445 2725 653 2799 mulieribus
666 2726 785 2825 potius
799 2749 909 2823 quam
924 2725 962 2796 in
976 2726 1059 2797 viris
1078 2726 1227 2817 dicitur,
1253 2727 1336 2824 quia
1358 2725 1435 2799 baec
1450 2727 1525 2823 ejus
1540 2727 1648 2824 gratia
1665 2727 1844 2824 virginalis
1861 2721 2034 2826 prop‘ositi

444 2848 481 2917 in
500 2845 640 2940 feminis
658 2845 812 2916 maxime
828 2867 893 2943 per
911 2845 988 2940 ejus
1006 2845 1242 2918 imitationem
1256 2845 1523 2945 multiplicanda
1542 2845 1672 2938 fuerat,
1693 2847 1784 2934 sicut
1800 2860 1835 2918 et
1853 2845 2034 2918 Psalmista

444 2979 548 3046 antea
559 2963 782 3063 predixerat,
800 2963 923 3072 dicens
934 2969 964 3035 ¹:
983 2993 1001 3032 u
1016 2964 1155 3036 Adstitit
1168 2967 1322 3068 reginas
1336 2965 1560 3057 dextristuis,
1578 2981 1645 3064 etc.
1663 2995 1679 3034 a
1693 2971 1736 3039 Et
1746 2970 1921 3039 rursum²2
1940 2995 1958 3036 u
1971 2966 2037 3038 Ad·

446 3082 622 3154 ducentur
652 3085 726 3180 regi
750 3067 904 3180 virgines
928 3098 1011 3182 post
1033 3109 1130 3194 eam,
1163 3085 1388 3158 adducentur
1407 3087 1444 3156 iu
1464 3087 1637 3185 templum
1656 3088 1795 3184 regis.»
1825 3091 1909 3158 Post
1937 3111 2033 3177 eam,

446 3201 574 3299 inquit,
589 3199 814 3274 adducentur
825 3201 862 3274 in
876 3202 1051 3300 templum
1065 3205 1169 3300 regis,
1185 3205 1269 3301 quia
1282 3229 1347 3303 per
1360 3205 1595 3277 imitationem
1607 3205 1713 3302 hujus
1726 3230 1874 3276 summae
1888 3206 2034 3301 reginae,

446 3322 600 3419 virgines
612 3321 808 3392 innumeras
821 3321 858 3393 in
871 3345 998 3394 verum
1014 3323 1080 3394 Dei
1089 3323 1264 3423 templum
1281 3327 1365 3395 sunt
1382 3312 1643 3400 consecrandae.
1664 3329 1785 3412 «Quae
1795 3349 1907 3422 quum
1918 3324 2037 3397 audis·

448 3455 520 3532 set,
539 3439 679 3512 turbata
694 3454 748 3512 est
756 3442 778 3509 ⁸.
798 3467 816 3506 u
840 3439 892 3512 ld
906 3441 1015 3546 verba
1026 3440 1221 3539 loquentis,
1236 3459 1272 3515 et
1285 3467 1416 3541 magno
1429 3445 1608 3543 praeconio
1622 3445 1737 3517 laudis
1755 3469 1834 3517 cam
1855 3443 2038 3516 salutantis

449 3559 589 3633 turbata
602 3575 823 3632 memoratur
833 3584 927 3652 esse,
944 3586 1019 3632 non
1034 3586 1118 3634 eum
1133 3565 1196 3662 qui
1208 3564 1423 3663 loquebatur
1435 3567 1605 3666 aspicere.
1622 3567 1713 3638 Fixis
1726 3567 1861 3667 quippe
1874 3565 1987 3638 oculis
2000 3567 2037 3636 in

367 3733 371 3744 .
449 3683 618 3774 lectione,
634 3681 692 3753 vel
705 3696 806 3755 terrae
819 3681 931 3755 affixis
946 3685 982 3754 in
998 3687 1177 3777 oratione,
1194 3712 1268 3784 quo
1283 3689 1422 3759 animus
1436 3687 1644 3761 intendebat
1657 3703 1731 3761 tota
1741 3687 1917 3779 inhiabat,
1932 3703 2039 3786 atque

450 3801 642 3874 immobilis
664 3802 840 3893 haerebat,
858 3827 926 3876 nec
951 3804 1152 3878 humanum
1177 3805 1328 3880 curabat
1344 3823 1547 3907 aspectum,
1568 3835 1647 3908 quae
1669 3825 1808 3882 tantum
1830 3807 2041 3881 intendebat

450 3921 624 3994 divinum.
642 3920 746 3994 Unde
763 3937 883 3995 autem
901 3923 1071 3998 turbata?
1089 3927 1245 3998 Diversis
1261 3928 1420 4026 undique
1436 3927 1483 4000 de
1500 3931 1626 4001 causis.
1649 3934 1738 4001 Tum
1762 3929 1847 4026 quia
1869 3927 1935 3998 viri
1957 3951 2043 4000 con·

450 4041 599 4112 sortium
614 4039 788 4138 fugiebat,
808 4056 885 4114 tum
898 4043 982 4140 quia
995 4044 1140 4117 lectioni
1153 4045 1210 4117 vel
1227 4046 1381 4118 orationi
1399 4059 1510 4119 totam
1527 4072 1675 4148 operam
1692 4046 1942 4146 impendebat,
1960 4069 2045 4143 qua·

451 4183 530 4229 rum
547 4157 788 4230 assiduitatem
807 4165 995 4260 praepediri
1008 4167 1161 4263 graviter
1174 4151 1381 4240 sustinebat.
1401 4199 1424 4237 a
1438 4173 1481 4240 Et
1497 4169 1692 4267 cogitabat,
1714 4199 1731 4237 »
1751 4171 1865 4268 inquit
1876 4173 1899 4259 ⁸,
1925 4197 1944 4236 u
1961 4190 2048 4265 qua·

450 4277 492 4350 lis
509 4293 601 4352 esset
614 4280 680 4350 ista
693 4279 869 4353 salutatio.
888 4310 906 4352 n
927 4269 979 4354 Er
993 4309 1064 4384 qua
1080 4286 1244 4360 videlicet
1256 4289 1454 4361 intentione
1468 4290 1678 4389 procederet
1691 4306 1812 4361 utrum
1826 4287 2045 4361 adulationis

450 4399 558 4472 verba
572 4399 647 4473 haec
660 4415 793 4490 essent,
809 4425 856 4473 an
870 4405 1048 4476 veritatis:
1067 4403 1137 4503 qua
1157 4409 1370 4499 temeritate,
1392 4434 1465 4507 quo
1483 4410 1583 4482 aditu
1603 4410 1661 4484 ille
1679 4409 1833 4482 cubiculi
1854 4410 1907 4480 sui
1927 4431 2044 4481 secre-
2094 4397 2099 4406 ’

449 4535 526 4593 tum
544 4521 743 4618 inquietare
761 4522 1014 4619 praesumeretl
1035 4529 1152 4613 Quam
1170 4527 1219 4599 ita
1237 4528 1437 4627 perturbari
1459 4531 1606 4627 angelus
1626 4554 1701 4602 non
1720 4531 1924 4629 perferens:
1953 4557 1971 4596 a
1986 4531 2044 4599 Ne

450 4639 591 4730 timeas,
609 4668 627 4707 n
643 4641 776 4738 inquit,
800 4671 818 4710 a
834 4643 953 4717 Maria.
973 4671 990 4712 u
1016 4647 1096 4718 Non
1111 4646 1258 4744 quidem
1272 4649 1319 4722 ait
1335 4678 1343 4720 :
1361 4654 1413 4723 Ne
1424 4649 1661 4748 perturberis,
1680 4649 1765 4724 sed:
1781 4655 1833 4722 Ne
1847 4649 1960 4721 nimia
1971 4648 2047 4720 sol·

450 4757 632 4831 licitudinc
647 4759 834 4856 affligaris:
854 4785 900 4835 ne
919 4745 981 4836 aut
999 4777 1033 4836 te
1052 4765 1215 4840 obtinere
1234 4766 1403 4866 desperes
1422 4768 1521 4866 quod
1542 4769 1686 4859 vovisti,
1709 4784 1770 4841 aut
1789 4784 1960 4866 tanquam
1977 4791 2047 4838 rea

451 4876 678 4949 maledictum
700 4879 860 4953 incurras
879 4881 976 4980 legis.
999 4887 1043 4956 Et
1063 4885 1133 4956 hoc
1155 4886 1302 4984 quidem
1325 4887 1407 4961 loco
1429 4914 1543 4986 quum
1563 4889 1634 4961 ait:
1659 4890 1818 4978 «Maria,
1838 4917 1856 4955 u
1880 4888 2047 4987 primum

450 5021 530 5069 eam
543 5011 648 5069 vocat
661 5022 704 5069 ex
721 5002 884 5093 nomine,
906 5019 945 5076 ut
962 5007 1064 5101 quasi
1080 5007 1288 5080 familiarem
1305 5009 1372 5082 sibi
1390 5009 1516 5105 majori
1534 5009 1667 5082 relevet
1680 5009 1937 5083 consolatione.
1966 5011 2050 5080 Cur

483 5272 491 5299 ¹
511 5271 599 5323 Psalm.
614 5287 678 5335 rut,
689 5287 712 5324 t.
727 5275 766 5324 to.
779 5299 810 5312 -
823 5272 833 5300 ¹
845 5274 921 5339 lbld.,
931 5293 954 5328 v.
968 5277 1008 5328 tt.
1019 5305 1050 5316 -
1062 5277 1072 5306 ⁸
1082 5279 1153 5342 Luc„
1167 5293 1223 5347 cap.
1239 5297 1260 5343 r,
1274 5297 1297 5332 v.
1311 5281 1354 5334 tt.
1366 5281 1416 5319 ··-‘
1429 5281 1499 5343 Luc„
1513 5279 1574 5332 ibid.
