4522 6104
1111 536 1361 632 ,serenum

1205 934 1282 1025 VI.

1068 1189 1422 1295 EPISTOLA

803 1436 973 1517 PETRI
1010 1433 1417 1517 nnunlnounsls
1450 1434 1681 1517 tenetls

1080 1654 1135 1722 hl)
1158 1653 1398 1722 nntolssnn.

1036 1840 1114 1918 [rag.
1135 1845 1255 1900 att-ms
1273 1843 1338 1898 eut.
1354 1839 1451 1918 nme]

448 2351 620 2417 Venerabili
638 2355 669 2411 et
688 2345 853 2411 'carissime
872 2351 971 2410 soron·
983 2354 1111 2422 nostre,
1126 2349 1244 2426 Deique
1262 2346 1383 2409 ancilla
1402 2347 1545 2408 Heloissee
1563 2347 1749 2408 ancillarum
1769 2347 1828 2409 Des·
1849 2346 1986 2410 ductrice·
1997 2369 2032 2412 oc

482 2459 654 2536 munistre,
662 2452 768 2532 frater
784 2455 898 2516 Petnu
916 2453 1042 2515 tennitas
1060 2453 1311 2514 Cluntneenctum
1329 2451 1439 2524 obbas,
1459 2453 1572 2514 solutis
1588 2469 1609 2514 c
1625 2453 1706 2526 Deo,
1726 2456 1839 2514 ommis
1856 2471 1877 2514 n
1895 2453 1983 2516 nobas
1999 2459 2031 2516 in

485 2559 608 2624 Christo
618 2555 852 2639 plenitudinem.

491 2753 632 2824 Gavisus
647 2777 734 2842 sum,
751 2767 785 2822 et
801 2751 868 2821 hoc
885 2775 955 2822 non
968 2775 1102 2846 parum,
1119 2747 1231 2846 legens
1245 2749 1431 2819 sanctitatis
1442 2764 1560 2819 vestrae
1571 2747 1712 2840 litteras,
1727 2749 1763 2820 in
1774 2748 1897 2845 quibus
1911 2752 2030 2846 agnovi

442 2872 624 2944 adventum
642 2897 755 2942 meum
771 2870 814 2940 ad
831 2895 891 2941 vos
914 2896 984 2941 non
1007 2871 1107 2941 fuisse
1128 2870 1380 2960 transitorium,
1408 2870 1588 2966 exquibus
1610 2869 1738 2940 adverti
1761 2896 1831 2941 non
1852 2869 1961 2942 solum
1980 2897 2032 2942 me

442 2995 532 3090 apud
549 3020 609 3065 vos
628 3015 698 3063 nen
715 2991 816 3092 fuisse
827 3045 836 3082 ,
861 2991 970 3062 sedet
990 2991 1122 3062 avohis
1142 3016 1316 3086 nunquam
1340 2990 1556 3086 postmodum
1575 2991 1757 3062 recessisse.
1784 2993 1863 3062 Non
1886 2991 1970 3083 suit,
1995 3008 2032 3064 ut

441 3114 559 3204 video,
582 3112 665 3184 illud
688 3113 875 3207 hospitium
894 3137 1015 3182 meum
1011 3110 1113 3182 velut
1128 3111 1291 3182 memoria
1307 3111 1449 3206 hospitis
1463 3113 1563 3181 unius
1577 3111 1686 3182 noctis
1703 3113 1955 3206 praetereuntis,
1971 3137 2032 3185 nec

440 3233 548 3305 sactus
560 3257 635 3304 sum
652 3233 781 3303 advena
803 3247 837 3302 et
854 3233 1051 3328 peregrinus
1068 3231 1158 3329 apud
1175 3256 1247 3322 vos,
1269 3230 1372 3301 sed'
1345 3231 1425 3302 civis
1444 3245 1654 3320 sanctarum,
1676 3245 1711 3302 et
1726 3228 1949 3318 domesticus,
1967 3232 2032 3301 uti·

442 3379 540 3444 nam,
543 3335 638 3422 'Dei
666 3353 722 3422 Sic
743 3375 845 3422 sacrae
867 3353 973 3422 menti
994 3366 1113 3423 vestrae
1134 3365 1256 3422 cuncta
1278 3351 1504 3440 inhaeserunt,
1525 3351 1573 3420 sic
1595 3349 1744 3446 benigno
1766 3349 1903 3445 spiritui
1922 3367 2030 3424 vestm

441 3474 556 3543 omnia
575 3474 735 3568 impressu
753 3487 852 3562 sunt,
867 3497 941 3566 quae
958 3473 994 3541 in
1009 3470 1067 3541 illo
1079 3473 1188 3568 fugaci
1207 3497 1265 3542 seu
1282 3470 1426 3542 volatico
1446 3470 1593 3541 adventu
1607 3495 1683 3542 meo
1697 3471 1787 3560 dixi,
1807 3497 1882 3566 quae
1899 3472 1977 3562 feci,
1995 3491 2032 3544 ut

443 3617 514 3662 non
532 3591 642 3660 dicam
658 3615 698 3660 ea
715 3615 790 3686 quae
811 3589 959 3659 studiose
980 3615 1000 3660 a
1020 3615 1074 3659 me
1092 3605 1175 3661 tunc
1191 3590 1391 3678 dictasunt,
1406 3589 1464 3658 sed
1482 3613 1544 3658 nec
1555 3589 1698 3659 verbum
1716 3590 1805 3660 forte
1826 3591 2032 3688 negligenter

441 3709 625 3808 prolatum,
647 3707 690 3778 ad
707 3721 831 3777 terram
850 3706 996 3778 cederet.
1017 3709 1068 3778 Ita
1086 3707 1227 3778 notastis
1244 3709 1375 3798 omnio,
1398 3707 1444 3778 itu
1461 3708 1572 3779 tenaci
1588 3709 1759 3779 memoriae
1776 3735 1816 3779 ex
1834 3710 2031 3784 sinceritatis

441 3831 564 3902 ellectu
576 3829 735 3899 derivatae
752 3828 1022 3919 commendastis,
1037 3828 1133 3924 quasi
1149 3853 1282 3926 magna,
1298 3830 1392 3924 quasi
1405 3827 1565 3919 coelestia,
1584 3829 1680 3924 quasi
1694 3847 1918 3922 sacrosancto,
1939 3836 2031 3929 quusi

440 3950 544 4047 ipsius
560 3951 663 4021 verbu
679 3947 731 4019 vel
751 3973 856 4045 opera
870 3952 948 4020 lesu
965 3948 1104 4021 Christi.
1124 3952 1226 4019 Forte
1246 3963 1426 4018 moverunt
1441 3973 1502 4018 vos
1518 3945 1562 4018 ad
1581 3946 1638 4019 illa
1656 3949 1703 4019 sic
1720 3951 1917 4041 retinenda,
1932 3952 2031 4022 verba

439 4070 627 4140 communis
648 4067 803 4164 regulae¹,
825 4068 891 4138 hoc
914 4084 964 4139 est
984 4083 1052 4138 tum
1077 4083 1200 4139 nostrae
1220 4093 1321 4163 quam
1337 4082 1474 4159 vestrae,
1494 4093 1570 4163 quae
1586 4065 1629 4137 de
1650 4067 1840 4164 hospitibus
1858 4071 2027 4165 praecipit,

433 4191 621 4262 Christus
613 4217 649 4259 ιιι
671 4189 719 4259 eis
739 4188 922 4279 adoretur,
943 4191 1002 4284 qui
1019 4205 1054 4260 et
1069 4191 1262 4285 suscipitur
1286 4190 1440 4260 Forsitan
1458 4204 1492 4261 et
1512 4187 1569 4258 illa
1586 4188 1629 4259 de
1645 4189 1850 4285 prepositis,
1875 4189 1953 4262 licet
1970 4215 2030 4285 ego

439 4310 639 4406 praepositus
653 4307 748 4379 vohis
769 4335 839 4379 non
855 4309 947 4378 sim.
969 4309 1068 4400 «Qui
1085 4335 1145 4380 vos
1164 4308 1271 4398 audit,
1289 4333 1343 4380 me
1359 4308 1485 4380 audit'.
1503 4335 1520 4376 n
1545 4307 1684 4379 Utinam
1702 4310 1774 4379 haec
1792 4309 1878 4379 mihi
1900 4333 2030 4424 semper

439 4432 546 4528 gratio
563 4430 664 4500 detur
677 4429 767 4525 apud
784 4456 856 4520 vos,
871 4445 910 4500 ut
927 4431 993 4501 mei
1010 4455 1140 4500 memor
1157 4456 1228 4502 esse
1245 4430 1446 4526 dignemini,
1464 4445 1503 4500 ut
1515 4456 1578 4526 pro
1595 4456 1649 4501 me
1662 4433 1918 4527 Omnipotentis
1931 4434 2027 4504 misc·

442 4550 624 4626 ricordiam
637 4574 714 4620 cum
727 4573 822 4620 sacro
835 4551 944 4646 gregis
956 4550 1052 4621 vohis
1063 4551 1231 4622 commissi
1222 4548 1387 4646 collegio
1402 4549 1642 4647 deprecemini.
1667 4550 1832 4647 Rependo
1854 4568 1888 4622 et
1911 4577 1974 4647 ego
1994 4553 2028 4622 iu

438 4669 504 4740 hoc
522 4670 618 4741 vohis
633 4670 741 4741 vicem
762 4695 864 4765 quam
885 4695 1041 4767 possum3
1066 4673 1146 4767 quia
1159 4687 1193 4742 et
1208 4670 1309 4767 longe
1326 4687 1508 4772 antequam
1524 4697 1584 4743 vos
1600 4672 1764 4762 viderem,
1784 4687 1819 4742 et
1835 4672 1980 4742 maxime
1991 4697 2029 4741 ex

441 4813 509 4883 quo
520 4792 623 4861 vestri
641 4791 796 4861 notitiam
813 4791 936 4883 habui,
954 4789 1158 4887 singularem
1174 4792 1271 4863 vobis
1285 4792 1320 4862 iu
1338 4793 1466 4864 intimis
1483 4793 1607 4864 mentis
1626 4817 1709 4863 meae
1723 4792 1907 4865 recessibus
1926 4817 2024 4882 verae,

442 4934 512 4980 uon
526 4911 613 4983 fictae
625 4913 773 4984 caritatis
793 4912 906 4984 locum
923 4915 1065 4985 servavi.
1083 4917 1224 4986 Donum
1235 4915 1329 5011 quod
1340 4913 1383 4986 de
1401 4915 1597 4988 Tricenario
1607 4915 1704 4986 vobis
1716 4939 1863 5012 praesens
1877 4914 1956 5004 feci,
1970 4913 2026 4983 ah·

474 5129 481 5157 ¹
501 5130 598 5194 depol„
611 5146 664 5200 cap.
677 5147 727 5182 ιιιι.
736 5133 859 5198 -Repuh,
870 5149 925 5199 cap.
944 5149 966 5184 v.
981 5131 1029 5172 -¹
1045 5133 1116 5195 Luc..
1128 5149 1184 5200 cup.
1196 5151 1227 5195 x,
1243 5149 1267 5185 v.
1282 5137 1320 5185 16.
