4590 6106
967 585 1113 660 NO‘l'AE.

407 753 589 825 Prioilegr'um
602 754 721 809 Ioannis
735 752 791 810 ΙΙΙ
798 771 894 826 papre,
908 755 1007 811 datum
1021 761 1189 813 nwnasterr'o
1204 758 1303 812 Sancti
1314 755 1450 813 Medardi
1462 755 1680 812 Suessionensr‘s.

289 893 301 920 a
314 872 413 928 Totius
426 871 502 928 orbis
513 871 687 946 principibus
701 873 857 928 machinam
871 871 970 929 mundi
982 875 1035 930 sub
1043 875 1157 931 Christo
1169 877 1296 950 principe
1311 874 1487 948 regentibus,
1500 873 1679 948 presentibus
1693 870 1798 926 scilicet
1808 879 1835 924 et

251 962 369 1032 tuturis,
381 965 516 1034 loannes,
529 963 694 1019 meritorum
704 962 838 1036 qualitate
848 964 974 1034 intimus,
990 965 1038 1021 sed
1051 967 1159 1024 Christi
1173 969 1261 1040 gratia
1275 977 1373 1022 saneta
1385 984 1504 1023 romane
1515 965 1587 1020 sedis
1596 963 1733 1038 praelatus.
1747 963 1833 1018 Suum

251 1074 328 1126 esse,
344 1073 414 1132 quos
429 1056 529 1112 divinae
547 1057 611 1112 fidei
629 1067 658 1112 et
675 1057 830 1130 apostolicas
846 1057 995 1131 majestatis
1013 1058 1143 1115 nobilitat
1154 1059 1270 1132 religio,
1285 1069 1407 1126 constat,
1424 1068 1457 1113 ut
1467 1059 1560 1114 fructu
1570 1075 1686 1130 operum
1697 1065 1725 1110 et
1735 1053 1835 1108 affectu

251 1168 345 1204 rerum
355 1161 431 1206 certa
445 1149 639 1205 demonstrent
651 1149 793 1225 obsequia.
808 1151 855 1208 Ob
867 1153 935 1220 hoc,
949 1153 1042 1208 divina
1059 1154 1213 1226 inspirante
1227 1154 1326 1226 gratia,
1340 1163 1369 1207 et
1381 1151 1624 1226 precellentissimi
1637 1150 1710 1223 regis
1720 1147 1836 1204 Cloths·

250 1243 285 1296 rii
300 1241 433 1297 suadente
446 1242 605 1309 clementia,
624 1245 792 1299 monasterio
807 1245 912 1301 Sanctae
925 1246 1018 1302 Mariae
1031 1257 1060 1302 et
1073 1247 1149 1302 Beati
1165 1247 1257 1315 Petri,
1273 1245 1348 1322 quod
1364 1261 1406 1302 est
1419 1257 1495 1302 extra
1514 1246 1677 1302 suessorum
1695 1245 1833 1299 civitatem

248 1335 346 1401 situm,
361 1335 411 1390 ubi
420 1334 550 1390 dominus
565 1335 717 1392 Medardus
730 1339 918 1412 requiescere,
933 1350 961 1394 et
975 1338 1073 1395 Daniel
1085 1339 1169 1395 abhas
1182 1358 1296 1413 preesse
1307 1339 1428 1412 videtur,
1442 1339 1496 1393 hoc
1506 1338 1681 1412 privilegium
1694 1339 1834 1393 omnimo-

247 1426 289 1482 dis
303 1425 492 1502 indulgemus,
506 1437 539 1482 nt
550 1437 636 1483 terras
650 1447 719 1505 quas
732 1428 805 1486 lilius
817 1441 912 1486 noster
920 1429 1082 1487 Clotharius
1095 1432 1132 1487 ob
1142 1430 1257 1488 salutem
1269 1433 1367 1488 animas
1377 1449 1430 1486 suae
1442 1429 1528 1496 dedit,
1541 1431 1707 1486 Cromacum
1717 1429 1831 1494 scilicet,

245 1520 432 1592 Attipiacum,
447 1531 476 1574 et
485 1519 581 1576 sluvit
592 1521 792 1594 possessionem
806 1541 881 1580 suam
896 1524 925 1578 in
938 1542 1011 1598 pago
1022 1525 1156 1593 metensi,
1171 1543 1235 1580 eum
1252 1522 1316 1580 silva
1333 1541 1393 1598 quas
1409 1523 1492 1596 vulgo
1504 1522 1609 1577 dicitur
1624 1520 1727 1576 Patella
1742 1521 1829 1587 Salis,

245 1629 309 1665 cum
328 1614 406 1666 omni
424 1612 586 1686 integritate
598 1623 712 1670 teneant
723 1626 808 1690 atque
822 1615 997 1689 possideant,
1014 1635 1077 1672 cum
1091 1619 1191 1686 terris,
1206 1617 1351 1686 domibus,
1371 1627 1398 1671 et
1416 1615 1549 1684 edificiis,
1569 1624 1597 1668 et
1613 1612 1762 1679 altaribus,
1782 1615 1833 1668 ha-

246 1703 344 1773 beant,
359 1715 491 1775 teneant,
504 1718 588 1782 atque
602 1707 768 1780 possideant.
788 1709 848 1764 Hoc
862 1728 975 1784 quoque
995 1712 1160 1766 auctoritate
1179 1722 1277 1767 sancte
1295 1711 1442 1766 Trinitatis
1460 1719 1489 1763 et
1508 1705 1699 1780 inseparabilis
1717 1708 1832 1761 unitatis

245 1798 302 1853 vice
315 1798 389 1854 beati
407 1800 484 1856 Petri
496 1801 612 1872 apostoli
627 1818 720 1854 coram
737 1819 802 1872 rege
816 1801 960 1869 Clothario
972 1812 1001 1856 et
1016 1802 1147 1861 omnihus
1161 1802 1277 1876 plebeiis
1289 1803 1476 1868 Francorum,
1490 1801 1595 1856 scilicet
1607 1800 1831 1872 archiepiscopo-

246 1907 324 1959 rum,
339 1891 550 1964 episcoporum,
561 1891 707 1963 judicum,
719 1903 747 1948 et
760 1892 835 1946 omui
850 1891 954 1965 populo
968 1893 1185 1949 christianorum
1207 1912 1386 1950 romanorum
1405 1893 1563 1966 principum
1587 1891 1778 1958 deceruimus,
1799 1902 1832 1946 ut

248 1983 341 2040 nullus
354 2003 469 2060 regum,
485 1985 809 2058 antistitum,judicum,
824 1996 912 2040 terras
925 1986 1029 2042 Sanctae
1044 1987 1137 2042 Maria
1148 1997 1177 2043 et
1188 1986 1295 2042 domini
1312 1986 1439 2042 Medardi
1453 1988 1509 2041 sive
1523 1984 1650 2040 ecclesias
1664 1983 1705 2038 vel
1718 1983 1827 2048 altaria,

249 2077 390 2143 thelonea,
410 2078 549 2150 decimas,
562 2096 662 2146 novas,
677 2079 767 2134 banna
785 2089 812 2133 et
830 2079 906 2134 freda
925 2080 1026 2152 exigat.
1045 2079 1103 2135 Nec
1116 2079 1170 2134 hoc
1185 2079 1289 2152 injusto
1301 2079 1460 2154 prejudicio
1472 2079 1566 2152 agitur
1578 2088 1674 2133 contra
1687 2089 1828 2132 auctorem

248 2170 342 2244 legum
354 2171 396 2226 vel
408 2190 554 2238 canonum,
569 2173 635 2245 quia
647 2171 720 2226 nihil
731 2171 766 2228 de
778 2174 910 2227 canonica
922 2175 1087 2228 auctoritate
1099 2173 1247 2241 minuitur,
1262 2171 1396 2247 quicquid
1411 2191 1462 2246 pro
1474 2173 1576 2246 quietis
1589 2169 1790 2246 tranquillitate
1803 2181 1830 2224 et

248 2265 378 2318 servitute
389 2263 442 2320 Dei
455 2263 491 2319 ad
505 2263 563 2318 loca
575 2263 774 2319 venerabilium
788 2273 945 2320 sanctorum
959 2263 1133 2320 conceditur.
1146 2265 1301 2321 statuimus
1317 2265 1417 2332 etiam,
1437 2274 1470 2319 ut
1488 2262 1562 2318 velut
1581 2263 1639 2317 haec
1661 2261 1737 2317 sedes
1755 2261 1827 2316 beati

246 2355 321 2410 Petri
335 2355 421 2410 libera
437 2366 545 2412 constat
563 2356 599 2411 ab
619 2357 696 2411 omui
718 2357 830 2413 servitio
852 2374 966 2430 regum,
982 2367 1010 2412 et
1027 2359 1153 2413 omnium
1175 2358 1332 2431 potentium
1355 2375 1550 2430 personarum,
1574 2356 1612 2410 ita
1632 2365 1739 2410 remota
1753 2355 1828 2408 omni

247 2448 447 2504 consuetudine
461 2451 577 2521 pessima
591 2451 718 2508 omnium
733 2468 844 2523 regum,
861 2451 1150 2524 archiepiscoporum,
1168 2452 1379 2525 episcoporum,
1398 2449 1676 2516 archidiaconorum,
1690 2446 1830 2517 sivejudi·

246 2558 318 2607 cum,
333 2542 449 2614 prelatas
460 2541 578 2597 basilice
591 2541 734 2609 monachi,
749 2542 807 2598 Deo
820 2552 932 2610 vacent,
947 2542 1047 2614 liberi,
1058 2554 1085 2598 et
1098 2561 1148 2616 per
1160 2544 1253 2600 omnia
1268 2541 1373 2616 regulae
1382 2542 1476 2598 Sancti
1488 2541 1628 2596 Benedicti
1642 2539 1749 2595 actibus
1763 2539 1829 2593 ohe-

246 2632 325 2688 diant
335 2634 394 2690 sine
411 2634 465 2690 ulla
480 2635 685 2708 inquietudine.
702 2636 831 2691 Praesenti
845 2653 957 2710 quoque
971 2636 1117 2708 privilegio
1131 2637 1204 2691 hanc
1218 2635 1273 2691 illis
1286 2635 1465 2692 concedimus
1478 2635 1637 2706 licentiam,
1652 2646 1684 2690 ut
1698 2633 1830 2689 defuncto

246 2724 357 2794 abbate,
368 2744 565 2800 quemcunque
577 2725 717 2782 voluerint
728 2727 983 2803 archiepiscopum,
994 2729 1034 2784 vel
1047 2730 1223 2802 episcopum,
1235 2746 1315 2782 eausa
1327 2726 1476 2784 ordinandi
1490 2729 1617 2783 abbatem
1630 2737 1738 2782 vocent.
1747 2726 1832 2782 Simi-

246 2818 310 2874 liter
331 2820 433 2876 saciant
453 2819 488 2874 de
508 2820 732 2876 ordinationibus
752 2820 927 2876 sacerdotum
948 2821 989 2876 vel
1008 2821 1171 2890 levitarum,
1190 2832 1219 2876 et
1235 2831 1398 2876 ceterorum
1412 2820 1563 2894 graduum,
1579 2821 1689 2894 quasin
1705 2838 1753 2894 suo
1770 2837 1831 2872 rno-

154 2899 162 2909 ’
246 2913 366 2967 nasterio
379 2912 530 2984 celebrent,
544 2914 565 2968 si
579 2914 690 2983 volunt,
706 2914 810 2989 absque
823 2912 879 2969 ulla
890 2914 1111 2969 contradictione
1122 2915 1324 2988 archiepiscopi
1336 2913 1526 2981 Rhemorum,
1541 2923 1569 2967 et
1581 2913 1703 2985 episcopi
1717 2913 1831 2967 Suesso-

247 3023 321 3059 rum.
334 3005 465 3088 Praesenti
477 3025 588 3081 quoque
600 3007 707 3075 abbati,
723 3019 751 3062 et
762 3008 893 3062 omnibus
911 3009 1116 3064 successoribus
1136 3010 1193 3064 suis
1210 3009 1444 3064 intermissurum
1461 3006 1604 3062 sollemnia
1622 3005 1832 3060 henedictiones

248 3100 428 3156 concedimus
440 3119 534 3174 agere,
550 3112 578 3157 et
592 3102 815 3176 praedicationem
828 3103 862 3157 ad
877 3102 1011 3176 populum
1029 3103 1133 3172 lacere,
1151 3114 1180 3158 et
1194 3101 1374 3176 reveren[da]
1391 3111 1489 3156 sanctae
1501 3099 1593 3155 Mariae
1605 3100 1656 3154 Dei
1670 3097 1828 3172 genitricis,

247 3203 275 3246 et
290 3192 364 3248 beati
385 3194 461 3250 Petri
477 3196 665 3268 apostolorum
685 3178 833 3270 plincipis,
849 3207 879 3252 et
895 3199 1108 3271 protomartyris
1121 3197 1228 3254 Christi
1245 3196 1380 3270 Stephani
1395 3207 1424 3250 et
1436 3195 1531 3256 domni
1547 3192 1687 3262 Medardi,
1711 3210 1832 3266 quorum

247 3287 354 3342 honore
367 3298 397 3342 et
409 3289 516 3344 meritis
534 3291 542 3344 i
546 3308 594 3362 pse
608 3290 685 3346 loeus
698 3301 820 3346 sacratus
835 3291 964 3366 refulget.
982 3293 1025 3348 Ad
1039 3310 1160 3366 quorum
1180 3291 1266 3346 altare
1286 3289 1474 3346 venerandum
1486 3298 1515 3344 et
1528 3290 1717 3362 praecipuum,
1737 3305 1833 3340 ornnes

248 3380 374 3437 ecclesias
393 3392 422 3436 et
440 3382 551 3452 altaria,
566 3383 601 3437 de
614 3384 746 3438 omnibus
760 3386 845 3439 terris
859 3402 920 3458 quae
933 3383 1038 3439 collatas
1051 3396 1117 3442 suut
1129 3385 1171 3438 vel
1185 3384 1379 3452 conterentur,
1394 3383 1464 3437 lacta
1483 3381 1667 3456 preceptione
1688 3379 1790 3454 regali,
1805 3391 1834 3435 et

248 3475 395 3547 apostolica
408 3477 574 3532 auctoritate
586 3494 667 3532 causa
679 3477 795 3532 honoris
808 3477 997 3532 concedimus,
1008 3479 1237 3534 consecrationes
1248 3495 1361 3552 quoque
1374 3476 1493 3532 sontium
1503 3517 1510 3544 ,
1522 3485 1551 3528 et
1564 3473 1691 3528 scrutinii
1704 3473 1834 3546 mysteria

248 3585 355 3642 semper
367 3569 397 3624 iu
413 3570 474 3642 ipso
487 3570 664 3626 celebrentur
683 3573 858 3627 monasterio.
871 3571 1039 3627 Chrismatis
1052 3589 1165 3645 qnoque
1185 3589 1219 3633 ac
1236 3570 1290 3626 olei
1303 3570 1465 3642 ubicunque
1478 3567 1592 3623 libuerit.
1605 3576 1734 3642 expetant
1748 3567 1833 3621 bene-

249 3659 417 3728 dictionem,
433 3680 484 3718 nec
500 3661 586 3717 ullius
604 3663 755 3719 occasionis
768 3682 848 3719 causa
863 3663 904 3718 rel
918 3665 1090 3720 necessitatis
1103 3684 1118 3718 a
1132 3681 1274 3738 quoquam
1288 3673 1395 3718 rectore
1408 3672 1503 3716 tantus
1515 3662 1607 3715 honor
1620 3661 1833 3726 intermittatur,

250 3764 374 3810 netanta
386 3755 564 3810 sublimitatis
576 3755 653 3810 locus
667 3756 797 3824 vilescat,
811 3775 895 3829 quem
910 3766 993 3830 caput
1003 3756 1200 3811 constituimus
1213 3756 1446 3812 monasteriorum
1461 3753 1660 3820 totiusGalliae,
1675 3751 1834 3825 nulliusque

249 3847 349 3902 ditioni
360 3849 486 3921 patimur
498 3867 557 3904 esse
569 3848 726 3920 subjectum
747 3872 752 3902 :
770 3847 818 3903 sed
837 3865 945 3921 semper
964 3848 1016 3902 sub
1033 3848 1119 3920 regali
1138 3847 1264 3903 custodia
1279 3834 1403 3919 positus,
1419 3845 1503 3918 hujus
1517 3855 1614 3899 sanctas
1628 3863 1748 3899 romanas
1762 3844 1834 3899 sedis

250 3941 407 3995 antistitum
424 3941 589 3996 auctoritate
608 3941 817 3996 advocationem
833 3941 905 3996 beati
922 3941 998 3996 Petri
1017 3938 1126 4004 habeat.
1147 3939 1269 3994 Caveant
1289 3947 1381 3994 autern
1404 3955 1500 3993 omnes
1523 3947 1621 3992 sanctas
1641 3938 1691 3992 Dei
1714 3937 1833 3992 ecclesie

251 4050 420 4088 successores
428 4045 456 4088 et
464 4034 546 4106 regni
558 4033 772 4106 gubernatores,
788 4053 822 4088 ne
835 4034 890 4088 hoc
900 4033 1079 4107 privilegium
1093 4031 1205 4086 irritum
1218 4030 1330 4098 faciant,
1346 4030 1422 4105 quod
1435 4029 1583 4104 apostolica
1595 4031 1761 4085 auctoritate
1770 4049 1832 4084 sarr-

251 4127 354 4191 citum,
371 4137 400 4181 et
415 4145 512 4200 regum
528 4127 656 4180 manibus
669 4145 731 4182 vers
749 4127 889 4182 firmatum
903 4137 958 4194 est,
973 4136 1001 4180 et
1015 4143 1151 4180 consensu
1164 4123 1315 4179 Dandaridi
1327 4125 1448 4197 episcopi
1465 4123 1629 4178 Suessorunr
1646 4124 1767 4190 lactum,
1785 4125 1830 4177 in-

249 4230 374 4290 superet
389 4221 563 4292 septuaginta
581 4221 776 4293 episcoporum
795 4219 843 4274 tali
863 4219 1039 4280 anathemate
1056 4217 1212 4274 solidatum.
1227 4217 1397 4293 Quicunque
1413 4217 1499 4288 hujus
1518 4218 1632 4271 nornine
1657 4217 1831 4271 auctoritatis

248 4310 438 4366 contradictor
446 4313 570 4367 extiterit
578 4354 586 4380 ,
600 4313 642 4366 vel
655 4312 754 4367 iratres
767 4313 795 4366 in
808 4312 918 4385 praefata
932 4311 1042 4367 basilica
1055 4310 1268 4386 inquietaverit,
1281 4309 1323 4378 vel
1336 4309 1371 4363 de
1383 4309 1513 4364 omnibus
1526 4309 1609 4364 rebus
1622 4309 1675 4380 ipsi
1686 4308 1748 4362 loeo
1760 4325 1829 4361 con·

247 4406 329 4459 cessis
346 4403 388 4458 rel
404 4405 587 4461 concedendis
601 4404 707 4480 aliquid
717 4402 880 4474 abstulerit,
895 4405 936 4458 vel
951 4404 1031 4460 aliter
1044 4403 1229 4475 ordinaverit,
1247 4401 1277 4456 in
1292 4401 1337 4456 die
1350 4402 1525 4456 revelationis
1538 4401 1651 4455 Domini
1666 4401 1703 4454 sit
1714 4399 1830 4455 anathe-

248 4517 290 4552 rna
306 4500 485 4566 maranatha,
498 4510 526 4554 et
539 4520 553 4554 a
567 4499 706 4554 consortio
719 4498 930 4558 christianitatis
951 4507 1150 4572 sequestratus,
1165 4515 1180 4552 a
1193 4513 1310 4570 corpore
1324 4505 1353 4549 et
1365 4494 1501 4566 sanguine
1518 4491 1631 4546 Domini
1654 4491 1742 4546 nostri
1761 4493 1828 4546 lesu

247 4591 353 4646 Christi
369 4592 475 4646 alienus
495 4593 602 4646 existat.
617 4591 652 4646 Et
665 4592 856 4666 cujuscunque
875 4589 1052 4645 sublimitatis
1070 4588 1110 4643 vel
1124 4587 1270 4664 dignitatis
1283 4589 1335 4653 sit,
1353 4587 1460 4641 honore
1479 4603 1529 4639 suo
1547 4585 1575 4638 in
1590 4584 1710 4657 presenti
1731 4585 1828 4638 seculo

248 4687 383 4755 privetur,
397 4696 426 4738 et
439 4685 466 4738 in
481 4684 594 4739 exilium
608 4685 758 4758 relegetur,
767 4695 796 4739 et
808 4685 836 4739 in
851 4685 946 4739 futuro
960 4682 1058 4737 seculo
1071 4700 1134 4736 cum
1148 4681 1220 4737 Juda
1236 4680 1371 4736 traditore
1383 4679 1496 4733 Domini
1512 4679 1540 4732 in
1554 4679 1643 4751 poenis
1654 4675 1828 4732 eternalibus

246 4777 406 4844 damnetur,
420 4788 524 4843 etcum
539 4777 656 4833 Diabolo
668 4789 697 4832 et
710 4778 815 4852 angelis
827 4779 887 4851 ejus
902 4779 930 4831 in
943 4775 1053 4831 inlerno
1067 4775 1193 4831 interiori
1208 4793 1350 4850 nunquam
1366 4771 1553 4846 resurgendus
1564 4771 1760 4844 demergatur,
1774 4771 1827 4826 uisi

249 4882 346 4927 sanctae
361 4872 585 4944 congregationis
607 4873 714 4927 animos
732 4871 895 4944 placaverit,
913 4880 940 4925 et
953 4879 1052 4924 sancta
1070 4868 1121 4922 Dei
1136 4866 1262 4922 Ecclesia
1282 4867 1425 4930 ministros
1446 4863 1499 4919 sibi
1520 4863 1747 4920 reconciliaverit.
1766 4863 1826 4936 Ego

248 4963 408 5036 Simplicius
423 4963 547 5020 notarius
568 4975 666 5018 sanctas
685 4981 804 5019 romana
824 4962 896 5017 sedis
911 4962 1061 5034 subscripsi
1074 4970 1103 5015 et
1117 4959 1244 5034 sigillavi.
1259 4959 1361 5014 Datum
1382 4957 1411 5012 iu
1432 4956 1547 5012 ecclesia
1566 4955 1659 5012 Sancti
1681 4953 1822 5020 Silvestri,

251 5073 265 5105 v
278 5056 342 5110 idus
352 5057 463 5124 martii,
477 5075 550 5110 anno
563 5056 709 5111 dominicae
722 5055 920 5110 iucarnationis
929 5072 1008 5122 unsri,
1020 5053 1206 5109 indictionex.
1219 5075 1231 5100 n

283 5186 438 5254 Ceterum,
453 5189 551 5261 quanti
562 5188 680 5246 iecerint
694 5187 781 5244 etalii
797 5188 967 5245 Franoorum
983 5195 1139 5268 regeslpost
1151 5182 1338 5252 clotharium,
1353 5183 1491 5255 insignem
1503 5181 1581 5249 illam
1593 5179 1687 5236 Sancti
1701 5177 1826 5238 Medardi

367 5296 377 5340 ¹
1691 5277 1709 5338 8
