4522 6104
440 563 512 637 676
1038 565 1165 641 rarat
1191 565 1424 642 ABAEtnttut

415 804 418 810 ‚
491 705 663 796 Isidorus,
691 707 846 802 Etymol.
874 706 938 780 lib.
961 713 1039 782 Xlll
1061 737 1069 782 ε
1091 739 1110 780 a
1130 713 1225 784 Gion
1250 727 1401 784 vocatur
1425 704 1525 807 quod
1555 707 1777 779 incremento
1810 725 1881 774 suae
1909 727 2020 777 exun-

440 828 595 899 dationis
620 841 752 898 terram
782 830 922 925 AEgypti
952 830 1085 926 irriget.
1118 843 1159 910 Γῆ
1185 856 1296 928 graece
1321 830 1430 902 latine
1462 843 1595 900 terram
1618 822 1806 921 significat.
1833 824 1899 894 Hic
1926 823 2021 921 apud

442 947 624 1043 AEgyptios
646 946 742 1018 Nilus
763 962 913 1020 vocatur
939 964 1088 1048 propter
1113 950 1239 1024 limum
1259 974 1369 1048 quem
1390 948 1517 1038 trahit,
1541 945 1603 1044 qui
1633 943 1741 1017 efficit
1767 940 2021 1016 fecunditatem

440 1082 542 1138 terrae
559 1096 568 1140 :
588 1067 736 1139 undeet
753 1068 850 1142 Nilus
867 1068 983 1142 dictus
1000 1085 1052 1142 est
1071 1072 1189 1169 quasi¹
1207 1072 1423 1144 Niahomon.
1449 1072 1538 1142 Nam
1560 1081 1665 1140 antea
1682 1065 1779 1138 Nilus
1799 1064 1908 1136 latine
1930 1062 2020 1135 Melo

441 1187 673 1259 dicebatur.»
692 1193 833 1286 Ganges
858 1213 967 1287 quem
992 1191 1212 1289 Scriptura«
1234 1190 1368 1262 Phison
1389 1217 1406 1257 n
1433 1187 1684 1286 cognominat,
1703 1183 1819 1282 pergit
1841 1183 1887 1255 ad
1914 1183 2022 1256 lndiae

440 1306 615 1401 regiones.
644 1309 768 1378 Dictus
797 1321 850 1380 est
875 1321 995 1379 autem
1021 1308 1180 1398 Phison,
1208 1308 1245 1380 id
1272 1323 1325 1380 est
1352 1311 1521 1396 Caterva,
1551 1305 1635 1403 quia
1662 1303 1788 1376 decem
1816 1303 2022 1376 fluminibus

440 1427 578 1520 magnis
602 1425 670 1498 sibi
696 1425 871 1523 adjunctis
893 1426 1061 1525 impletur
1080 1443 1117 1500 et
1137 1426 1289 1499 efficitur
1309 1452 1415 1499 unns.
1434 1430 1575 1522 Ganges
1595 1438 1714 1496 autem
1734 1437 1885 1494 vocatur
1904 1446 1926 1493 a
1942 1447 2022 1519 rege

441 1548 607 1642 Gangaro
625 1545 744 1617 lndiae.
765 1551 889 1619 Fertur
905 1560 1025 1618 autem
1041 1545 1108 1618 Nih
1126 1546 1237 1618 modo
1253 1545 1399 1619 exaltari
1416 1561 1452 1616 et
1471 1569 1578 1644 super
1600 1542 1755 1616 Orientis
1775 1556 1887 1612 terras
1904 1565 2021 1612 emm·

441 1689 538 1760 pere.
558 1666 678 1762 Tygris
695 1665 823 1737 fluvius
841 1665 1106 1765 Mesopotamiae
1122 1691 1274 1766 pergens
1293 1681 1420 1739 contra
1436 1665 1595 1762 Assyrios
1612 1678 1693 1760 post
1709 1661 1841 1770 multos
1857 1662 2022 1733 circuitus

441 1785 479 1854 in
497 1809 595 1856 mare
612 1790 792 1873 Mortuum
809 1785 939 1857 influit.
956 1791 1114 1859 Vocatur
1129 1802 1249 1860 autern
1267 1786 1338 1858 hoc
1355 1786 1503 1870 nomine
1515 1797 1664 1883 propter
1675 1781 1901 1853 velocitatem
1916 1782 2023 1852 instar

441 1903 560 1977 bestiae
577 1907 685 2002 tygris
701 1895 812 1978 nimia
831 1908 1040 2005 pernicitate
1056 1909 1243 1981 currentis.
1263 1907 1462 2005 Euphrates
1477 1905 1606 1976 fluvius
1621 1902 1888 2000 Mesopotamiae
1901 1902 2023 1998 copio-

441 2026 598 2097 sissimus
615 2029 763 2124 gemmis
780 2053 844 2126 per
860 2028 1016 2101 mediam
1033 2028 1266 2126 Babyloniam
1283 2028 1412 2100 iniluit.
1432 2027 1497 2098 Hic
1513 2050 1534 2098 a
1550 2024 1709 2122 frugibus
1730 2023 1786 2094 vel
1802 2023 1848 2094 ab
1864 2022 2024 2094 ubertate

443 2168 577 2218 nomen
601 2150 763 2245 accepit:
784 2173 868 2222 nam
886 2148 1051 2223 hebraice
1063 2149 1248 2246 Euphrate
1253 2147 1431 2246 fertilitas
1445 2148 1710 2244 interpretatur.
1730 2144 2024 2240 Mesopotamiam

441 2267 572 2335 etenim
591 2268 639 2338 ita
655 2269 691 2337 in
709 2267 925 2362 quibusdam
941 2268 1029 2339 locis
1044 2269 1183 2364 irrigat,
1201 2270 1293 2340 sicut
1309 2266 1407 2340 Nilus
1422 2263 1682 2339 Alexandriam.
1701 2262 1885 2336 Sallustius
1908 2277 2026 2335 autem

442 2400 567 2457 auctor
588 2387 804 2458 certissimus
826 2388 949 2458 asserit
969 2389 1101 2484 Tigrim
1117 2403 1153 2460 et
1174 2388 1393 2487 Euphratem
1414 2413 1489 2460 uno
1507 2386 1606 2459 fonte
1627 2409 1774 2478 manare
1790 2385 1826 2456 in
1844 2385 2023 2472 Armenia,

441 2503 502 2600 qui
519 2529 584 2600 per
600 2503 739 2578 diversa
756 2519 880 2578 euntes
897 2505 1037 2603 longius
1055 2506 1262 2580 dividantur
1286 2510 1401 2607 spatio
1430 2505 1551 2580 medio
1578 2505 1703 2578 relicto
1725 2502 1916 2575 multorum
1940 2501 2024 2573 mil·

439 2621 542 2694 lium.
562 2627 649 2710 Quae
667 2639 786 2696 tamen
803 2640 897 2698 terra
913 2651 992 2723 quae
1008 2627 1055 2698 ab
1072 2627 1157 2724 ipsis
1174 2627 1343 2718 ambitur,
1357 2626 1616 2726 Mesopotamia
1631 2624 1775 2696 dicittu.
1793 2629 1844 2698 Ex
1857 2647 1931 2721 quo
1946 2621 2030 2692 Hie·

441 2766 613 2839 ronyrnus
626 2744 877 2817 animadvertit
892 2746 994 2818 aliter
1010 2745 1057 2820 de
1073 2747 1229 2845 paradisi
1243 2747 1451 2821 fluminibus
1468 2745 1751 2843 intelligendum.
1766 2745 1875 2834 Beda,
1893 2743 1937 2814 ‹te
1951 2749 2027 2816 Na·

440 2875 522 2932 tarn
542 2867 672 2932 Rerum
689 2890 700 2932 :
719 2891 737 2932 a
754 2863 822 2934 Nili
843 2863 991 2937 flumine
1017 2889 1085 2963 pro
1108 2864 1236 2964 pluviis
1256 2867 1368 2938 utitur
1384 2871 1575 2964 AEgyptus,
1593 2877 1742 2963 propter
1763 2861 1848 2936 solis
1871 2863 2028 2936 calorem

440 2982 573 3054 imbres
589 2997 625 3053 et
642 2983 762 3056 nubila
778 3007 949 3083 respuens
968 3001 978 3057 τ’
996 3011 1119 3058 mense
1136 2990 1233 3058 enirn
1250 2989 1345 3060 maio
1358 2988 1448 3059 dum
1464 2987 1556 3059 ostia
1571 2985 1646 3081 ejus
1664 2982 1795 3082 quibus
1811 2984 1849 3054 in
1865 3007 1965 3055 mare
1980 2985 2031 3054 in·

346 3115 349 3124 ’
440 3099 531 3190 lluit,
550 3101 708 3198 zephyro
727 3102 855 3194 flante,
874 3103 980 3176 undis
996 3106 1116 3200 ejectis
1133 3129 1323 3177 arenarum
1339 3104 1491 3178 cumulis
1512 3116 1775 3202 perstruuntur,
1792 3101 1964 3199 paulatim
1979 3102 2030 3174 in·

440 3233 664 3310 tumescens,
684 3239 726 3296 ac
742 3237 838 3292 retro
858 3221 1050 3319 propulsus
1066 3221 1175 3320 plana
1191 3224 1313 3319 irrigat
1329 3223 1490 3322 AEgypti3
1508 3236 1618 3295 rento
1635 3235 1755 3294 autern
1771 3235 1956 3309 cessante,
1975 3243 2031 3289 ru·

440 3343 582 3439 ptisque
600 3366 791 3413 arenarum
809 3343 977 3432 cumulis,
993 3367 1063 3414 suo
1077 3343 1240 3415 redditur
1255 3342 1371 3416 alveo.
1393 3371 1411 3412 n

493 3493 510 3529 a
529 3461 619 3530 Tulit
637 3485 735 3556 ergo.
758 3489 776 3528 n
797 3461 891 3549 Quia
906 3460 1071 3532 videlicet
1087 3477 1161 3534 tam
1178 3461 1397 3534 delectabilis
1413 3477 1449 3535 et
1464 3487 1626 3535 amoenus
1647 3476 1723 3534 erat
1739 3461 1797 3535 ille
1812 3461 1913 3532 locus
1928 3483 2033 3558 para·

440 3580 522 3652 disi.
542 3579 742 3653 Commode
758 3580 813 3651 vir
833 3595 932 3652 extra
946 3579 1155 3678 paradisum
1170 3581 1283 3655 sactus
1299 3598 1369 3674 est,
1388 3597 1425 3655 et
1439 3583 1525 3657 inde
1541 3583 1578 3655 in
1595 3582 1805 3683 paradisum
1820 3580 2024 3669 translatus,

441 3717 481 3772 ut
509 3715 611 3772 tanto
637 3699 789 3796 amplius
817 3701 1060 3773 amoenitatem
1091 3702 1247 3800 paradisi
1272 3704 1561 3802 concupisceret,
1596 3727 1638 3776 ac
1661 3704 1820 3776 retinere
1843 3703 2033 3787 niteretur,

363 3913 370 3924 ·
441 3830 580 3919 quanto
596 3843 675 3892 eam
691 3833 792 3890 terrae
809 3818 858 3890 illi
874 3821 1039 3892 exteriori
1055 3845 1128 3919 qua
1143 3822 1312 3895 conditus
1329 3823 1444 3896 suerat
1454 3823 1654 3922 praecellere
1667 3821 1870 3895 videbatur.

493 3970 511 4009 a
532 3945 578 4012 Ut
594 3953 813 4038 operaretur.
836 3969 854 4006 n
872 3938 912 4012 ld
940 3953 993 4012 est
1014 3939 1062 4013 ad
1084 3941 1321 4014 excolendum
1336 3943 1454 4041 ipsum
1470 3941 1694 4041 paradisum,
1715 3955 1751 4013 ct
1772 3965 1838 4040 per
1853 3936 2025 4011 obedien·

443 4065 529 4136 tiam
554 4078 732 4134 servatam
755 4060 824 4133 sibi
847 4061 1142 4154 custodiendum,
1170 4088 1217 4136 ne
1241 4063 1406 4138 videlicet
1430 4088 1496 4163 per
1519 4062 1839 4160 transgressionem
1866 4057 2027 4158 expulsus

279 4167 282 4174 ¹
327 4205 336 4217 ’
445 4203 527 4254 eum
555 4183 745 4253 amitteret.
769 4185 822 4251 De
845 4203 919 4278 quo
939 4194 1059 4254 autem
1084 4197 1263 4282 praecepto
1289 4183 1437 4257 deberet
1462 4183 1514 4255 ibi
1538 4182 1687 4255 obedire
1710 4181 1830 4254 statim
1854 4179 2027 4265 insinuat,

446 4325 558 4398 quum
575 4304 650 4382 ait,-

498 4452 516 4489 α
537 4424 776 4520 Praecepitque
793 4423 838 4493 ei.
859 4451 876 4489 u
896 4425 975 4494 Non
997 4423 1084 4496 dicit
1102 4448 1120 4492 a
1138 4425 1189 4497 eis
1206 4453 1224 4492 n
1241 4424 1437 4523 pluraliter,
1456 4424 1520 4498 scd
1539 4453 1556 4494 a
1576 4423 1609 4496 ei
1628 4451 1646 4492 n
1663 4419 1902 4519 singulariter,
1919 4417 2027 4516 respi-

380 4535 384 4543 ’
447 4545 545 4614 ciens
562 4541 607 4613 ad
624 4541 741 4613 solum
758 4543 893 4631 virum,
919 4568 1025 4641 quem
1047 4545 1136 4617 dixit
1150 4547 1188 4616 in
1207 4546 1374 4646 paradiso
1391 4546 1621 4633 tramlatum,
1640 4567 1754 4642 quum
1766 4557 1887 4613 tamen
1905 4537 2029 4610 mulier

448 4661 682 4761 postmodum
700 4662 850 4736 fateatur
865 4663 932 4735 sibi
948 4665 1081 4762 pariter
1096 4679 1137 4737 ut
1151 4666 1230 4738 viro
1246 4671 1362 4739 Deum
1376 4666 1449 4739 boc
1466 4666 1675 4766 praecepisse
1691 4664 1814 4736 dicens
1834 4689 1843 4733 :
1865 4688 1884 4729 «-
1899 4664 1953 4732 De
1964 4656 2032 4729 iru-

450 4796 510 4853 ctu
531 4781 618 4877 ligni
634 4780 734 4878 quod
751 4795 804 4854 est
824 4781 861 4856 in
886 4783 1006 4856 medio
1031 4785 1187 4883 paradisi
1211 4788 1380 4886 praecepit
1403 4786 1509 4859 uobis
1531 4790 1627 4858 Deus
1644 4807 1690 4856 ne
1705 4779 1988 4855 comederemus.
2009 4804 2028 4845 u

454 4898 556 4971 Unde
573 4899 843 4997 intelligendum
854 4916 907 4976 est
917 4959 926 4994 ,
938 4901 1039 5003 quod
1046 4930 1160 5004 quum
1175 4903 1248 4979 hoc
1263 4905 1345 4978 looo
1361 4906 1537 5010 Dominus
1550 4903 1688 5004 lignum
1699 4899 1790 4975 illud
1799 4901 1879 4972 viro
1889 4894 2033 4972 interdi-

489 5165 496 5193 ⁴
513 5165 572 5232 hog·
582 5171 643 5218 tttn
656 5167 733 5220 ttttoe.
