4536 6102
482 583 553 654 556
1078 591 1205 662 PE'l'lll
1233 592 1465 664 tumulum

480 721 575 794 tibus
591 728 796 799 Graecorum
807 729 916 802 bodie
929 756 1041 829 usque
1050 733 1242 830 peragitur,
1259 734 1391 831 quibus
1402 747 1438 804 et
1445 731 1653 833 baptizandi
1669 759 1751 806 usus
1764 735 1802 806 in
1816 733 1972 808 Ecclesia
1984 761 2055 808 non

479 858 640 938 negatur.
656 873 673 910 n
682 847 772 917 Hinc
789 864 823 919 et
841 849 1008 921 Claudius
1017 855 1066 924 ita
1083 853 1245 924 meminit
1260 857 1286 924 ¹:
1302 882 1320 920 ιι
1328 855 1393 925 Hic
1400 854 1499 926 locus
1516 853 1712 953 apostolica
1727 857 1938 927 auctoritate
1954 854 2056 926 docet

480 963 588 1034 etiam
617 965 765 1038 seminas
791 969 829 1038 in
857 970 1054 1042 ministerio
1075 972 1237 1043 Ecclesiae
1257 974 1411 1062 institui,
1435 975 1562 1086 inquo
1582 973 1703 1044 officio
1727 975 1881 1072 positam
1901 973 2054 1046 Pboeben

478 1082 575 1178 apud
591 1083 794 1178 ecclesiam,
813 1113 891 1184 quae
908 1104 961 1160 est
976 1089 1166 1180 Chencris,
1187 1090 1369 1189 apostolus
1394 1117 1524 1188 magna
1544 1116 1628 1163 cum
1652 1091 1758 1164 laude
1775 1107 1810 1164 et
1826 1094 2055 1168 commenda·

477 1201 576 1272 tione
587 1209 828 1303 prosequitur.
843 1211 1111 1307 »Hieronymus
1126 1237 1270 1309 quoque
1279 1212 1378 1283 illum
1391 1212 1673 1311 apostolilocum
1679 1213 1726 1286 ad
1734 1212 1971 1285 Timothaeum
1977 1218 2055 1286 scri·

477 1318 594 1392 bentis
610 1347 805 1422 exponens,
816 1327 936 1399 dicit¹z
957 1329 1288 1402 «adolescentiores
1306 1346 1424 1437 autem
1440 1331 1565 1404 viduas
1581 1332 1701 1404 devita
1715 1333 1752 1403 in
1769 1332 1966 1404 ministerio
1983 1333 2053 1406 dia·

476 1459 626 1516 conatus
641 1473 868 1547 praeponere,
887 1474 954 1522 nec
970 1451 1103 1523 malum
1120 1477 1188 1549 pro
1205 1451 1300 1522 malo
1316 1450 1422 1522 detur
1438 1449 1652 1550 exemplum.
1676 1482 1693 1517 ι

527 1566 626 1638 ldem
641 1594 787 1667 quoque
804 1570 1007 1669 apostolus,
1024 1597 1138 1670 quum
1159 1597 1266 1669 supra
1282 1573 1319 1642 in
1336 1571 1463 1645 eadem
1476 1572 1626 1670 epistola
1641 1586 1723 1670 post
1743 1573 1931 1669 episcopos
1952 1574 2052 1684 etiam

476 1683 714 1760 diaconorum
730 1693 839 1763 vitam
857 1691 1053 1782 ordinaret,
1073 1694 1334 1764 institutionem
1351 1717 1497 1790 quoque
1513 1692 1749 1764 diaconarum
1764 1692 1831 1763 illis
1849 1677 2048 1803 1οοιῃιιιιιιί,

476 1803 651 1880 dicens⁸2
678 1811 900 1882 «Diaconos
929 1811 1088 1883 similiter
1113 1812 1283 1910 pudicoS,
1311 1835 1386 1882 non
1413 1810 1607 1907 bilingues,
1635 1836 1710 1882 non
1737 1810 1851 1883 multo
1880 1813 1967 1882 vino
1996 1811 2051 1881 de·

476 1921 591 2015 ditos,
629 1951 703 1998 non
735 1945 898 2027 tempore
929 1929 1068 2001 lucrum
1104 1944 1302 2019 sectantes,
1335 1928 1509 2000 babentes
1542 1929 1750 2025 mysterium
1782 1927 1866 2000 fidei
1899 1930 1937 2000 in
1968 1954 2049 2000 con·

475 2047 620 2120 scientia
638 2073 740 2146 pura.
762 2055 805 2120 Et
818 2049 857 2121 hi
873 2066 993 2122 autem
1010 2050 1209 2148 probentur
1226 2050 1400 2147 primum,
1423 2064 1459 2119 et
1481 2049 1532 2119 sic
1548 2050 1751 2120 ministrent
1767 2047 1906 2120 nullum
1920 2049 2049 2122 crimen

475 2164 661 2240 babentes.
701 2169 863 2240 Mulieres
892 2169 1053 2241 similiter
1084 2168 1254 2267 pudicas,
1283 2192 1358 2239 non
1387 2167 1637 2257 detrahentes,
1670 2168 1829 2257 sobrias,
1862 2165 1985 2240 fideles
2017 2170 2048 2238 in

475 2288 656 2359 omnibus.
684 2291 860 2362 lliacones
887 2294 959 2362 sint
983 2291 1088 2362 unius
1108 2291 1228 2360 uxoris
1247 2290 1331 2380 viri,
1353 2290 1416 2387 qui
1438 2288 1519 2361 filiis
1539 2289 1611 2360 suis
1629 2288 1722 2360 bene
1742 2290 1902 2387 prosint,
1933 2305 1968 2360 et
1986 2291 2049 2360 suis

475 2405 660 2496 domibus,
680 2423 747 2478 etc.
766 2438 784 2475 ιι
806 2409 874 2480 Ubi
892 2424 926 2480 et
943 2408 1030 2480 illud
1047 2387 1248 2480 notandum
1265 2424 1338 2498 est,
1357 2409 1457 2506 quod
1481 2407 1789 2506 quemadmodum
1805 2408 1876 2479 hoc
1891 2407 2049 2479 locodia·

391 2539 398 2562 ⁸
474 2547 588 2596 conos
607 2550 765 2624 quoque,
784 2527 875 2598 sicut
888 2529 1094 2642 episcopos,
1113 2528 1219 2598 unius
1229 2529 1354 2599 uxoris
1369 2530 1466 2600 viros
1482 2527 1680 2626 approbat,
1699 2529 1748 2598 ita
1772 2542 1808 2600 et
1824 2526 2047 2626 postmodum

474 2640 755 2718 diaconissarum
770 2646 935 2718 ordinem
952 2648 1157 2735 instituens,
1171 2669 1230 2718 eas
1244 2647 1351 2718 etiam
1367 2648 1473 2718 unius
1487 2647 1556 2718 viri
1572 2671 1699 2718 uxores
1711 2647 1863 2718 maxime
1874 2669 2049 2718 commen·

474 2760 561 2832 dat‘
582 2792 589 2833 :
612 2795 629 2834 t<
642 2767 775 2854 Vidua,
798 2795 815 2832 n
833 2767 966 2864 inquit,
993 2795 1011 2834 ιι
1030 2766 1178 2862 eligatur
1195 2791 1269 2836 non
1292 2767 1411 2838 minus
1432 2767 1612 2862 sexaginta
1628 2790 1826 2856 annorum,
1848 2788 1929 2862 quae
1953 2763 2048 2836 fucrit

473 2885 578 2954 unius
585 2885 651 2955 viri
662 2909 764 2974 uxor,
779 2915 797 2952 »
811 2900 852 2956 ut
868 2885 1032 2957 videlicet
1047 2877 1150 2957 'tanto
1166 2887 1210 2957 sit
1226 2885 1272 2957 ad
1288 2886 1342 2957 sui
1359 2885 1496 2957 ordinis
1512 2885 1859 2958 administrationem
1875 2882 2045 2968 idoneior,

470 3389 571 3436 mum
599 3366 712 3463 possit
738 3369 874 3453 notari,
897 3365 927 3436 si
947 3364 1112 3436 videlicet
1135 3390 1201 3464 per
1227 3364 1346 3463 plures
1373 3364 1570 3437 decurrerit
1598 3365 1713 3454 viros,
1742 3364 1847 3435 unius
1874 3363 1941 3433 viri
1967 3387 2047 3434 ιιιοι

469 3483 632 3579 eligenda
649 3499 825 3555 censetur.
851 3487 923 3554 Vos
945 3482 1093 3554 tandem
1117 3483 1293 3580 alloquor,
1311 3486 1487 3580 virgines,
1506 3497 1546 3556 ut
1561 3485 1807 3556 ministrorum
1822 3507 1968 3580 quoque
1984 3481 2045 3552 dil·

470 3603 656 3674 lerentiam
673 3601 719 3674 de
730 3617 847 3673 vestra
863 3603 1025 3698 cogitetis
1038 3605 1284 3700 praerogativa.
1303 3609 1393 3675 Eece
1406 3605 1502 3676 enim
1514 3618 1721 3676 sanctorum
1741 3603 1916 3699 obsequio
1929 3601 2045 3674 vidua·

469 3749 551 3796 rum
567 3724 613 3795 ab
630 3723 813 3822 apostolis,
832 3723 952 3796 locum
968 3749 1123 3821 quorum
1142 3725 1307 3797 obtinent
1318 3726 1491 3824 episcopi,
1503 3726 1654 3796 minoris
1671 3723 1807 3796 ordinis
1823 3725 1939 3812 viros,
1954 3724 1988 3794 id
1999 3738 2047 3792 est

468 3844 658 3932 diaconos,
678 3841 803 3913 vidctis
824 3842 1035 3941 deputatos:
1055 3843 1102 3914 ab
1121 3845 1200 3943 ipso
1216 3860 1336 3916 vestro
1352 3844 1494 3917 Christo
1511 3845 1548 3914 in
1572 3857 1687 3914 matre
1706 3843 1781 3938 ejus
1801 3842 1940 3937 virgine
1961 3839 2045 3912 didi·

468 3965 585 4052 cistis,
610 3963 698 4060 quid
720 3963 824 4035 vobis
848 3963 1004 4034 debeant
1024 3965 1195 4062 episcopi.
1222 3969 1301 4036 Non
1332 3966 1428 4036 enim
1453 3963 1503 4034 illi
1533 3963 1744 4052 diaconum,
1769 3961 1831 4032 sed
1848 3960 2046 4059 apostolum

468 4082 568 4155 dedit
583 4082 803 4170 ministrum,
821 4107 886 4180 per
906 4081 977 4154 boc
994 4097 1157 4181 patenter
1175 4085 1360 4156 insinuans
1376 4099 1477 4156 tanto
1494 4108 1559 4155 vos
1576 4082 1757 4178 digniores
1774 4081 1972 4178 promereri
1989 4081 2047 4150 mi·

468 4202 616 4305 nistros,
641 4216 776 4298 quanto
798 4201 844 4272 ad
868 4201 1112 4274 excellentiam
1138 4202 1327 4274 dominicae
1350 4204 1474 4274 matris
1497 4201 1649 4300 amplius
1674 4201 1939 4299 propinquatis.
1966 4201 2046 4285 Quae

467 4319 614 4418 quidem
629 4344 703 4391 non
726 4318 938 4412 diaconum,
957 4321 1020 4392 sed
1036 4320 1240 4420 apostolum
1257 4323 1294 4392 in
1313 4321 1490 4420 obsequio
1505 4322 1560 4394 sui
1576 4320 1780 4392 ministrum
1797 4317 1947 4415 adepta,
1964 4315 2046 4414 quid

467 4425 569 4510 v'obis
583 4439 741 4540 episcopi
757 4439 913 4510 debeant
928 4439 1101 4530 insinuat,
1118 4441 1180 4539 qui
1197 4440 1443 4539 apostolorum
1461 4441 1612 4537 gradum
1623 4441 1660 4511 in
1676 4437 1834 4510 Ecclesia
1849 4435 2043 4533 possident.

468 4558 571 4629 Unde
587 4573 622 4629 et
633 4559 772 4630 devotis
783 4561 1023 4652 communiter
1034 4559 1174 4630 seminis
1190 4574 1264 4631 tam
1277 4560 1474 4656 virginibus
1489 4583 1599 4657 quam
1611 4557 1761 4646 caeteris,
1778 4571 1917 4653 quanto
1931 4553 2045 4628 studio

466 4692 540 4748 tam
563 4676 809 4775 apostolorum
834 4701 942 4775 quam
963 4678 1215 4777 praedictorum
1232 4679 1469 4751 diaconorum
1489 4679 1535 4752 ab
1556 4680 1606 4750 eis
1627 4677 1822 4750 electorum
1842 4673 2044 4744 festivitates

466 4799 536 4868 sint
547 4795 787 4887 celebrandae,
802 4798 888 4869 nolo
903 4823 967 4869 vos
983 4800 1160 4893 ignorare.
1180 4802 1343 4884 Quorum
1358 4825 1424 4872 vos
1440 4795 1752 4870 intercessionibus
1768 4793 1964 4891 plurimum
1972 4789 2045 4872 ¹ad-

486 5103 684 5244 Ι;)1Ἷίι1,ιιιιιιιι·ι,
700 5127 727 5175 p.
746 5112 805 5172 1³5,
816 5120 874 5162 note
886 5116 908 5162 1.
919 5111 971 5150 -¹
981 5114 1009 5164 ln
1022 5115 1101 5178 Epist.
1113 5116 1148 5164 ad
1160 5113 1273 5173 firnata„
1288 5112 1348 5175 Ορρ.
1364 5122 1382 5164 t.
1397 5110 1427 5175 Y,
1447 5110 1497 5163 ccl.
1521 5109 1592 5160 tota.
1609 5107 1659 5146 -⁸
1677 5108 1736 5158 Τιίιι.
1758 5108 1785 5166 l,
1807 5119 1862 5168 cap.
1878 5118 1920 5163 ιιι,
1934 5115 1955 5148 ι.
1973 5098 2000 5146 8.
2010 5119 2044 5134 -·

465 5190 477 5220 ⁴
516 5190 560 5255 'd.,
572 5207 626 5259 cap.
638 5210 695 5254 ι,ι.
711 5197 735 5247 9.
1846 5199 1851 5208 ”
