<?xml version="1.0" encoding="UTF-8"?>
<!DOCTYPE html PUBLIC "-//W3C//DTD XHTML 1.0 Transitional//EN"
    "http://www.w3.org/TR/xhtml1/DTD/xhtml1-transitional.dtd">
<html xmlns="http://www.w3.org/1999/xhtml" xml:lang="en" lang="en">
 <head>
  <title>
</title>
<meta http-equiv="Content-Type" content="text/html;charset=utf-8" />
  <meta name='ocr-system' content='tesseract 3.04.00' />
  <meta name='ocr-capabilities' content='ocr_page ocr_carea ocr_par ocr_line ocrx_word'/>
</head>
<body>
  <div class='ocr_page' id='page_1' title='image "./petriablardiope01despgoog_0517.png"; bbox 0 0 4510 6108; ppageno 0'>
   <div class='ocr_carea' id='block_1_1' title="bbox 461 519 1450 596">
    <p class='ocr_par' dir='ltr' id='par_1_1' title="bbox 461 519 1450 596">
     <span class='ocr_line' id='line_1_1' title="bbox 461 519 1450 596; baseline 0 -4"><span class='ocrx_word' id='word_1_1' title='bbox 461 523 532 596; x_wconf 84' lang='lat'>502</span> <span class='ocrx_word' id='word_1_2' title='bbox 1059 520 1188 592; x_wconf 82' lang='lat' dir='ltr'>PETRI</span> <span class='ocrx_word' id='word_1_3' title='bbox 1215 519 1450 594; x_wconf 74' lang='lat' dir='ltr'><strong>ABAELARDI</strong></span> 
     </span>
    </p>
   </div>
   <div class='ocr_carea' id='block_1_2' title="bbox 360 655 2105 4848">
    <p class='ocr_par' dir='ltr' id='par_1_2' title="bbox 360 655 2044 3870">
     <span class='ocr_line' id='line_1_2' title="bbox 459 655 2044 758; baseline -0.003 -26"><span class='ocrx_word' id='word_1_4' title='bbox 459 661 649 732; x_wconf 91' lang='lat' dir='ltr'>mittuntur</span> <span class='ocrx_word' id='word_1_5' title='bbox 665 661 734 749; x_wconf 88' lang='lat' dir='ltr'>eis,</span> <span class='ocrx_word' id='word_1_6' title='bbox 751 675 787 732; x_wconf 89' lang='lat' dir='ltr'>ct</span> <span class='ocrx_word' id='word_1_7' title='bbox 803 683 959 758; x_wconf 89' lang='lat' dir='ltr'>quorum</span> <span class='ocrx_word' id='word_1_8' title='bbox 975 659 1190 732; x_wconf 84' lang='lat' dir='ltr'>retinueritis</span> <span class='ocrx_word' id='word_1_9' title='bbox 1206 673 1345 732; x_wconf 88' lang='lat' dir='ltr'>retenta</span> <span class='ocrx_word' id='word_1_10' title='bbox 1360 673 1456 730; x_wconf 91' lang='lat' dir='ltr'>sunt.</span> <span class='ocrx_word' id='word_1_11' title='bbox 1473 687 1490 725; x_wconf 85' lang='grc' dir='ltr'>ιι</span> <span class='ocrx_word' id='word_1_12' title='bbox 1508 661 1553 730; x_wconf 88' lang='lat' dir='ltr'>Et</span> <span class='ocrx_word' id='word_1_13' title='bbox 1568 655 1716 756; x_wconf 87' lang='lat' dir='ltr'>quidem</span> <span class='ocrx_word' id='word_1_14' title='bbox 1731 671 1853 728; x_wconf 89' lang='lat' dir='ltr'>actum</span> <span class='ocrx_word' id='word_1_15' title='bbox 1867 681 1943 728; x_wconf 89' lang='lat' dir='ltr'>esse</span> <span class='ocrx_word' id='word_1_16' title='bbox 1958 681 2044 728; x_wconf 92' lang='lat' dir='ltr'>con·</span> 
     </span>
     <span class='ocr_line' id='line_1_3' title="bbox 458 777 2041 878; baseline -0.001 -28"><span class='ocrx_word' id='word_1_17' title='bbox 458 795 527 852; x_wconf 90' lang='lat' dir='ltr'>stat</span> <span class='ocrx_word' id='word_1_18' title='bbox 546 781 584 852; x_wconf 94' lang='lat' dir='ltr'>in</span> <span class='ocrx_word' id='word_1_19' title='bbox 606 795 771 854; x_wconf 83' lang='lat' dir='ltr'>extremae</span> <span class='ocrx_word' id='word_1_20' title='bbox 793 781 868 877; x_wconf 86' lang='lat' dir='ltr'>ejus</span> <span class='ocrx_word' id='word_1_21' title='bbox 889 780 1113 878; x_wconf 80' lang='lat' dir='ltr'>apparitione</span> <span class='ocrx_word' id='word_1_22' title='bbox 1129 780 1272 852; x_wconf 90' lang='lat' dir='ltr'>illarum</span> <span class='ocrx_word' id='word_1_23' title='bbox 1287 779 1447 877; x_wconf 89' lang='lat' dir='ltr'>quinque</span> <span class='ocrx_word' id='word_1_24' title='bbox 1462 801 1553 877; x_wconf 87' lang='lat' dir='ltr'>quas</span> <span class='ocrx_word' id='word_1_25' title='bbox 1568 777 1631 850; x_wconf 92' lang='lat' dir='ltr'>illo</span> <span class='ocrx_word' id='word_1_26' title='bbox 1648 777 1707 850; x_wconf 87' lang='lat' dir='ltr'>die</span> <span class='ocrx_word' id='word_1_27' title='bbox 1722 777 1851 875; x_wconf 83' lang='lat' dir='ltr'>legitur</span> <span class='ocrx_word' id='word_1_28' title='bbox 1864 777 2041 864; x_wconf 84' lang='lat' dir='ltr'>habuisse,</span> 
     </span>
     <span class='ocr_line' id='line_1_4' title="bbox 458 901 2043 1002; baseline 0.002 -31"><span class='ocrx_word' id='word_1_29' title='bbox 458 901 623 976; x_wconf 88' lang='lat' dir='ltr'>videlicet</span> <span class='ocrx_word' id='word_1_30' title='bbox 637 904 762 1002; x_wconf 91' lang='lat' dir='ltr'>quinta</span> <span class='ocrx_word' id='word_1_31' title='bbox 779 902 857 976; x_wconf 85' lang='lat' dir='ltr'>vice</span> <span class='ocrx_word' id='word_1_32' title='bbox 873 927 1068 1002; x_wconf 89' lang='lat' dir='ltr'>apparens,</span> <span class='ocrx_word' id='word_1_33' title='bbox 1087 917 1173 974; x_wconf 91' lang='lat' dir='ltr'>tunc</span> <span class='ocrx_word' id='word_1_34' title='bbox 1190 902 1362 1002; x_wconf 90' lang='lat' dir='ltr'>Spiritum</span> <span class='ocrx_word' id='word_1_35' title='bbox 1377 902 1481 976; x_wconf 88' lang='lat' dir='ltr'>daret</span> <span class='ocrx_word' id='word_1_36' title='bbox 1501 902 1538 974; x_wconf 91' lang='lat' dir='ltr'>in</span> <span class='ocrx_word' id='word_1_37' title='bbox 1556 915 1670 990; x_wconf 86' lang='lat' dir='ltr'>terra,</span> <span class='ocrx_word' id='word_1_38' title='bbox 1688 925 1797 999; x_wconf 89' lang='lat' dir='ltr'>quern</span> <span class='ocrx_word' id='word_1_39' title='bbox 1813 901 2043 1000; x_wconf 90' lang='lat' dir='ltr'>postmodum</span> 
     </span>
     <span class='ocr_line' id='line_1_5' title="bbox 458 1023 2040 1122; baseline 0.001 -28"><span class='ocrx_word' id='word_1_40' title='bbox 458 1024 502 1096; x_wconf 88' lang='lat' dir='ltr'>de</span> <span class='ocrx_word' id='word_1_41' title='bbox 519 1025 611 1098; x_wconf 91' lang='lat' dir='ltr'>coelo</span> <span class='ocrx_word' id='word_1_42' title='bbox 628 1026 799 1100; x_wconf 74' lang='lat' dir='ltr'>missurus</span> <span class='ocrx_word' id='word_1_43' title='bbox 815 1040 910 1115; x_wconf 90' lang='lat' dir='ltr'>erat,</span> <span class='ocrx_word' id='word_1_44' title='bbox 928 1025 1055 1122; x_wconf 87' lang='lat' dir='ltr'>quinta</span> <span class='ocrx_word' id='word_1_45' title='bbox 1075 1023 1122 1098; x_wconf 92' lang='lat' dir='ltr'>de</span> <span class='ocrx_word' id='word_1_46' title='bbox 1141 1023 1270 1098; x_wconf 90' lang='lat' dir='ltr'>eadem</span> <span class='ocrx_word' id='word_1_47' title='bbox 1294 1023 1486 1122; x_wconf 86' lang='lat' dir='ltr'>completa.</span> <span class='ocrx_word' id='word_1_48' title='bbox 1505 1027 1625 1111; x_wconf 88' lang='lat' dir='ltr'>Quam</span> <span class='ocrx_word' id='word_1_49' title='bbox 1648 1023 1796 1121; x_wconf 91' lang='lat' dir='ltr'>quidem</span> <span class='ocrx_word' id='word_1_50' title='bbox 1819 1024 2040 1113; x_wconf 86' lang='lat' dir='ltr'>missionem,</span> 
     </span>
     <span class='ocr_line' id='line_1_6' title="bbox 457 1142 2042 1245; baseline 0.001 -32"><span class='ocrx_word' id='word_1_51' title='bbox 457 1158 492 1213; x_wconf 92' lang='lat' dir='ltr'>et</span> <span class='ocrx_word' id='word_1_52' title='bbox 510 1169 719 1245; x_wconf 88' lang='lat' dir='ltr'>supremum</span> <span class='ocrx_word' id='word_1_53' title='bbox 734 1144 885 1244; x_wconf 86' lang='lat' dir='ltr'>Spiritus</span> <span class='ocrx_word' id='word_1_54' title='bbox 900 1145 1015 1218; x_wconf 85' lang='lat' dir='ltr'>sancti</span> <span class='ocrx_word' id='word_1_55' title='bbox 1031 1142 1246 1232; x_wconf 85' lang='lat' dir='ltr'>adventum,</span> <span class='ocrx_word' id='word_1_56' title='bbox 1264 1167 1373 1242; x_wconf 91' lang='lat' dir='ltr'>quem</span> <span class='ocrx_word' id='word_1_57' title='bbox 1390 1167 1487 1216; x_wconf 90' lang='lat' dir='ltr'>nnnc</span> <span class='ocrx_word' id='word_1_58' title='bbox 1503 1142 1673 1232; x_wconf 92' lang='lat' dir='ltr'>colimus,</span> <span class='ocrx_word' id='word_1_59' title='bbox 1691 1144 1768 1242; x_wconf 83' lang='lat' dir='ltr'>ipse</span> <span class='ocrx_word' id='word_1_60' title='bbox 1784 1158 1891 1224; x_wconf 79' lang='lat' dir='ltr'>antea</span> <span class='ocrx_word' id='word_1_61' title='bbox 1909 1145 2042 1241; x_wconf 90' lang='lat' dir='ltr'>promi·</span> 
     </span>
     <span class='ocr_line' id='line_1_7' title="bbox 456 1264 2041 1364; baseline -0.001 -26"><span class='ocrx_word' id='word_1_62' title='bbox 456 1281 563 1338; x_wconf 86' lang='lat' dir='ltr'>serat.</span> <span class='ocrx_word' id='word_1_63' title='bbox 585 1271 709 1364; x_wconf 80' lang='lat' dir='ltr'>«Ege,</span> <span class='ocrx_word' id='word_1_64' title='bbox 727 1296 745 1334; x_wconf 84' lang='grc' dir='ltr'>ιι</span> <span class='ocrx_word' id='word_1_65' title='bbox 765 1267 881 1363; x_wconf 91' lang='lat' dir='ltr'>iuquit</span> <span class='ocrx_word' id='word_1_66' title='bbox 896 1267 1065 1355; x_wconf 87' lang='lat' dir='ltr'>Veritas¹,</span> <span class='ocrx_word' id='word_1_67' title='bbox 1086 1295 1104 1334; x_wconf 82' lang='grc' dir='ltr'>ιι</span> <span class='ocrx_word' id='word_1_68' title='bbox 1116 1266 1303 1336; x_wconf 84' lang='lat' dir='ltr'>veritatem</span> <span class='ocrx_word' id='word_1_69' title='bbox 1320 1264 1403 1336; x_wconf 92' lang='lat' dir='ltr'>dico</span> <span class='ocrx_word' id='word_1_70' title='bbox 1418 1264 1547 1336; x_wconf 85' lang='lat' dir='ltr'>vobis:</span> <span class='ocrx_word' id='word_1_71' title='bbox 1566 1264 1709 1362; x_wconf 80' lang='lat' dir='ltr'>expedit</span> <span class='ocrx_word' id='word_1_72' title='bbox 1726 1264 1829 1336; x_wconf 92' lang='lat' dir='ltr'>vobis</span> <span class='ocrx_word' id='word_1_73' title='bbox 1845 1279 1884 1335; x_wconf 90' lang='lat' dir='ltr'>ut</span> <span class='ocrx_word' id='word_1_74' title='bbox 1899 1289 1967 1360; x_wconf 86' lang='lat' dir='ltr'>ego</span> <span class='ocrx_word' id='word_1_75' title='bbox 1982 1289 2041 1337; x_wconf 89' lang='lat' dir='ltr'>va·</span> 
     </span>
     <span class='ocr_line' id='line_1_8' title="bbox 457 1384 2041 1486; baseline 0 -30"><span class='ocrx_word' id='word_1_76' title='bbox 457 1384 554 1458; x_wconf 89' lang='lat' dir='ltr'>darn.</span> <span class='ocrx_word' id='word_1_77' title='bbox 574 1388 611 1459; x_wconf 93' lang='lat' dir='ltr'>Si</span> <span class='ocrx_word' id='word_1_78' title='bbox 626 1388 723 1459; x_wconf 87' lang='lat' dir='ltr'>enim</span> <span class='ocrx_word' id='word_1_79' title='bbox 740 1412 816 1460; x_wconf 89' lang='lat' dir='ltr'>nou</span> <span class='ocrx_word' id='word_1_80' title='bbox 833 1386 976 1474; x_wconf 87' lang='lat' dir='ltr'>abiem,</span> <span class='ocrx_word' id='word_1_81' title='bbox 990 1384 1181 1484; x_wconf 82' lang='lat' dir='ltr'>paraclitus</span> <span class='ocrx_word' id='word_1_82' title='bbox 1193 1409 1268 1456; x_wconf 90' lang='lat' dir='ltr'>non</span> <span class='ocrx_word' id='word_1_83' title='bbox 1280 1384 1401 1486; x_wconf 84' lang='lat' dir='ltr'>veniet</span> <span class='ocrx_word' id='word_1_84' title='bbox 1414 1385 1461 1456; x_wconf 89' lang='lat' dir='ltr'>ad</span> <span class='ocrx_word' id='word_1_85' title='bbox 1474 1409 1557 1472; x_wconf 83' lang='lat' dir='ltr'>vos3</span> <span class='ocrx_word' id='word_1_86' title='bbox 1574 1385 1604 1456; x_wconf 90' lang='lat' dir='ltr'>si</span> <span class='ocrx_word' id='word_1_87' title='bbox 1615 1399 1736 1456; x_wconf 80' lang='lat' dir='ltr'>autam</span> <span class='ocrx_word' id='word_1_88' title='bbox 1748 1384 1889 1473; x_wconf 89' lang='lat' dir='ltr'>abiero,</span> <span class='ocrx_word' id='word_1_89' title='bbox 1906 1385 2041 1456; x_wconf 89' lang='lat' dir='ltr'>mittam</span> 
     </span>
     <span class='ocr_line' id='line_1_9' title="bbox 456 1504 2041 1603; baseline -0.001 -24"><span class='ocrx_word' id='word_1_90' title='bbox 456 1533 539 1580; x_wconf 88' lang='lat' dir='ltr'>eum</span> <span class='ocrx_word' id='word_1_91' title='bbox 556 1507 603 1580; x_wconf 93' lang='lat' dir='ltr'>ad</span> <span class='ocrx_word' id='word_1_92' title='bbox 618 1533 723 1582; x_wconf 79' lang='lat' dir='ltr'>vos.»</span> <span class='ocrx_word' id='word_1_93' title='bbox 734 1512 822 1596; x_wconf 85' lang='lat' dir='ltr'>Quae</span> <span class='ocrx_word' id='word_1_94' title='bbox 837 1521 891 1580; x_wconf 92' lang='lat' dir='ltr'>cst</span> <span class='ocrx_word' id='word_1_95' title='bbox 906 1508 990 1596; x_wconf 89' lang='lat' dir='ltr'>ista,</span> <span class='ocrx_word' id='word_1_96' title='bbox 1009 1505 1174 1594; x_wconf 90' lang='lat' dir='ltr'>obsecro,</span> <span class='ocrx_word' id='word_1_97' title='bbox 1193 1506 1401 1596; x_wconf 84' lang='lat' dir='ltr'>necessitas,</span> <span class='ocrx_word' id='word_1_98' title='bbox 1416 1504 1462 1577; x_wconf 92' lang='lat' dir='ltr'>ad</span> <span class='ocrx_word' id='word_1_99' title='bbox 1478 1505 1630 1603; x_wconf 87' lang='lat' dir='ltr'>Spiritus</span> <span class='ocrx_word' id='word_1_100' title='bbox 1644 1505 1758 1577; x_wconf 91' lang='lat' dir='ltr'>sancti</span> <span class='ocrx_word' id='word_1_101' title='bbox 1773 1504 1986 1596; x_wconf 85' lang='lat' dir='ltr'>adventum,</span> <span class='ocrx_word' id='word_1_102' title='bbox 2004 1522 2041 1577; x_wconf 91' lang='lat' dir='ltr'>ut</span> 
     </span>
     <span class='ocr_line' id='line_1_10' title="bbox 456 1625 2039 1728; baseline -0.002 -27"><span class='ocrx_word' id='word_1_103' title='bbox 456 1630 555 1725; x_wconf 91' lang='lat' dir='ltr'>prius</span> <span class='ocrx_word' id='word_1_104' title='bbox 571 1629 670 1703; x_wconf 90' lang='lat' dir='ltr'>abire</span> <span class='ocrx_word' id='word_1_105' title='bbox 687 1643 852 1728; x_wconf 85' lang='lat' dir='ltr'>oporteat</span> <span class='ocrx_word' id='word_1_106' title='bbox 867 1627 1068 1699; x_wconf 84' lang='lat' dir='ltr'>Christum?</span> <span class='ocrx_word' id='word_1_107' title='bbox 1086 1626 1255 1724; x_wconf 89' lang='lat' dir='ltr'>Nunquid</span> <span class='ocrx_word' id='word_1_108' title='bbox 1270 1627 1309 1697; x_wconf 92' lang='lat' dir='ltr'>in</span> <span class='ocrx_word' id='word_1_109' title='bbox 1325 1642 1420 1698; x_wconf 92' lang='lat' dir='ltr'>terra</span> <span class='ocrx_word' id='word_1_110' title='bbox 1435 1627 1655 1715; x_wconf 80' lang='lat' dir='ltr'>consistens,</span> <span class='ocrx_word' id='word_1_111' title='bbox 1678 1650 1762 1699; x_wconf 90' lang='lat' dir='ltr'>eum</span> <span class='ocrx_word' id='word_1_112' title='bbox 1777 1625 1864 1700; x_wconf 87' lang='lat' dir='ltr'>dare</span> <span class='ocrx_word' id='word_1_113' title='bbox 1885 1653 1960 1699; x_wconf 91' lang='lat' dir='ltr'>non</span> <span class='ocrx_word' id='word_1_114' title='bbox 1977 1655 2039 1727; x_wconf 89' lang='lat' dir='ltr'>po-</span> 
     </span>
     <span class='ocr_line' id='line_1_11' title="bbox 456 1746 2039 1848; baseline 0 -28"><span class='ocrx_word' id='word_1_115' title='bbox 456 1763 565 1840; x_wconf 90' lang='lat' dir='ltr'>terat,</span> <span class='ocrx_word' id='word_1_116' title='bbox 583 1753 683 1847; x_wconf 84' lang='lat' dir='ltr'>cujus</span> <span class='ocrx_word' id='word_1_117' title='bbox 698 1749 961 1848; x_wconf 88' lang='lat' dir='ltr'>plenitudinem</span> <span class='ocrx_word' id='word_1_118' title='bbox 976 1749 1052 1846; x_wconf 91' lang='lat' dir='ltr'>ipse</span> <span class='ocrx_word' id='word_1_119' title='bbox 1065 1763 1209 1846; x_wconf 86' lang='lat' dir='ltr'>sernper</span> <span class='ocrx_word' id='word_1_120' title='bbox 1224 1746 1402 1820; x_wconf 73' lang='lat' dir='ltr'>habebat?</span> <span class='ocrx_word' id='word_1_121' title='bbox 1412 1747 1507 1835; x_wconf 90' lang='lat' dir='ltr'>Quid</span> <span class='ocrx_word' id='word_1_122' title='bbox 1524 1771 1640 1819; x_wconf 84' lang='lat' dir='ltr'>causae</span> <span class='ocrx_word' id='word_1_123' title='bbox 1656 1749 1787 1836; x_wconf 83' lang='lat' dir='ltr'>extitit,</span> <span class='ocrx_word' id='word_1_124' title='bbox 1807 1764 1847 1820; x_wconf 89' lang='lat' dir='ltr'>ut</span> <span class='ocrx_word' id='word_1_125' title='bbox 1863 1749 1899 1820; x_wconf 91' lang='lat' dir='ltr'>in</span> <span class='ocrx_word' id='word_1_126' title='bbox 1914 1750 2039 1820; x_wconf 84' lang='lat' dir='ltr'>coelum</span> 
     </span>
     <span class='ocr_line' id='line_1_12' title="bbox 456 1859 2041 1968; baseline 0.001 -27"><span class='ocrx_word' id='word_1_127' title='bbox 456 1870 683 1960; x_wconf 88' lang='lat' dir='ltr'>ascenderet,</span> <span class='ocrx_word' id='word_1_128' title='bbox 701 1885 875 1968; x_wconf 89' lang='lat' dir='ltr'>tanquam</span> <span class='ocrx_word' id='word_1_129' title='bbox 899 1869 1070 1942; x_wconf 90' lang='lat' dir='ltr'>missurus</span> <span class='ocrx_word' id='word_1_130' title='bbox 1092 1869 1263 1966; x_wconf 90' lang='lat' dir='ltr'>Spiritum</span> <span class='ocrx_word' id='word_1_131' title='bbox 1287 1867 1335 1940; x_wconf 85' lang='lat' dir='ltr'>de</span> <span class='ocrx_word' id='word_1_132' title='bbox 1358 1859 1576 1966; x_wconf 86' lang='lat' dir='ltr'>longinquo,</span> <span class='ocrx_word' id='word_1_133' title='bbox 1602 1892 1711 1964; x_wconf 89' lang='lat' dir='ltr'>quem</span> <span class='ocrx_word' id='word_1_134' title='bbox 1733 1867 1819 1940; x_wconf 87' lang='lat' dir='ltr'>dare</span> <span class='ocrx_word' id='word_1_135' title='bbox 1843 1884 1984 1967; x_wconf 88' lang='lat' dir='ltr'>poterat</span> <span class='ocrx_word' id='word_1_136' title='bbox 1999 1869 2041 1942; x_wconf 89' lang='lat' dir='ltr'>de</span> 
     </span>
     <span class='ocr_line' id='line_1_13' title="bbox 458 1985 2039 2085; baseline 0.001 -26"><span class='ocrx_word' id='word_1_137' title='bbox 458 1989 642 2085; x_wconf 84' lang='lat' dir='ltr'>proximo?</span> <span class='ocrx_word' id='word_1_138' title='bbox 659 1993 739 2062; x_wconf 88' lang='lat' dir='ltr'>Nou</span> <span class='ocrx_word' id='word_1_139' title='bbox 756 1985 853 2062; x_wconf 86' lang='lat' dir='ltr'>enim</span> <span class='ocrx_word' id='word_1_140' title='bbox 869 1987 992 2060; x_wconf 90' lang='lat' dir='ltr'>localis</span> <span class='ocrx_word' id='word_1_141' title='bbox 1008 2002 1062 2059; x_wconf 88' lang='lat' dir='ltr'>est</span> <span class='ocrx_word' id='word_1_142' title='bbox 1076 1987 1228 2085; x_wconf 92' lang='lat' dir='ltr'>Spiritus</span> <span class='ocrx_word' id='word_1_143' title='bbox 1244 2012 1319 2059; x_wconf 90' lang='lat' dir='ltr'>non</span> <span class='ocrx_word' id='word_1_144' title='bbox 1341 1987 1459 2060; x_wconf 91' lang='lat' dir='ltr'>solum</span> <span class='ocrx_word' id='word_1_145' title='bbox 1482 1986 1642 2076; x_wconf 75' lang='lat' dir='ltr'>divinuS,</span> <span class='ocrx_word' id='word_1_146' title='bbox 1661 1985 1725 2058; x_wconf 91' lang='lat' dir='ltr'>sed</span> <span class='ocrx_word' id='word_1_147' title='bbox 1750 2012 1816 2058; x_wconf 88' lang='lat' dir='ltr'>nec</span> <span class='ocrx_word' id='word_1_148' title='bbox 1842 1987 2039 2078; x_wconf 86' lang='lat' dir='ltr'>humanus,</span> 
     </span>
     <span class='ocr_line' id='line_1_14' title="bbox 458 2105 2035 2207; baseline 0.001 -28"><span class='ocrx_word' id='word_1_149' title='bbox 458 2133 525 2180; x_wconf 88' lang='lat' dir='ltr'>nec</span> <span class='ocrx_word' id='word_1_150' title='bbox 538 2133 640 2182; x_wconf 87' lang='lat' dir='ltr'>more</span> <span class='ocrx_word' id='word_1_151' title='bbox 655 2133 850 2207; x_wconf 90' lang='lat' dir='ltr'>corporum</span> <span class='ocrx_word' id='word_1_152' title='bbox 866 2107 1033 2206; x_wconf 89' lang='lat' dir='ltr'>spiritalis</span> <span class='ocrx_word' id='word_1_153' title='bbox 1049 2122 1177 2179; x_wconf 93' lang='lat' dir='ltr'>natura</span> <span class='ocrx_word' id='word_1_154' title='bbox 1195 2107 1334 2179; x_wconf 86' lang='lat' dir='ltr'>moveri</span> <span class='ocrx_word' id='word_1_155' title='bbox 1346 2106 1458 2179; x_wconf 87' lang='lat' dir='ltr'>habet</span> <span class='ocrx_word' id='word_1_156' title='bbox 1472 2105 1519 2177; x_wconf 90' lang='lat' dir='ltr'>de</span> <span class='ocrx_word' id='word_1_157' title='bbox 1534 2107 1616 2178; x_wconf 94' lang='lat' dir='ltr'>loco</span> <span class='ocrx_word' id='word_1_158' title='bbox 1636 2105 1683 2178; x_wconf 88' lang='lat' dir='ltr'>ad</span> <span class='ocrx_word' id='word_1_159' title='bbox 1699 2105 1834 2178; x_wconf 91' lang='lat' dir='ltr'>locum.</span> <span class='ocrx_word' id='word_1_160' title='bbox 1856 2109 2035 2196; x_wconf 74' lang='lat' dir='ltr'>«Caelum,</span> 
     </span>
     <span class='ocr_line' id='line_1_15' title="bbox 458 2210 2034 2328; baseline -0.003 -28"><span class='ocrx_word' id='word_1_161' title='bbox 458 2231 574 2328; x_wconf 90' lang='lat' dir='ltr'>inquit</span> <span class='ocrx_word' id='word_1_162' title='bbox 588 2234 704 2320; x_wconf 90' lang='lat' dir='ltr'>Deus,</span> <span class='ocrx_word' id='word_1_163' title='bbox 723 2245 759 2302; x_wconf 91' lang='lat' dir='ltr'>et</span> <span class='ocrx_word' id='word_1_164' title='bbox 775 2245 907 2304; x_wconf 84' lang='lat' dir='ltr'>terram</span> <span class='ocrx_word' id='word_1_165' title='bbox 925 2253 991 2325; x_wconf 87' lang='lat' dir='ltr'>ego</span> <span class='ocrx_word' id='word_1_166' title='bbox 1008 2227 1141 2326; x_wconf 89' lang='lat' dir='ltr'>impleo</span> <span class='ocrx_word' id='word_1_167' title='bbox 1151 2232 1174 2300; x_wconf 79' lang='lat'>².</span> <span class='ocrx_word' id='word_1_168' title='bbox 1191 2256 1209 2296; x_wconf 85' lang='grc' dir='ltr'>ιι</span> <span class='ocrx_word' id='word_1_169' title='bbox 1223 2232 1268 2301; x_wconf 88' lang='lat' dir='ltr'>Et</span> <span class='ocrx_word' id='word_1_170' title='bbox 1280 2210 1522 2301; x_wconf 47' lang='lat' dir='ltr'>sicnt&#39;Veritas</span> <span class='ocrx_word' id='word_1_171' title='bbox 1532 2229 1601 2300; x_wconf 86' lang='lat' dir='ltr'>ait⁸</span> <span class='ocrx_word' id='word_1_172' title='bbox 1617 2257 1632 2308; x_wconf 71' lang='grc' dir='ltr'>ε,</span> <span class='ocrx_word' id='word_1_173' title='bbox 1644 2256 1662 2296; x_wconf 79' lang='grc' dir='ltr'>ιι</span> <span class='ocrx_word' id='word_1_174' title='bbox 1674 2227 1825 2326; x_wconf 88' lang='lat' dir='ltr'>Spiritus</span> <span class='ocrx_word' id='word_1_175' title='bbox 1836 2243 1890 2300; x_wconf 90' lang='lat' dir='ltr'>est</span> <span class='ocrx_word' id='word_1_176' title='bbox 1901 2233 2007 2317; x_wconf 88' lang='lat' dir='ltr'>Dens,</span> <span class='ocrx_word' id='word_1_177' title='bbox 2020 2259 2034 2296; x_wconf 78' lang='grc' dir='ltr'>ι</span> 
     </span>
     <span class='ocr_line' id='line_1_16' title="bbox 457 2346 2036 2447; baseline -0.001 -28"><span class='ocrx_word' id='word_1_178' title='bbox 457 2349 520 2446; x_wconf 91' lang='lat' dir='ltr'>qni</span> <span class='ocrx_word' id='word_1_179' title='bbox 539 2377 557 2417; x_wconf 76' lang='grc' dir='ltr'>ιι</span> <span class='ocrx_word' id='word_1_180' title='bbox 575 2349 637 2422; x_wconf 91' lang='lat' dir='ltr'>ubi</span> <span class='ocrx_word' id='word_1_181' title='bbox 652 2348 730 2421; x_wconf 85' lang='lat' dir='ltr'>vult</span> <span class='ocrx_word' id='word_1_182' title='bbox 744 2349 872 2447; x_wconf 89' lang='lat' dir='ltr'>spirat,</span> <span class='ocrx_word' id='word_1_183' title='bbox 891 2346 1057 2420; x_wconf 87' lang='lat' dir='ltr'>dividens</span> <span class='ocrx_word' id='word_1_184' title='bbox 1072 2348 1219 2444; x_wconf 78' lang='lat' dir='ltr'>singulis</span> <span class='ocrx_word' id='word_1_185' title='bbox 1235 2363 1344 2446; x_wconf 92' lang='lat' dir='ltr'>prout</span> <span class='ocrx_word' id='word_1_186' title='bbox 1364 2347 1487 2420; x_wconf 83' lang='lat' dir='ltr'>vult.»</span> <span class='ocrx_word' id='word_1_187' title='bbox 1506 2348 1614 2445; x_wconf 88' lang='lat' dir='ltr'>Cujus</span> <span class='ocrx_word' id='word_1_188' title='bbox 1635 2349 1912 2425; x_wconf 88' lang='lat' dir='ltr'>immensitatem</span> <span class='ocrx_word' id='word_1_189' title='bbox 1931 2364 1966 2420; x_wconf 90' lang='lat' dir='ltr'>et</span> <span class='ocrx_word' id='word_1_190' title='bbox 1986 2349 2036 2420; x_wconf 91' lang='lat' dir='ltr'>di-</span> 
     </span>
     <span class='ocr_line' id='line_1_17' title="bbox 360 2469 2039 2570; baseline 0.002 -30"><span class='ocrx_word' id='word_1_191' title='bbox 360 2537 365 2553; x_wconf 84' lang='lat'>,</span> <span class='ocrx_word' id='word_1_192' title='bbox 457 2471 613 2544; x_wconf 74' lang='lat' dir='ltr'>vinitatis</span> <span class='ocrx_word' id='word_1_193' title='bbox 629 2472 830 2570; x_wconf 90' lang='lat' dir='ltr'>potentiam</span> <span class='ocrx_word' id='word_1_194' title='bbox 845 2470 934 2542; x_wconf 89' lang='lat' dir='ltr'>locis</span> <span class='ocrx_word' id='word_1_195' title='bbox 950 2469 1119 2542; x_wconf 86' lang='lat' dir='ltr'>omnihus</span> <span class='ocrx_word' id='word_1_196' title='bbox 1135 2469 1384 2570; x_wconf 65' lang='lat' dir='ltr'>presidentem</span> <span class='ocrx_word' id='word_1_197' title='bbox 1401 2469 1584 2542; x_wconf 89' lang='lat' dir='ltr'>Psalmista</span> <span class='ocrx_word' id='word_1_198' title='bbox 1599 2470 1841 2568; x_wconf 85' lang='lat' dir='ltr'>conspiciens,</span> <span class='ocrx_word' id='word_1_199' title='bbox 1861 2471 1907 2544; x_wconf 88' lang='lat' dir='ltr'>ad</span> <span class='ocrx_word' id='word_1_200' title='bbox 1923 2473 2039 2544; x_wconf 88' lang='lat' dir='ltr'>Domi·</span> 
     </span>
     <span class='ocr_line' id='line_1_18' title="bbox 458 2590 2036 2689; baseline 0.001 -27"><span class='ocrx_word' id='word_1_201' title='bbox 458 2612 546 2662; x_wconf 92' lang='lat' dir='ltr'>num</span> <span class='ocrx_word' id='word_1_202' title='bbox 563 2593 629 2666; x_wconf 68' lang='lat' dir='ltr'>ait*</span> <span class='ocrx_word' id='word_1_203' title='bbox 648 2620 656 2662; x_wconf 79' lang='grc' dir='ltr'><strong><em>ε</em></strong></span> <span class='ocrx_word' id='word_1_204' title='bbox 679 2595 794 2680; x_wconf 86' lang='lat' dir='ltr'>«Quo</span> <span class='ocrx_word' id='word_1_205' title='bbox 810 2590 872 2664; x_wconf 91' lang='lat' dir='ltr'>ibo</span> <span class='ocrx_word' id='word_1_206' title='bbox 889 2615 910 2662; x_wconf 92' lang='lat' dir='ltr'>a</span> <span class='ocrx_word' id='word_1_207' title='bbox 926 2590 1052 2688; x_wconf 92' lang='lat' dir='ltr'>spiritu</span> <span class='ocrx_word' id='word_1_208' title='bbox 1067 2605 1149 2680; x_wconf 90' lang='lat' dir='ltr'>tuo,</span> <span class='ocrx_word' id='word_1_209' title='bbox 1168 2606 1204 2662; x_wconf 91' lang='lat' dir='ltr'>et</span> <span class='ocrx_word' id='word_1_210' title='bbox 1218 2615 1293 2689; x_wconf 92' lang='lat' dir='ltr'>quo</span> <span class='ocrx_word' id='word_1_211' title='bbox 1310 2614 1331 2662; x_wconf 88' lang='lat' dir='ltr'>a</span> <span class='ocrx_word' id='word_1_212' title='bbox 1347 2591 1435 2663; x_wconf 85' lang='lat' dir='ltr'>lacic</span> <span class='ocrx_word' id='word_1_213' title='bbox 1457 2607 1520 2663; x_wconf 88' lang='lat' dir='ltr'>tua</span> <span class='ocrx_word' id='word_1_214' title='bbox 1545 2591 1698 2688; x_wconf 82' lang='lat' dir='ltr'>fugiam?</span> <span class='ocrx_word' id='word_1_215' title='bbox 1714 2591 1757 2665; x_wconf 72' lang='lat' dir='ltr'>si</span> <span class='ocrx_word' id='word_1_216' title='bbox 1782 2591 1978 2663; x_wconf 86' lang='lat' dir='ltr'>ascendero</span> <span class='ocrx_word' id='word_1_217' title='bbox 2002 2594 2036 2663; x_wconf 94' lang='lat' dir='ltr'>in</span> 
     </span>
     <span class='ocr_line' id='line_1_19' title="bbox 457 2709 2035 2809; baseline -0.001 -27"><span class='ocrx_word' id='word_1_218' title='bbox 457 2711 605 2803; x_wconf 83' lang='lat' dir='ltr'>coelum,</span> <span class='ocrx_word' id='word_1_219' title='bbox 625 2726 664 2784; x_wconf 92' lang='lat' dir='ltr'>tn</span> <span class='ocrx_word' id='word_1_220' title='bbox 680 2711 805 2784; x_wconf 89' lang='lat' dir='ltr'>illices</span> <span class='ocrx_word' id='word_1_221' title='bbox 826 2738 833 2782; x_wconf 75' lang='grc' dir='ltr'><strong>ε</strong></span> <span class='ocrx_word' id='word_1_222' title='bbox 853 2711 883 2784; x_wconf 88' lang='lat' dir='ltr'>si</span> <span class='ocrx_word' id='word_1_223' title='bbox 899 2709 1121 2783; x_wconf 86' lang='lat' dir='ltr'>descendero</span> <span class='ocrx_word' id='word_1_224' title='bbox 1140 2711 1178 2784; x_wconf 92' lang='lat' dir='ltr'>in</span> <span class='ocrx_word' id='word_1_225' title='bbox 1200 2711 1398 2800; x_wconf 80' lang='lat' dir='ltr'>infernum,</span> <span class='ocrx_word' id='word_1_226' title='bbox 1427 2712 1525 2784; x_wconf 90' lang='lat' dir='ltr'>ades.</span> <span class='ocrx_word' id='word_1_227' title='bbox 1546 2739 1564 2778; x_wconf 85' lang='grc' dir='ltr'>ιι</span> <span class='ocrx_word' id='word_1_228' title='bbox 1585 2715 1633 2782; x_wconf 77' lang='lat' dir='ltr'>Ac</span> <span class='ocrx_word' id='word_1_229' title='bbox 1657 2712 1687 2782; x_wconf 91' lang='lat' dir='ltr'>si</span> <span class='ocrx_word' id='word_1_230' title='bbox 1711 2725 1832 2809; x_wconf 89' lang='lat' dir='ltr'>aperte</span> <span class='ocrx_word' id='word_1_231' title='bbox 1859 2711 1956 2783; x_wconf 88' lang='lat' dir='ltr'>dicat</span> <span class='ocrx_word' id='word_1_232' title='bbox 1978 2713 2035 2782; x_wconf 91' lang='lat' dir='ltr'>:Si</span> 
     </span>
     <span class='ocr_line' id='line_1_20' title="bbox 457 2830 2035 2930; baseline 0.001 -28"><span class='ocrx_word' id='word_1_233' title='bbox 457 2855 596 2904; x_wconf 90' lang='lat' dir='ltr'>summa</span> <span class='ocrx_word' id='word_1_234' title='bbox 612 2847 674 2905; x_wconf 92' lang='lat' dir='ltr'>tua</span> <span class='ocrx_word' id='word_1_235' title='bbox 689 2831 849 2922; x_wconf 88' lang='lat' dir='ltr'>bonitas,</span> <span class='ocrx_word' id='word_1_236' title='bbox 868 2830 914 2902; x_wconf 94' lang='lat' dir='ltr'>de</span> <span class='ocrx_word' id='word_1_237' title='bbox 930 2856 1004 2929; x_wconf 92' lang='lat' dir='ltr'>quo</span> <span class='ocrx_word' id='word_1_238' title='bbox 1026 2830 1114 2903; x_wconf 93' lang='lat' dir='ltr'>illud</span> <span class='ocrx_word' id='word_1_239' title='bbox 1135 2834 1206 2904; x_wconf 68' lang='lat' dir='ltr'>est⁸</span> <span class='ocrx_word' id='word_1_240' title='bbox 1225 2861 1233 2902; x_wconf 92' lang='lat'>:</span> <span class='ocrx_word' id='word_1_241' title='bbox 1255 2862 1273 2900; x_wconf 82' lang='grc' dir='ltr'>ιι</span> <span class='ocrx_word' id='word_1_242' title='bbox 1289 2831 1461 2904; x_wconf 81' lang='lat' dir='ltr'>Dilexisti</span> <span class='ocrx_word' id='word_1_243' title='bbox 1468 2832 1660 2929; x_wconf 88' lang='lat' dir='ltr'>justitiam,</span> <span class='ocrx_word' id='word_1_244' title='bbox 1684 2843 1719 2903; x_wconf 86' lang='lat' dir='ltr'>et</span> <span class='ocrx_word' id='word_1_245' title='bbox 1744 2831 1850 2903; x_wconf 84' lang='lat' dir='ltr'>odisti</span> <span class='ocrx_word' id='word_1_246' title='bbox 1873 2832 2035 2930; x_wconf 89' lang='lat' dir='ltr'>iniquita·</span> 
     </span>
     <span class='ocr_line' id='line_1_21' title="bbox 458 2949 2034 3050; baseline 0.001 -28"><span class='ocrx_word' id='word_1_247' title='bbox 458 2967 548 3041; x_wconf 90' lang='lat' dir='ltr'>tem,</span> <span class='ocrx_word' id='word_1_248' title='bbox 562 2980 579 3018; x_wconf 86' lang='grc' dir='ltr'>ιι</span> <span class='ocrx_word' id='word_1_249' title='bbox 595 2952 683 3024; x_wconf 91' lang='lat' dir='ltr'>meis</span> <span class='ocrx_word' id='word_1_250' title='bbox 699 2967 734 3024; x_wconf 92' lang='lat' dir='ltr'>te</span> <span class='ocrx_word' id='word_1_251' title='bbox 750 2951 905 3050; x_wconf 88' lang='lat' dir='ltr'>peccatis</span> <span class='ocrx_word' id='word_1_252' title='bbox 921 2952 1052 3024; x_wconf 88' lang='lat' dir='ltr'>iratum</span> <span class='ocrx_word' id='word_1_253' title='bbox 1068 2949 1282 3042; x_wconf 88' lang='lat' dir='ltr'>reddiderit,</span> <span class='ocrx_word' id='word_1_254' title='bbox 1301 2977 1374 3050; x_wconf 91' lang='lat' dir='ltr'>qno</span> <span class='ocrx_word' id='word_1_255' title='bbox 1390 2951 1479 3024; x_wconf 93' lang='lat' dir='ltr'>mihi</span> <span class='ocrx_word' id='word_1_256' title='bbox 1496 2950 1632 3050; x_wconf 88' lang='lat' dir='ltr'>patebit</span> <span class='ocrx_word' id='word_1_257' title='bbox 1642 2951 1857 3049; x_wconf 81' lang='lat' dir='ltr'>apraescntia</span> <span class='ocrx_word' id='word_1_258' title='bbox 1870 2967 1931 3023; x_wconf 89' lang='lat' dir='ltr'>tna</span> <span class='ocrx_word' id='word_1_259' title='bbox 1941 2951 2034 3024; x_wconf 88' lang='lat' dir='ltr'>locus</span> 
     </span>
     <span class='ocr_line' id='line_1_22' title="bbox 457 3071 2034 3172; baseline 0.001 -30"><span class='ocrx_word' id='word_1_260' title='bbox 457 3071 636 3169; x_wconf 80' lang='lat' dir='ltr'>iirgiendi?</span> <span class='ocrx_word' id='word_1_261' title='bbox 656 3072 793 3145; x_wconf 53' lang='lat' dir='ltr'>veli...</span> <span class='ocrx_word' id='word_1_262' title='bbox 817 3087 880 3145; x_wconf 85' lang='lat' dir='ltr'>tua</span> <span class='ocrx_word' id='word_1_263' title='bbox 904 3071 1046 3144; x_wconf 89' lang='lat' dir='ltr'>abditus</span> <span class='ocrx_word' id='word_1_264' title='bbox 1071 3071 1339 3145; x_wconf 77' lang='lat' dir='ltr'>abscondendi?</span> <span class='ocrx_word' id='word_1_265' title='bbox 1356 3076 1472 3161; x_wconf 89' lang='lat' dir='ltr'>Quem</span> <span class='ocrx_word' id='word_1_266' title='bbox 1496 3072 1618 3144; x_wconf 89' lang='lat' dir='ltr'>statim</span> <span class='ocrx_word' id='word_1_267' title='bbox 1641 3097 1707 3172; x_wconf 88' lang='lat' dir='ltr'>per</span> <span class='ocrx_word' id='word_1_268' title='bbox 1731 3072 1826 3144; x_wconf 88' lang='lat' dir='ltr'>hanc</span> <span class='ocrx_word' id='word_1_269' title='bbox 1849 3073 2034 3144; x_wconf 87' lang='lat' dir='ltr'>incircum-</span> 
     </span>
     <span class='ocr_line' id='line_1_23' title="bbox 456 3189 2035 3310; baseline 0 -48"><span class='ocrx_word' id='word_1_270' title='bbox 456 3192 577 3290; x_wconf 89' lang='lat' dir='ltr'>scripti</span> <span class='ocrx_word' id='word_1_271' title='bbox 593 3193 737 3289; x_wconf 91' lang='lat' dir='ltr'>spiritus</span> <span class='ocrx_word' id='word_1_272' title='bbox 752 3191 807 3264; x_wconf 90' lang='lat' dir='ltr'>sni</span> <span class='ocrx_word' id='word_1_273' title='bbox 817 3191 1039 3289; x_wconf 88' lang='lat' dir='ltr'>majestatem</span> <span class='ocrx_word' id='word_1_274' title='bbox 1049 3191 1185 3290; x_wconf 88' lang='lat' dir='ltr'>ubique</span> <span class='ocrx_word' id='word_1_275' title='bbox 1198 3193 1422 3292; x_wconf 90' lang='lat' dir='ltr'>conspiciens</span> <span class='ocrx_word' id='word_1_276' title='bbox 1432 3189 1824 3310; x_wconf 30' lang='lat' dir='ltr'>praesentemqadjecit:</span> <span class='ocrx_word' id='word_1_277' title='bbox 1843 3221 1861 3260; x_wconf 83' lang='grc' dir='ltr'>ιι</span> <span class='ocrx_word' id='word_1_278' title='bbox 1873 3193 1910 3263; x_wconf 94' lang='lat' dir='ltr'>Si</span> <span class='ocrx_word' id='word_1_279' title='bbox 1923 3217 2035 3264; x_wconf 88' lang='lat' dir='ltr'>ascen·</span> 
     </span>
     <span class='ocr_line' id='line_1_24' title="bbox 457 3310 2032 3408; baseline 0.001 -27"><span class='ocrx_word' id='word_1_280' title='bbox 457 3311 546 3382; x_wconf 88' lang='lat' dir='ltr'>dero</span> <span class='ocrx_word' id='word_1_281' title='bbox 562 3311 599 3382; x_wconf 92' lang='lat' dir='ltr'>in</span> <span class='ocrx_word' id='word_1_282' title='bbox 614 3310 762 3400; x_wconf 87' lang='lat' dir='ltr'>coelum,</span> <span class='ocrx_word' id='word_1_283' title='bbox 779 3326 873 3383; x_wconf 87' lang='lat' dir='ltr'>eto.»</span> <span class='ocrx_word' id='word_1_284' title='bbox 887 3315 1072 3408; x_wconf 86' lang='lat' dir='ltr'>Tanquam</span> <span class='ocrx_word' id='word_1_285' title='bbox 1083 3312 1113 3383; x_wconf 92' lang='lat' dir='ltr'>si</span> <span class='ocrx_word' id='word_1_286' title='bbox 1125 3311 1261 3384; x_wconf 90' lang='lat' dir='ltr'>diceret</span> <span class='ocrx_word' id='word_1_287' title='bbox 1274 3339 1281 3382; x_wconf 91' lang='lat'>:</span> <span class='ocrx_word' id='word_1_288' title='bbox 1293 3310 1416 3384; x_wconf 90' lang='lat' dir='ltr'>Nullus</span> <span class='ocrx_word' id='word_1_289' title='bbox 1432 3312 1520 3386; x_wconf 90' lang='lat' dir='ltr'>mihi</span> <span class='ocrx_word' id='word_1_290' title='bbox 1538 3326 1635 3384; x_wconf 91' lang='lat' dir='ltr'>tutus</span> <span class='ocrx_word' id='word_1_291' title='bbox 1648 3311 1748 3382; x_wconf 93' lang='lat' dir='ltr'>locus</span> <span class='ocrx_word' id='word_1_292' title='bbox 1761 3311 1904 3407; x_wconf 80' lang='lat' dir='ltr'>refugii,</span> <span class='ocrx_word' id='word_1_293' title='bbox 1918 3313 2032 3384; x_wconf 84' lang='lat' dir='ltr'>tamin</span> 
     </span>
     <span class='ocr_line' id='line_1_25' title="bbox 456 3429 2035 3530; baseline 0.003 -30"><span class='ocrx_word' id='word_1_294' title='bbox 456 3429 619 3527; x_wconf 89' lang='lat' dir='ltr'>supernis</span> <span class='ocrx_word' id='word_1_295' title='bbox 635 3454 745 3528; x_wconf 89' lang='lat' dir='ltr'>quarn</span> <span class='ocrx_word' id='word_1_296' title='bbox 769 3432 805 3501; x_wconf 91' lang='lat' dir='ltr'>in</span> <span class='ocrx_word' id='word_1_297' title='bbox 831 3429 980 3519; x_wconf 83' lang='lat' dir='ltr'>infimis,</span> <span class='ocrx_word' id='word_1_298' title='bbox 1007 3456 1121 3528; x_wconf 91' lang='lat' dir='ltr'>quum</span> <span class='ocrx_word' id='word_1_299' title='bbox 1147 3457 1205 3503; x_wconf 91' lang='lat' dir='ltr'>me</span> <span class='ocrx_word' id='word_1_300' title='bbox 1230 3433 1395 3530; x_wconf 90' lang='lat' dir='ltr'>persequi</span> <span class='ocrx_word' id='word_1_301' title='bbox 1419 3431 1638 3522; x_wconf 87' lang='lat' dir='ltr'>decreveris,</span> <span class='ocrx_word' id='word_1_302' title='bbox 1668 3457 1781 3530; x_wconf 89' lang='lat' dir='ltr'>quum</span> <span class='ocrx_word' id='word_1_303' title='bbox 1805 3432 1852 3502; x_wconf 95' lang='lat' dir='ltr'>ad</span> <span class='ocrx_word' id='word_1_304' title='bbox 1875 3431 2035 3530; x_wconf 82' lang='lat' dir='ltr'>quaelibet</span> 
     </span>
     <span class='ocr_line' id='line_1_26' title="bbox 451 3547 2031 3649; baseline 0.002 -30"><span class='ocrx_word' id='word_1_305' title='bbox 451 3547 592 3646; x_wconf 85' lang='lat' dir='ltr'>agenda</span> <span class='ocrx_word' id='word_1_306' title='bbox 605 3549 672 3621; x_wconf 89' lang='lat' dir='ltr'>tibi</span> <span class='ocrx_word' id='word_1_307' title='bbox 692 3550 764 3621; x_wconf 89' lang='lat' dir='ltr'>sint</span> <span class='ocrx_word' id='word_1_308' title='bbox 785 3565 914 3622; x_wconf 89' lang='lat' dir='ltr'>cuncta</span> <span class='ocrx_word' id='word_1_309' title='bbox 935 3549 1016 3622; x_wconf 90' lang='lat' dir='ltr'>loca</span> <span class='ocrx_word' id='word_1_310' title='bbox 1035 3551 1234 3648; x_wconf 88' lang='lat' dir='ltr'>praesentia.</span> <span class='ocrx_word' id='word_1_311' title='bbox 1253 3551 1417 3648; x_wconf 90' lang='lat' dir='ltr'>Denique</span> <span class='ocrx_word' id='word_1_312' title='bbox 1440 3565 1476 3623; x_wconf 93' lang='lat' dir='ltr'>et</span> <span class='ocrx_word' id='word_1_313' title='bbox 1498 3552 1536 3624; x_wconf 92' lang='lat' dir='ltr'>in</span> <span class='ocrx_word' id='word_1_314' title='bbox 1561 3553 1639 3649; x_wconf 89' lang='lat' dir='ltr'>ipso</span> <span class='ocrx_word' id='word_1_315' title='bbox 1666 3549 1724 3623; x_wconf 87' lang='lat' dir='ltr'>dic</span> <span class='ocrx_word' id='word_1_316' title='bbox 1749 3553 2031 3648; x_wconf 87' lang='lat' dir='ltr'>resurrectionis,</span> 
     </span>
     <span class='ocr_line' id='line_1_27' title="bbox 452 3667 2033 3769; baseline 0.002 -32"><span class='ocrx_word' id='word_1_317' title='bbox 452 3683 491 3740; x_wconf 94' lang='lat' dir='ltr'>ut</span> <span class='ocrx_word' id='word_1_318' title='bbox 503 3667 579 3763; x_wconf 88' lang='lat' dir='ltr'>jam</span> <span class='ocrx_word' id='word_1_319' title='bbox 600 3689 706 3766; x_wconf 88' lang='lat' dir='ltr'>supra</span> <span class='ocrx_word' id='word_1_320' title='bbox 719 3669 973 3764; x_wconf 80' lang='lat' dir='ltr'>meminimus,</span> <span class='ocrx_word' id='word_1_321' title='bbox 1002 3670 1172 3768; x_wconf 87' lang='lat' dir='ltr'>Spiritum</span> <span class='ocrx_word' id='word_1_322' title='bbox 1197 3685 1361 3742; x_wconf 90' lang='lat' dir='ltr'>sanctum</span> <span class='ocrx_word' id='word_1_323' title='bbox 1386 3669 1432 3742; x_wconf 84' lang='lat' dir='ltr'>ab</span> <span class='ocrx_word' id='word_1_324' title='bbox 1455 3695 1500 3742; x_wconf 88' lang='lat' dir='ltr'>eo</span> <span class='ocrx_word' id='word_1_325' title='bbox 1526 3670 1697 3769; x_wconf 90' lang='lat' dir='ltr'>apostolis</span> <span class='ocrx_word' id='word_1_326' title='bbox 1722 3669 1847 3741; x_wconf 94' lang='lat' dir='ltr'>datum</span> <span class='ocrx_word' id='word_1_327' title='bbox 1869 3694 1945 3742; x_wconf 89' lang='lat' dir='ltr'>esse</span> <span class='ocrx_word' id='word_1_328' title='bbox 1971 3695 2033 3741; x_wconf 94' lang='lat' dir='ltr'>no·</span> 
     </span>
     <span class='ocr_line' id='line_1_28' title="bbox 453 3809 1742 3870; baseline -0.001 -12"><span class='ocrx_word' id='word_1_329' title='bbox 453 3809 580 3858; x_wconf 79' lang='lat' dir='ltr'>vimus.</span> <span class='ocrx_word' id='word_1_330' title='bbox 1739 3865 1742 3870; x_wconf 55' lang='grc'>,</span> 
     </span>
    </p>

    <p class='ocr_par' dir='ltr' id='par_1_3' title="bbox 450 3892 2105 4848">
     <span class='ocr_line' id='line_1_29' title="bbox 500 3892 2105 4008; baseline 0.002 -30"><span class='ocrx_word' id='word_1_331' title='bbox 500 3907 570 3996; x_wconf 85' lang='lat' dir='ltr'>Qui</span> <span class='ocrx_word' id='word_1_332' title='bbox 587 3931 672 4004; x_wconf 85' lang='lat' dir='ltr'>ergo</span> <span class='ocrx_word' id='word_1_333' title='bbox 685 3909 761 4003; x_wconf 88' lang='lat' dir='ltr'>jam</span> <span class='ocrx_word' id='word_1_334' title='bbox 777 3906 926 3981; x_wconf 90' lang='lat' dir='ltr'>dederat</span> <span class='ocrx_word' id='word_1_335' title='bbox 942 3911 979 3980; x_wconf 91' lang='lat' dir='ltr'>in</span> <span class='ocrx_word' id='word_1_336' title='bbox 995 3923 1090 3982; x_wconf 89' lang='lat' dir='ltr'>terra</span> <span class='ocrx_word' id='word_1_337' title='bbox 1104 3911 1286 4008; x_wconf 91' lang='lat' dir='ltr'>spiritum,</span> <span class='ocrx_word' id='word_1_338' title='bbox 1305 3908 1393 4008; x_wconf 91' lang='lat' dir='ltr'>quid</span> <span class='ocrx_word' id='word_1_339' title='bbox 1409 3908 1455 3981; x_wconf 88' lang='lat' dir='ltr'>ad</span> <span class='ocrx_word' id='word_1_340' title='bbox 1473 3933 1555 3980; x_wconf 90' lang='lat' dir='ltr'>eum</span> <span class='ocrx_word' id='word_1_341' title='bbox 1571 3911 1702 3981; x_wconf 89' lang='lat' dir='ltr'>iterum</span> <span class='ocrx_word' id='word_1_342' title='bbox 1718 3907 1880 3981; x_wconf 92' lang='lat' dir='ltr'>dandum</span> <span class='ocrx_word' id='word_1_343' title='bbox 1896 3934 2035 3981; x_wconf 88' lang='lat' dir='ltr'>neccsse</span> <span class='ocrx_word' id='word_1_344' title='bbox 2099 3892 2105 3900; x_wconf 41' lang='lat'>¹</span> 
     </span>
     <span class='ocr_line' id='line_1_30' title="bbox 452 4025 2033 4127; baseline 0.003 -33"><span class='ocrx_word' id='word_1_345' title='bbox 452 4025 517 4098; x_wconf 85' lang='lat' dir='ltr'>suit</span> <span class='ocrx_word' id='word_1_346' title='bbox 538 4052 620 4100; x_wconf 89' lang='lat' dir='ltr'>enm</span> <span class='ocrx_word' id='word_1_347' title='bbox 641 4026 835 4100; x_wconf 88' lang='lat' dir='ltr'>ascendere</span> <span class='ocrx_word' id='word_1_348' title='bbox 854 4029 892 4102; x_wconf 91' lang='lat' dir='ltr'>in</span> <span class='ocrx_word' id='word_1_349' title='bbox 914 4028 1063 4120; x_wconf 80' lang='lat' dir='ltr'>ceolum,</span> <span class='ocrx_word' id='word_1_350' title='bbox 1082 4044 1256 4127; x_wconf 88' lang='lat' dir='ltr'>tanquam</span> <span class='ocrx_word' id='word_1_351' title='bbox 1271 4053 1355 4102; x_wconf 90' lang='lat' dir='ltr'>eum</span> <span class='ocrx_word' id='word_1_352' title='bbox 1371 4028 1420 4100; x_wconf 92' lang='lat' dir='ltr'>ibi</span> <span class='ocrx_word' id='word_1_353' title='bbox 1437 4029 1627 4127; x_wconf 89' lang='lat' dir='ltr'>reperiret,</span> <span class='ocrx_word' id='word_1_354' title='bbox 1651 4052 1760 4126; x_wconf 88' lang='lat' dir='ltr'>quem</span> <span class='ocrx_word' id='word_1_355' title='bbox 1785 4027 1822 4099; x_wconf 93' lang='lat' dir='ltr'>in</span> <span class='ocrx_word' id='word_1_356' title='bbox 1848 4043 1943 4102; x_wconf 90' lang='lat' dir='ltr'>terra</span> <span class='ocrx_word' id='word_1_357' title='bbox 1964 4053 2033 4099; x_wconf 92' lang='lat' dir='ltr'>non</span> 
     </span>
     <span class='ocr_line' id='line_1_31' title="bbox 452 4145 2034 4247; baseline 0.001 -32"><span class='ocrx_word' id='word_1_358' title='bbox 452 4145 613 4237; x_wconf 87' lang='lat' dir='ltr'>haberet,</span> <span class='ocrx_word' id='word_1_359' title='bbox 632 4163 694 4220; x_wconf 88' lang='lat' dir='ltr'>aut</span> <span class='ocrx_word' id='word_1_360' title='bbox 709 4147 794 4220; x_wconf 92' lang='lat' dir='ltr'>inde</span> <span class='ocrx_word' id='word_1_361' title='bbox 810 4145 911 4218; x_wconf 91' lang='lat' dir='ltr'>illum</span> <span class='ocrx_word' id='word_1_362' title='bbox 927 4149 1097 4238; x_wconf 87' lang='lat' dir='ltr'>mitteret,</span> <span class='ocrx_word' id='word_1_363' title='bbox 1111 4173 1219 4247; x_wconf 90' lang='lat' dir='ltr'>quern</span> <span class='ocrx_word' id='word_1_364' title='bbox 1236 4149 1272 4218; x_wconf 92' lang='lat' dir='ltr'>in</span> <span class='ocrx_word' id='word_1_365' title='bbox 1291 4163 1383 4220; x_wconf 90' lang='lat' dir='ltr'>terra</span> <span class='ocrx_word' id='word_1_366' title='bbox 1396 4148 1473 4245; x_wconf 87' lang='lat' dir='ltr'>jam</span> <span class='ocrx_word' id='word_1_367' title='bbox 1484 4149 1575 4221; x_wconf 91' lang='lat' dir='ltr'>sicut</span> <span class='ocrx_word' id='word_1_368' title='bbox 1591 4148 1690 4246; x_wconf 91' lang='lat' dir='ltr'>prius</span> <span class='ocrx_word' id='word_1_369' title='bbox 1706 4147 1752 4219; x_wconf 90' lang='lat' dir='ltr'>de</span> <span class='ocrx_word' id='word_1_370' title='bbox 1767 4173 1807 4219; x_wconf 88' lang='lat' dir='ltr'>se</span> <span class='ocrx_word' id='word_1_371' title='bbox 1821 4145 2034 4223; x_wconf 82' lang='lat' dir='ltr'>insulilando</span> 
     </span>
     <span class='ocr_line' id='line_1_32' title="bbox 451 4263 2031 4367; baseline -0.001 -31"><span class='ocrx_word' id='word_1_372' title='bbox 451 4265 536 4340; x_wconf 88' lang='lat' dir='ltr'>dare</span> <span class='ocrx_word' id='word_1_373' title='bbox 551 4291 626 4343; x_wconf 89' lang='lat' dir='ltr'>non</span> <span class='ocrx_word' id='word_1_374' title='bbox 638 4283 779 4367; x_wconf 89' lang='lat' dir='ltr'>posset;</span> <span class='ocrx_word' id='word_1_375' title='bbox 795 4266 902 4358; x_wconf 87' lang='lat' dir='ltr'>adeo,</span> <span class='ocrx_word' id='word_1_376' title='bbox 915 4263 1079 4365; x_wconf 88' lang='lat' dir='ltr'>inquam,</span> <span class='ocrx_word' id='word_1_377' title='bbox 1092 4293 1235 4340; x_wconf 85' lang='lat' dir='ltr'>neccsse</span> <span class='ocrx_word' id='word_1_378' title='bbox 1252 4265 1317 4340; x_wconf 87' lang='lat' dir='ltr'>luit</span> <span class='ocrx_word' id='word_1_379' title='bbox 1332 4268 1519 4339; x_wconf 90' lang='lat' dir='ltr'>utdiceret</span> <span class='ocrx_word' id='word_1_380' title='bbox 1534 4295 1541 4339; x_wconf 94' lang='lat'>:</span> <span class='ocrx_word' id='word_1_381' title='bbox 1559 4267 1663 4340; x_wconf 88' lang='lat' dir='ltr'>«Nisi</span> <span class='ocrx_word' id='word_1_382' title='bbox 1679 4292 1746 4365; x_wconf 82' lang='lat' dir='ltr'>ego</span> <span class='ocrx_word' id='word_1_383' title='bbox 1762 4267 1901 4356; x_wconf 85' lang='lat' dir='ltr'>abiero,</span> <span class='ocrx_word' id='word_1_384' title='bbox 1918 4269 2031 4340; x_wconf 68' lang='lat' dir='ltr'>etei»</span> 
     </span>
     <span class='ocr_line' id='line_1_33' title="bbox 452 4386 2031 4487; baseline 0.002 -31"><span class='ocrx_word' id='word_1_385' title='bbox 452 4389 519 4458; x_wconf 81' lang='lat' dir='ltr'>Aut</span> <span class='ocrx_word' id='word_1_386' title='bbox 535 4386 692 4460; x_wconf 87' lang='lat' dir='ltr'>fortassis</span> <span class='ocrx_word' id='word_1_387' title='bbox 707 4387 784 4460; x_wconf 85' lang='lat' dir='ltr'>haec</span> <span class='ocrx_word' id='word_1_388' title='bbox 801 4387 923 4459; x_wconf 88' lang='lat' dir='ltr'>missio</span> <span class='ocrx_word' id='word_1_389' title='bbox 939 4389 1089 4486; x_wconf 92' lang='lat' dir='ltr'>Spiritus</span> <span class='ocrx_word' id='word_1_390' title='bbox 1105 4389 1268 4487; x_wconf 90' lang='lat' dir='ltr'>superior</span> <span class='ocrx_word' id='word_1_391' title='bbox 1284 4388 1350 4460; x_wconf 85' lang='lat' dir='ltr'>fuit</span> <span class='ocrx_word' id='word_1_392' title='bbox 1366 4413 1407 4460; x_wconf 87' lang='lat' dir='ltr'>ac</span> <span class='ocrx_word' id='word_1_393' title='bbox 1425 4389 1553 4486; x_wconf 84' lang='lat' dir='ltr'>major,</span> <span class='ocrx_word' id='word_1_394' title='bbox 1567 4388 1668 4462; x_wconf 90' lang='lat' dir='ltr'>ut.de</span> <span class='ocrx_word' id='word_1_395' title='bbox 1684 4387 1777 4461; x_wconf 87' lang='lat' dir='ltr'>coelo</span> <span class='ocrx_word' id='word_1_396' title='bbox 1794 4388 1916 4461; x_wconf 91' lang='lat' dir='ltr'>danda</span> <span class='ocrx_word' id='word_1_397' title='bbox 1932 4404 2031 4475; x_wconf 89' lang='lat' dir='ltr'>esset,</span> 
     </span>
     <span class='ocr_line' id='line_1_34' title="bbox 450 4507 2032 4608; baseline 0.003 -34"><span class='ocrx_word' id='word_1_398' title='bbox 450 4531 568 4602; x_wconf 91' lang='lat' dir='ltr'>quarn·</span> <span class='ocrx_word' id='word_1_399' title='bbox 587 4507 675 4579; x_wconf 90' lang='lat' dir='ltr'>illud</span> <span class='ocrx_word' id='word_1_400' title='bbox 701 4507 912 4606; x_wconf 81' lang='lat' dir='ltr'>praedictum</span> <span class='ocrx_word' id='word_1_401' title='bbox 937 4507 1075 4582; x_wconf 91' lang='lat' dir='ltr'>donum</span> <span class='ocrx_word' id='word_1_402' title='bbox 1105 4509 1142 4580; x_wconf 93' lang='lat' dir='ltr'>in</span> <span class='ocrx_word' id='word_1_403' title='bbox 1173 4509 1382 4581; x_wconf 84' lang='lat' dir='ltr'>remissione</span> <span class='ocrx_word' id='word_1_404' title='bbox 1407 4524 1638 4608; x_wconf 86' lang='lat' dir='ltr'>peccatorum</span> <span class='ocrx_word' id='word_1_405' title='bbox 1665 4534 1730 4608; x_wconf 91' lang='lat' dir='ltr'>per</span> <span class='ocrx_word' id='word_1_406' title='bbox 1759 4509 2032 4582; x_wconf 82' lang='lat' dir='ltr'>insufflationem</span> 
     </span>
     <span class='ocr_line' id='line_1_35' title="bbox 451 4627 2031 4728; baseline 0.001 -30"><span class='ocrx_word' id='word_1_407' title='bbox 451 4629 621 4724; x_wconf 88' lang='lat' dir='ltr'>apostolis</span> <span class='ocrx_word' id='word_1_408' title='bbox 646 4629 682 4701; x_wconf 92' lang='lat' dir='ltr'>in</span> <span class='ocrx_word' id='word_1_409' title='bbox 709 4644 804 4701; x_wconf 88' lang='lat' dir='ltr'>terra</span> <span class='ocrx_word' id='word_1_410' title='bbox 828 4627 1012 4704; x_wconf 90' lang='lat' dir='ltr'>collatum.</span> <span class='ocrx_word' id='word_1_411' title='bbox 1037 4633 1172 4703; x_wconf 82' lang='lat' dir='ltr'>Revera</span> <span class='ocrx_word' id='word_1_412' title='bbox 1192 4629 1299 4728; x_wconf 85' lang='lat' dir='ltr'>longe</span> <span class='ocrx_word' id='word_1_413' title='bbox 1323 4631 1487 4728; x_wconf 92' lang='lat' dir='ltr'>superior</span> <span class='ocrx_word' id='word_1_414' title='bbox 1507 4646 1543 4703; x_wconf 88' lang='lat' dir='ltr'>et</span> <span class='ocrx_word' id='word_1_415' title='bbox 1564 4631 1781 4703; x_wconf 89' lang='lat' dir='ltr'>eminentior</span> <span class='ocrx_word' id='word_1_416' title='bbox 1799 4630 1988 4728; x_wconf 85' lang='lat' dir='ltr'>dignitate,</span> <span class='ocrx_word' id='word_1_417' title='bbox 2005 4631 2031 4702; x_wconf 90' lang='lat' dir='ltr'>si</span> 
     </span>
     <span class='ocr_line' id='line_1_36' title="bbox 451 4745 2030 4848; baseline 0.002 -32"><span class='ocrx_word' id='word_1_418' title='bbox 451 4745 637 4842; x_wconf 80' lang='lat' dir='ltr'>diligenter</span> <span class='ocrx_word' id='word_1_419' title='bbox 659 4747 803 4821; x_wconf 87' lang='lat' dir='ltr'>ct&#39;illud</span> <span class='ocrx_word' id='word_1_420' title='bbox 825 4747 963 4822; x_wconf 90' lang='lat' dir='ltr'>donum</span> <span class='ocrx_word' id='word_1_421' title='bbox 985 4747 1188 4822; x_wconf 88' lang='lat' dir='ltr'>discernere</span> <span class='ocrx_word' id='word_1_422' title='bbox 1203 4749 1398 4822; x_wconf 84' lang='lat' dir='ltr'>valeamus.</span> <span class='ocrx_word' id='word_1_423' title='bbox 1425 4749 1476 4821; x_wconf 88' lang='lat' dir='ltr'>[hi</span> <span class='ocrx_word' id='word_1_424' title='bbox 1498 4749 1631 4848; x_wconf 88' lang='lat' dir='ltr'>quippe</span> <span class='ocrx_word' id='word_1_425' title='bbox 1652 4765 1808 4848; x_wconf 89' lang='lat' dir='ltr'>potestas</span> <span class='ocrx_word' id='word_1_426' title='bbox 1827 4749 2030 4829; x_wconf 83' lang='lat' dir='ltr'>illacollata</span> 
     </span>
    </p>
   </div>
   <div class='ocr_carea' id='block_1_3' title="bbox 450 5025 2028 5205">
    <p class='ocr_par' dir='ltr' id='par_1_4' title="bbox 450 5025 2028 5205">
     <span class='ocr_line' id='line_1_37' title="bbox 486 5025 2028 5140; baseline 0.002 -43"><span class='ocrx_word' id='word_1_427' title='bbox 486 5047 587 5109; x_wconf 58' lang='lat' dir='ltr'>worn..</span> <span class='ocrx_word' id='word_1_428' title='bbox 596 5063 650 5140; x_wconf 52' lang='lat' dir='ltr'>cm.</span> <span class='ocrx_word' id='word_1_429' title='bbox 665 5065 715 5104; x_wconf 79' lang='grc' dir='ltr'>ιιι,</span> <span class='ocrx_word' id='word_1_430' title='bbox 727 5065 752 5099; x_wconf 83' lang='grc' dir='ltr'>ι.</span> <span class='ocrx_word' id='word_1_431' title='bbox 761 5047 941 5112; x_wconf 57' lang='lat' dir='ltr'>wicram,</span> <span class='ocrx_word' id='word_1_432' title='bbox 952 5025 1007 5116; x_wconf 84' lang='lat' dir='ltr'>cap.</span> <span class='ocrx_word' id='word_1_433' title='bbox 1019 5065 1087 5110; x_wconf 81' lang='lat' dir='ltr'>xxrn,</span> <span class='ocrx_word' id='word_1_434' title='bbox 1098 5067 1121 5100; x_wconf 90' lang='grc' dir='ltr'>ι.</span> <span class='ocrx_word' id='word_1_435' title='bbox 1132 5052 1172 5102; x_wconf 78' lang='grc'>24.</span> <span class='ocrx_word' id='word_1_436' title='bbox 1182 5079 1200 5088; x_wconf 84' lang='grc'><strong>-</strong></span> <span class='ocrx_word' id='word_1_437' title='bbox 1209 5051 1310 5114; x_wconf 80' lang='lat' dir='ltr'>&#39;toan.,</span> <span class='ocrx_word' id='word_1_438' title='bbox 1321 5066 1378 5118; x_wconf 87' lang='lat' dir='ltr'>cap.</span> <span class='ocrx_word' id='word_1_439' title='bbox 1390 5068 1425 5112; x_wconf 87' lang='grc' dir='ltr'>ιιι,</span> <span class='ocrx_word' id='word_1_440' title='bbox 1436 5069 1460 5102; x_wconf 86' lang='lat' dir='ltr'>v.</span> <span class='ocrx_word' id='word_1_441' title='bbox 1471 5051 1543 5103; x_wconf 73' lang='lat'><strong>8.—⁴</strong></span> <span class='ocrx_word' id='word_1_442' title='bbox 1554 5051 1642 5105; x_wconf 83' lang='lat' dir='ltr'>Psalm.</span> <span class='ocrx_word' id='word_1_443' title='bbox 1654 5066 1754 5110; x_wconf 83' lang='lat' dir='ltr'>cxxxn,</span> <span class='ocrx_word' id='word_1_444' title='bbox 1765 5065 1789 5102; x_wconf 82' lang='lat' dir='ltr'>r.</span> <span class='ocrx_word' id='word_1_445' title='bbox 1798 5049 2028 5102; x_wconf 72' lang='lat' dir='ltr'>l.-⁸l³salnr.xnr‚</span> 
     </span>
     <span class='ocr_line' id='line_1_38' title="bbox 450 5135 1785 5205; baseline 0.003 -19"><span class='ocrx_word' id='word_1_446' title='bbox 450 5151 474 5186; x_wconf 86' lang='grc' dir='ltr'>ι.</span> <span class='ocrx_word' id='word_1_447' title='bbox 487 5137 512 5184; x_wconf 79' lang='grc'>8.</span> <span class='ocrx_word' id='word_1_448' title='bbox 520 5159 543 5174; x_wconf 79' lang='lat'>·-</span> <span class='ocrx_word' id='word_1_449' title='bbox 553 5135 647 5187; x_wconf 68' lang='lat' dir='ltr'>‘Locus</span> <span class='ocrx_word' id='word_1_450' title='bbox 657 5147 794 5205; x_wconf 78' lang='lat' dir='ltr'>corruptus.</span> <span class='ocrx_word' id='word_1_451' title='bbox 1045 5137 1051 5148; x_wconf 84' lang='lat'><strong><em>‘</em></strong></span> <span class='ocrx_word' id='word_1_452' title='bbox 1779 5151 1785 5160; x_wconf 86' lang='grc'><strong><em>·</em></strong></span> 
     </span>
    </p>
   </div>
   <div class='ocr_carea' id='block_1_4' title="bbox 0 0 2260 6102">
    <p class='ocr_par' dir='ltr' id='par_1_5' title="bbox 0 0 2260 6102">
     <span class='ocr_line' id='line_1_39' title="bbox 0 0 2260 6102; baseline 0 0"><span class='ocrx_word' id='word_1_453' title='bbox 0 0 2260 6102; x_wconf 95' lang='lat' dir='ltr'> </span> 
     </span>
    </p>
   </div>
  </div>
 </body>
</html>
