4486 6100
462 595 534 667 300
1065 601 1193 675 PETRI
1219 603 1454 677 lssAEtlltnl

549 735 699 791 Rationem
712 754 764 810 pro
777 701 885 793 cunctis
897 739 983 812 exigit

547 825 575 880 Is
587 827 636 900 qui
649 836 747 884 cuncta
759 845 810 900 pru
822 827 903 883 uobis
915 827 1052 888 condidit.
1109 835 1126 874 ·'

580 977 721 1052 Disceptat
732 980 854 1035 mundus
867 992 964 1036 contra
975 999 1045 1054 nos,

578 1067 679 1123 Pactus
692 1081 807 1126 ornatus
819 1081 934 1144 propter
950 1087 1018 1135 nos,

542 1157 570 1210 Si
585 1175 635 1212 nos
649 1158 708 1214 Deo
721 1178 778 1216 non
791 1159 893 1216 subdat
906 1162 1010 1234 gratia,

542 1246 652 1316 Quibus
664 1249 723 1321 ipse
735 1249 855 1322 subjecit
869 1252 973 1308 omnia.

576 1395 721 1452 Placemus
732 1398 824 1470 ipsum
836 1396 980 1466 laudibus,

578 1485 671 1556 Quem
684 1487 826 1542 irritamus
838 1486 955 1544 actibus.

540 1575 651 1644 Quanta
661 1575 751 1632 laudis
761 1578 798 1632 sit
810 1577 979 1648 immolatio,

539 1664 596 1720 Nos
606 1666 776 1740 psalmorum
788 1667 871 1724 docet
884 1669 1040 1725 instructio.

580 1813 623 1868 Sit
633 1833 731 1890 perpes
743 1815 801 1873 Deo
815 1817 919 1890 gloria,
935 1827 991 1873 etc.

801 2034 855 2092 Vl.

570 2190 718 2248 Ornaruut
733 2203 836 2248 terram
853 2197 994 2270 germina,

567 2281 651 2338 Nunc
662 2281 762 2338 coelum
775 2282 933 2342 luminaria.

535 2369 614 2438 Sole,
632 2371 713 2439 luna,
728 2371 814 2428 stellis
826 2372 999 2448 depingitur,

532 2463 661 2542 Quorum
675 2463 780 2518 multus
791 2481 859 2518 tusus
870 2466 1056 2538 cognoscitur.

565 2608 669 2664 Lucem
682 2608 862 2682 distinguunt
873 2621 1018 2685 tempora,

563 2695 636 2754 Sunt
647 2699 783 2772 insignia¹
800 2700 965 2770 certissima,

528 2787 636 2843 Cuncta
648 2788 707 2843 lere
718 2799 859 2844 terrarum
870 2791 1016 2847 commoda

425 2891 433 2898 ·
526 2875 704 2933 Planetarum
712 2879 857 2948 ‚ministrat
868 2879 991 2954 physica.

562 3028 628 3084 Huc
640 3047 753 3103 quoque
766 3047 818 3104 pro
832 3040 861 3086 te
873 3031 987 3088 condita

559 3117 693 3188 Sursum,
707 3120 810 3188 bomo,
829 3121 992 3190 considera;

524 3207 589 3264 Esse
600 3219 678 3264 tuam
692 3219 721 3264 et
731 3207 794 3264 coeli
808 3209 887 3282 regio

523 3296 559 3354 Se
571 3297 675 3353 latetur
686 3299 789 3353 borum
802 3299 925 3355 servitio.

558 3443 621 3502 Sole
633 3444 705 3500 calet
717 3446 746 3500 in
760 3445 854 3503 hieme

557 3535 613 3606 Qui
628 3544 704 3589 caret
717 3535 792 3609 ignis
803 3553 935 3604 munere;

519 3625 577 3680 Pro
590 3634 733 3680 noeturnae
745 3623 864 3680 lucerua
877 3629 968 3702 gratia

518 3715 630 3788 Pauper
642 3713 728 3770 habet
740 3713 835 3770 lunam
847 3727 877 3772 et
888 3717 987 3774 sidera.

552 3863 653 3919 Stratis
666 3860 743 3919 dives
755 3863 900 3934 eburneis,

447 3956 450 3964 '
552 3953 663 4027 Pauper
674 3952 748 4025 jacet
759 3955 929 4028 germineis3

516 4042 591 4098 Hinc
604 4043 698 4098 avium
709 4043 850 4100 oblectant
861 4047 984 4116 cantica,

515 4131 586 4188 Inde
598 4131 699 4188 florum
711 4135 799 4207 spirat
810 4134 971 4208 fragrantia.

551 4283 703 4355 Impensis,
718 4282 809 4353 dives,
823 4285 918 4340 nimiis

547 4374 670 4430 Domum
682 4391 808 4430 casurum
820 4375 973 4439 construis;

511 4464 590 4521 Falso
603 4463 660 4520 sole
674 4465 767 4538 pingis
777 4463 961 4534 testudinem,

510 4555 596 4612 Falsis
613 4553 700 4612 stellis
711 4556 742 4610 in
753 4553 816 4610 coeli
826 4556 956 4629 speciem.

495 4723 497 4728 ’
544 4705 579 4760 In
590 4704 649 4760 veri
663 4703 726 4759 coeli
738 4721 847 4759 camera

542 4793 654 4867 Pauper
663 4793 739 4866 jacet
749 4792 939 4866 pulcherrima
949 4817 956 4861 ;

507 4885 585 4943 Vero
599 4884 669 4953 sole,
684 4884 757 4938 veris
770 4883 911 4940 sideribus

506 4975 591 5032 Istam
603 4972 644 5030 illi
657 4973 787 5048 depinxit
798 4973 943 5030 Dominus.

451 5225 460 5252 ·
492 5223 604 5278 SicGod.
614 5249 643 5262 -
658 5221 669 5250 ¹
686 5222 727 5274 Sic
739 5223 802 5275 God.
811 5224 878 5276 -Es
890 5225 1097 5278 cundelandum
1111 5239 1157 5281 eat.

1394 743 1476 818 Opus
1488 749 1576 820 magis
1588 749 1720 804 eximium

1393 833 1441 890 Est
1455 845 1559 892 naturae
1572 856 1656 911 qnam
1669 840 1832 908 hominum,

1357 923 1442 994 Quod
1453 943 1505 980 nec
1517 925 1606 995 labor,
1621 946 1672 983 nec
1683 941 1811 1004 sumptus
1823 949 1962 1008 preparat,

1357 1013 1416 1070 Nec
1427 1025 1547 1071 vetustas
1558 1017 1689 1074 solvendo
1703 1019 1828 1096 dissipat.

1390 1155 1531 1211 Ministrat
1545 1157 1630 1214 bomo
1641 1159 1736 1230 diviti,

1391 1245 1516 1318 Angelus
1528 1257 1621 1304 autern
1634 1253 1764 1324 pauperi,

1356 1334 1396 1389 Ut
1407 1334 1474 1389 hinc
1485 1353 1598 1411 quoque
1608 1349 1716 1394 constet
1731 1341 1851 1398 coelestia

1355 1422 1447 1493 Quam
1459 1423 1516 1479 sint
1528 1426 1609 1482 nobis
1621 1445 1636 1482 a
1649 1428 1707 1484 Deo
1721 1429 1842 1486 subdita.

1387 1563 1430 1618 Sit
1441 1582 1539 1638 perpes
1549 1566 1609 1622 Deo
1622 1567 1721 1642 gloria,
1733 1581 1788 1626 etc.

1614 1756 1681 1814 VII.

1388 1892 1505 1950 Orantis
1516 1892 1578 1950 luce
1590 1897 1716 1969 pertibus

1382 1983 1483 2041 Mundi
1495 1986 1696 2060 superioribus,

1348 2053 1419 2128 boca
1433 2085 1519 2130 restat
1531 2076 1687 2132 ornandum
1702 2079 1812 2150 infima,

1349 2162 1390 2218 Ex
1403 2163 1447 2218 his
1458 2181 1492 2220 ex
1504 2165 1516 2197 ¹
1527 2165 1630 2240 quibus
1642 2165 1691 2223 lux
1702 2180 1745 2225 est
1754 2170 1812 2242 jam
1823 2174 1946 2231 condita.

1383 2310 1515 2368 Educunt
1526 2331 1603 2388 aque
1614 2317 1730 2390 reptile,

1381 2401 1547 2459 Producant
1558 2414 1587 2460 et
1598 2406 1709 2462 volatile
1720 2430 1729 2475 ;

1348 2490 1413 2547 Uno
1423 2491 1503 2564 jussu
1514 2493 1602 2567 pisces
1614 2505 1644 2551 et
1655 2495 1780 2554 volucres

1346 2580 1518 2638 Prodierunt
1531 2583 1560 2639 in
1572 2602 1635 2640 suas
1645 2586 1759 2660 species.
1820 2577 1822 2580 ¹

1378 2727 1468 2785 Simul
1480 2738 1509 2785 et
1520 2741 1582 2788 cete
1594 2732 1727 2806 grandia,

1249 2833 1253 2842 ·
1375 2815 1413 2873 Et
1428 2836 1513 2892 parva
1525 2819 1597 2877 fiunt
1608 2831 1717 2892 ostrea,

1341 2906 1406 2963 Uno
1419 2909 1528 2983 grypho
1541 2923 1684 2968 momento
1694 2915 1831 2973 maximus

1341 2996 1486 3060 Perfectus
1498 3010 1540 3056 est
1552 3011 1581 3057 et
1592 3020 1686 3075 passer
1698 3003 1837 3065 modicus.

1375 3150 1452 3207 Dixit
1464 3153 1555 3222 enim,
1569 3164 1598 3209 et
1607 3153 1680 3211 lacta
1691 3167 1771 3226 sunt,

1374 3240 1532 3311 Mandavit,
1545 3253 1574 3299 et
1587 3255 1679 3300 creata
1690 3257 1776 3314 sunt;

1337 3329 1438 3404 Magna
1450 3331 1534 3387 simul
1547 3332 1670 3408 complet
1680 3345 1709 3391 et
1720 3335 1848 3407 modica,

1337 3418 1393 3474 Cui
1404 3431 1471 3478 sunt
1483 3440 1560 3497 uque
1571 3433 1671 3479 cuncta
1683 3424 1784 3482 facilia.

1369 3567 1413 3624 Sit
1424 3587 1523 3645 perpes
1539 3571 1598 3628 Deo
1611 3570 1712 3646 gloria,
1726 3584 1779 3630 etc.

1576 3761 1670 3818 -v111.

1367 3898 1439 3952 Laus
1451 3899 1537 3954 instat
1549 3910 1629 3956 sextu
1641 3901 1729 3972 ferie,

1366 3986 1422 4042 Pro
1434 4005 1488 4062 qua
1502 3987 1642 4045 debentur
1655 3991 1731 4062 uliae,

1331 4077 1395 4148 Qua
1404 4071 1542 4134 formatur
1560 4080 1646 4136 horno
1661 4083 1826 4140 novissimus

1329 4167 1495 4241 Praeparatis
1508 4170 1534 4225 ei
1547 4170 1606 4242 jam
1619 4173 1759 4230 omnibus.

1363 4307 1424 4364 Hac
1436 4309 1465 4363 in
1479 4309 1541 4366 luce
1551 4314 1695 4370 terrestria

1363 4397 1502 4453 Creautur
1515 4400 1685 4477 animantia;

1329 4482 1422 4540 Omne
1434 4494 1515 4540 terrae
1527 4485 1563 4542 de
1575 4497 1651 4543 terra
1663 4490 1776 4564 reptile,

1327 4573 1421 4632 Omne
1435 4593 1522 4650 genus
1536 4578 1678 4656 profertur
1690 4581 1792 4640 bestie

1359 4716 1407 4772 Fit
1418 4718 1546 4774 omnium
1558 4721 1724 4778 novissimus

1358 4805 1451 4862 Homo
1463 4809 1512 4882 qui
1524 4811 1618 4882 presit
1629 4811 1778 4882 omnibus3

1321 4894 1366 4952 Ad
1378 4897 1456 4952 bunc
1467 4910 1567 4957 cuncta
1580 4901 1742 4974 spectabant
1753 4907 1935 4980 terminum,

1272 5065 1275 5073 Ι
1320 4985 1467 5062 Tanquam
1480 4989 1563 5046 finem
1576 5002 1742 5049 cunctorum
1756 4995 1891 5052 unicum.
