4536 6102
741 568 974 644 EXPOSlTlO
1000 568 1044 642 lN
1068 563 1362 642 ΗΕΧΑΜΒΒΟΝ.
1768 559 1843 634 639

260 716 392 789 coelum
411 737 624 804 nuncupans
642 711 908 786 firmamentum
925 726 1073 810 propter
1092 709 1388 782 sustentationem
1403 703 1630 804 superiorum
1641 725 1840 799 aquarum:

262 837 348 908 item
363 857 475 934 aquas
489 859 598 933 super
612 833 880 907 firmamentum
895 831 1030 930 positas
1053 829 1162 904 coelos
1185 826 1334 929 quidem
1358 823 1599 924 spiritualibus
1613 821 1840 910 humiliores,

261 955 325 1028 sed
341 955 442 1028 omni
456 967 619 1027 creatura
628 950 809 1052 corporali
824 951 1038 1050 superiores.
1055 977 1074 1018 n

310 1074 467 1162 Quidam
485 1073 532 1147 ad
551 1071 825 1146 inundationem
842 1070 966 1143 diluvii
982 1083 1198 1160 reservatas,
1219 1067 1279 1142 alii
1294 1092 1381 1141 vero
1399 1067 1529 1140 rectius
1550 1065 1596 1137 ad
1617 1065 1736 1162 ignem
1752 1063 1844 1136 side·

214 1253 216 1258 .
261 1214 342 1262 rum
363 1189 641 1290 temperandum
655 1213 844 1288 suspensas
860 1187 1052 1262 affirmant.
1073 1187 1199 1260 Beatus
1213 1211 1301 1259 vero
1324 1186 1539 1282 Augustinus
1555 1183 1639 1256 istas
1655 1181 1844 1280 opiniones

260 1310 533 1407 praetermittens
548 1309 594 1382 de
610 1310 711 1408 aquis
724 1307 791 1382 illis
807 1307 1072 1406 superioribus,
1089 1319 1211 1379 utrum
1226 1303 1392 1377 videlicet
1407 1302 1570 1401 glaciales
1589 1303 1660 1373 sint
1674 1301 1731 1372 vel
1747 1325 1841 1392 non,

261 1429 317 1502 vel
341 1432 489 1528 quasin
510 1455 548 1502 se
568 1428 727 1502 habeant
748 1427 934 1515 utilitates,
953 1426 1003 1498 ait
1027 1452 1036 1498 ε
1059 1454 1078 1494 u
1096 1427 1190 1497 Sane
1214 1423 1336 1521 quales
1357 1423 1408 1494 ibi
1428 1425 1528 1519 aquae
1548 1422 1619 1492 sint
1640 1445 1777 1518 quosve
1797 1420 1844 1493 ad

259 1574 343 1622 usus
361 1562 546 1622 reservatas
561 1545 730 1620 conditor
745 1548 821 1645 ipse
833 1545 987 1633 noverit,
1003 1567 1079 1616 esse
1092 1557 1213 1615 tamen
1228 1565 1302 1631 eas,
1321 1540 1372 1612 ibi
1385 1541 1568 1638 Scriptura
1578 1554 1743 1630 testante,
1756 1538 1852 1612 nulli·

259 1667 412 1739 dubium
432 1681 497 1740 est.
523 1695 542 1736 n
565 1665 674 1754 Quod
693 1686 780 1762 ergo
799 1678 920 1736 tantus
945 1660 1075 1734 doctor
1094 1662 1197 1760 quasi
1218 1659 1368 1734 dubium
1388 1659 1468 1758 sibi¹
1484 1659 1643 1757 reliquit,
1666 1657 1844 1731 affirmare

259 1787 366 1860 nobis
383 1787 713 1884 arrogantissimum
728 1783 884 1857 ridetur.
902 1780 1010 1871 Quod
1026 1806 1113 1856 vero
1131 1779 1297 1854 nonnulli
1312 1781 1451 1881 opinati
1466 1794 1550 1852 sunt
1566 1803 1625 1851 eas
1647 1779 1698 1852 ibi
1717 1782 1847 1852 consti·
1891 1865 1894 1872 .

259 1921 353 1980 tutas
365 1923 403 1980 et
416 1921 612 1980 reservatas
627 1904 673 1979 ad
689 1904 964 1978 inundationem
981 1902 1127 1993 diluvii,
1145 1917 1186 1975 ut
1198 1901 1284 1974 inde
1299 1902 1433 1974 scilicet
1447 1900 1608 1974 labentes
1624 1900 1845 1974 abundantia

258 2027 313 2098 sui
329 2041 461 2101 terram
476 2027 724 2125 cooperirent,
739 2022 907 2097 frivolum
921 2024 1072 2097 omnino
1089 2020 1384 2122 deprehenditur.
1407 2024 1529 2108 Quum
1549 2021 1646 2094 enim
1661 2020 1844 2094 Psalmista

258 2145 366 2243 longe
389 2161 472 2246 post
491 2145 667 2220 diluvium
686 2145 840 2218 existens
863 2145 983 2217 dicat¹
1003 2170 1011 2214 ε
1032 2171 1050 2210 u
1069 2147 1114 2214 Et
1135 2163 1237 2240 aquae
1253 2165 1332 2240 quae
1345 2164 1453 2240 super
1468 2139 1576 2214 coelos
1592 2156 1676 2214 sunt
1697 2139 1844 2214 laudent

258 2289 393 2339 nomeu
418 2267 588 2356 Domini,
613 2293 632 2334 n
655 2265 818 2364 prolecto
845 2263 896 2334 ibi
920 2287 1017 2335 nunc
1041 2285 1187 2361 quoque
1211 2261 1303 2332 sicut
1326 2274 1409 2332 ante
1431 2273 1572 2332 constat
1595 2285 1656 2334 eas
1680 2261 1842 2334 existere.

259 2388 401 2486 Quippe
416 2409 492 2458 non
510 2385 560 2458 ai't
577 2411 587 2458 a
606 2389 694 2476 Quae
709 2383 829 2472 erant,
848 2382 912 2455 sed
929 2409 937 2454 ε
956 2384 1045 2469 Quae
1059 2394 1157 2454 sunt.
1175 2379 1283 2468 Quod
1299 2380 1328 2452 si
1340 2403 1423 2478 pars
1443 2379 1608 2479 quaedam
1623 2379 1709 2452 inde
1724 2382 1770 2452 sit
1782 2379 1844 2452 de·

171 2531 176 2540 ·
255 2501 378 2602 lapsa,
397 2527 627 2602 nequaquam
650 2501 918 2593 firmarnentum
942 2499 992 2574 illi
1007 2501 1101 2599 parti
1124 2499 1190 2572 fuit
1205 2500 1474 2598 interpositum,
1498 2499 1598 2598 quod
1615 2524 1845 2598 nequaquam

147 2647 153 2660 ·
259 2622 308 2694 ita
329 2609 582 2710 easfumavit',
602 2634 734 2693 utnon
750 2617 898 2691 ulterius
917 2617 1135 2690 laberentur.
1163 2620 1313 2689 Constat
1333 2617 1461 2706 etiarn,
1485 2631 1525 2688 ut
1549 2620 1696 2690 Genesis
1718 2617 1842 2710 relert,

258 2739 433 2813 diluvium
449 2739 730 2814 exabundantia
747 2739 949 2838 pluviarum
967 2738 1091 2828 fuisse,
1107 2739 1220 2838 ruptis
1236 2739 1344 2811 etiam
1361 2737 1520 2816 fontibus
1539 2737 1655 2835 abyssi
1678 2763 1841 2836 magnae:

256 2858 388 2957 quibus
413 2873 538 2959 postea
562 2858 690 2932 clausis
717 2873 753 2932 et
777 2855 968 2956 prohibitis
991 2856 1142 2956 pluviis,
1172 2858 1290 2956 ipsum
1311 2855 1487 2929 diluvium
1512 2858 1674 2930 cessavit.
1698 2861 1843 2932 Certum

257 2993 379 3050 autem
394 2977 548 3052 habetur
567 2976 707 3077 pluvias
727 3000 955 3075 nequaquam
971 2977 1058 3050 oriri
1077 2977 1146 3052 nisi
1165 2991 1341 3054 terrarum
1353 2975 1601 3068 *exhalationm
1619 3002 1703 3048 cum
1718 2977 1773 3050 sol
1788 2981 1843 3051 vi·

257 3097 388 3170 delicet
403 3121 463 3172 eas
478 3095 688 3172 calefaciens
709 3097 944 3197 vaporatione
964 3100 1018 3172 sui
1035 3124 1145 3198 aquas
1161 3114 1287 3174 tenues
1310 3103 1483 3198 tauquam
1506 3099 1544 3170 in
1569 3098 1668 3170 furno
1691 3125 1734 3171 en
1756 3099 1845 3172 cale·

258 3214 412 3289 lactione
428 3231 530 3290 terrac
546 3217 830 3290 conscendentes
844 3217 1002 3290 attrahit.
1022 3221 1101 3290 Non
1115 3218 1235 3317 itaque
1246 3217 1305 3292 illa
1318 3241 1493 3316 aquarum
1505 3217 1748 3308 abundantia,
1764 3243 1844 3317 quae

257 3337 293 3408 in
309 3335 438 3435 pluviis
449 3336 533 3428 suit,
549 3337 596 3411 de
611 3337 789 3436 supernis,
804 3337 867 3410 sed
879 3337 1012 3410 infimis
1025 3339 1201 3435 originem
1209 3337 1349 3412 habuit.
1364 3337 1434 3410 Ubi
1445 3353 1481 3410 et
1496 3362 1609 3436 quum
1618 3340 1694 3435 jam
1706 3335 1842 3412 diluvio

255 3469 435 3546 cessante,
453 3455 598 3529 additur
612 3480 688 3527 non
704 3455 823 3528 solum
838 3457 922 3554 quia
946 3455 1075 3556 pluviae
1090 3471 1175 3528 sunt
1194 3455 1405 3556 prohibita,
1422 3457 1487 3530 sed
1505 3458 1613 3530 etiam
1628 3459 1714 3555 quia
1733 3457 1843 3530 clausi

256 3591 341 3648 sunt
362 3575 497 3666 lontes,
523 3576 709 3650 manifeste
730 3577 893 3650 innuitur
915 3590 1030 3649 totam
1050 3577 1149 3650 illam
1170 3601 1345 3676 aquarum
1370 3578 1407 3650 in
1432 3576 1568 3650 diluvio
1584 3578 1843 3651 abundantiam

257 3695 403 3767 nonnisi
415 3696 462 3768 de
478 3694 706 3768 inferioribus
722 3697 824 3795 aquis
841 3695 970 3785 luisse,
987 3721 1066 3795 quae
1082 3699 1119 3770 in
1138 3697 1197 3770 die
1213 3699 1320 3771 tertia
1335 3711 1556 3795 congregata
1571 3713 1655 3772 sunt
1674 3714 1714 3771 ut
1736 3722 1843 3797 appa·

257 3830 352 3889 reret
368 3815 480 3889 arida.
504 3815 613 3902 Quod
628 3839 715 3888 vero
732 3815 870 3887 dictum
886 3829 957 3906 est,
975 3809 1061 3912 quia
1076 3831 1261 3888 cataractae
1276 3818 1356 3888 coeli
1376 3818 1413 3888 in
1436 3816 1572 3890 diluvio
1588 3833 1673 3892 sunt
1689 3833 1840 3918 apertae,

257 3948 293 4005 et
317 3933 410 4007 lacta
426 3946 479 4005 est
495 3931 637 4031 pluvia,
654 3930 786 4006 coelum
807 3933 925 4030 ipsum
946 3955 1113 4024 aereum,-
1131 3931 1228 4006 undc
1251 3933 1371 4032 pluvia
1394 3951 1533 4026 manat,
1556 3961 1632 4007 non
1648 3936 1842 4010 aethereum

257 4051 345 4126 dicit
363 4082 371 4126 ε
390 4066 586 4126 cataractas
598 4075 685 4126 vero
702 4077 777 4124 non
792 4066 888 4124 arcta
901 4051 1078 4125 foramina
1093 4053 1234 4145 dicens,
1251 4053 1510 4128 abundantiam
1522 4053 1651 4153 pluviae
1664 4055 1839 4146 insinuat,

202 4241 207 4252 ,
255 4187 429 4269 tanquam
439 4187 527 4244 tunc
544 4171 633 4244 nihil
644 4170 796 4244 nubium
810 4170 866 4244 vol
879 4195 981 4270 aquae
991 4187 1170 4272 vaporatae
1181 4196 1243 4246 aer
1257 4174 1396 4272 uspiam
1409 4175 1590 4246 retineret.
1607 4175 1708 4271 Aqua
1721 4173 1842 4272 itaque

256 4289 410 4388 desuper
429 4293 467 4364 in
490 4290 649 4391 pluviam
670 4290 835 4380 labente,
863 4305 900 4364 et
919 4290 1093 4364 obstrusis
1118 4307 1220 4366 terrm
1244 4291 1501 4384 foraminibus,
1524 4308 1657 4366 terram
1682 4293 1841 4393 undique

257 4411 358 4507 aquis
380 4411 559 4511 cooperiri
579 4433 723 4484 necesse
748 4409 832 4502 luit,
857 4413 948 4484 sicut
963 4426 999 4484 ct
1019 4413 1056 4484 in
1076 4411 1134 4486 die
1151 4413 1256 4486 tertia
1280 4429 1473 4512 antequam
1495 4413 1562 4486 illae
1586 4413 1720 4487 eaedem
1741 4440 1841 4513 aquae
1892 4443 1897 4452 ’

256 4527 442 4605 interiores
462 4531 500 4602 in
524 4553 638 4602 unum
662 4543 966 4628 congregarentur
987 4529 1109 4604 locum
1128 4548 1169 4606 ut
1191 4546 1378 4632 appareret
1398 4533 1510 4606 arida.
1537 4533 1633 4621 Quid
1660 4559 1746 4632 ergo
1766 4558 1841 4606 sus-

256 4629 381 4742 pbnsio
395 4645 453 4720 illa
469 4672 645 4746 aquarum
658 4649 816 4722 utilitatis
827 4648 975 4740 habeat,
989 4649 1088 4748 quod
1103 4675 1170 4722 nec
1181 4675 1202 4724 a
1212 4652 1344 4724 sanctis
1355 4665 1452 4724 certa
1463 4651 1639 4724 sententia
1651 4651 1840 4726 definitum

255 4777 331 4856 est,
348 4765 598 4840 difficillimum
615 4768 739 4842 disseri
755 4768 922 4842 arbitror.
942 4769 1006 4842 llla
1028 4785 1148 4844 tamen
1166 4770 1273 4844 nobis
1287 4770 1510 4870 probabilior
1530 4771 1672 4844 videtur
1694 4773 1837 4871 opinio,

256 4897 297 4956 ut
317 4883 366 4958 ob
389 4885 461 4960 hoc
485 4889 638 4961 maxime
659 4887 706 4962 ad
729 4889 887 4965 calorem
906 4889 1182 4990 temperandum
1199 4893 1391 4992 superioris
1408 4893 1498 4989 ignis
1514 4892 1840 4985 constituerentur,

291 5141 301 5174 ⁸
319 5143 566 5210 Pulmoneum.
584 5145 628 5200 to.
