4536 6102
469 549 541 620 608
1070 543 1197 614 PETRI
1225 543 1455 614 ABAELARDl

472 691 594 774 Quum
616 703 736 760 autem
758 691 812 758 ita‘
829 688 992 758 omnium
1008 700 1205 757 creatorem
1221 689 1337 755 Deum
1353 699 1632 773 commemorat,
1658 703 1831 781 quantum
1849 691 1881 758 ei
1899 689 2047 764 debeam

475 809 641 878 universa
657 821 820 904 patenter
836 807 1004 876 insinuat.

523 955 540 994 a
554 930 598 994 Et
616 927 653 995 in
670 929 791 996 lesum
807 923 1001 996 Christum.
1018 951 1035 990 >r
1055 923 1131 995 Filii
1147 926 1213 996 Dei
1231 947 1424 1020 personam
1440 949 1593 1021 praesens
1609 925 1815 1022 symbolum
1832 927 1938 1000 nohis
1953 955 2047 1000 com-

475 1043 663 1133 mendans,
683 1045 758 1139 ejus
775 1043 996 1114 divinitatem
1014 1044 1146 1142 pariter
1167 1058 1202 1112 et
1222 1042 1481 1114 humanitatem
1498 1061 1776 1135 commemorat,
1799 1060 1835 1118 et
1859 1062 1934 1118 tam
1955 1052 2047 1142 regni

472 1166 547 1259 ejus
564 1187 675 1261 quam
697 1163 887 1235 sacerdotii
908 1163 1135 1258 dignitatem,
1154 1163 1251 1234 unde
1271 1162 1430 1242 Christus
1449 1163 1565 1235 dictus
1583 1180 1653 1250 est,
1673 1163 1834 1261 designat
1859 1194 1866 1236 ι
1890 1192 1955 1263 per
1975 1192 2048 1264 quae

470 1281 545 1352 duo
560 1281 791 1365 nobisJesus,
806 1282 911 1352 idest
927 1281 1100 1369 Salvator,
1113 1280 1275 1351 efficitur.
1294 1284 1383 1352 Nam
1400 1282 1483 1376 quia
1499 1296 1573 1352 tam
1590 1283 1686 1376 regia
1701 1307 1810 1379 quam
1827 1285 2050 1355 sacerdotalis

469 1399 622 1497 dignitas
639 1427 703 1500 per
719 1402 929 1472 unctionem
954 1402 1169 1489 instituitur,
1187 1399 1272 1471 hinc
1289 1401 1417 1471 merito
1443 1400 1603 1473 Christus
1620 1417 1673 1473 est
1689 1403 1886 1503 appellatus
1903 1409 1972 1474 Rex
1989 1407 2051 1476 iste

468 1545 643 1608 summus,
663 1536 699 1592 et
715 1521 889 1593 Sacerdos
912 1546 1113 1618 supremus,
1133 1535 1170 1591 et
1196 1519 1358 1615 Salvator
1382 1543 1500 1589 verus.
1522 1519 1626 1591 Unde
1652 1536 1686 1591 et
1710 1521 1785 1593 haec
1808 1525 1959 1594 nomina
1979 1525 2050 1618 jam

467 1642 568 1735 quasi
585 1641 732 1738 propria
749 1642 880 1714 meruit
896 1640 1078 1734 obt'qrere3
1098 1641 1220 1735 utjam
1237 1664 1350 1736 quum
1367 1639 1532 1710 audimus
1549 1639 1729 1711 Christum
1742 1642 1798 1712 vel
1815 1647 1952 1728 lesum,
1970 1668 2049 1714 eum

466 1785 530 1856 per
546 1762 792 1836 excellentiam
807 1761 926 1833 solum
942 1761 1193 1857 intelligamus.
1213 1764 1285 1832 Rex
1302 1775 1421 1832 autem
1439 1760 1544 1831 nobis
1566 1775 1618 1832 est
1639 1764 1740 1858 quasi
1766 1787 1956 1860 supremus·
1980 1770 2048 1835 Do·
2112 1793 2117 1805 ·

468 1883 599 1970 minus,
617 1896 651 1952 et
666 1881 771 1952 nobis
787 1881 994 1980 praesidens,
1010 1896 1058 1970 et,
1077 1881 1171 1951 inter
1183 1879 1289 1976 hujus
1303 1879 1420 1951 saeculi
1436 1879 1610 1977 procellas
1623 1896 1658 1951 et
1672 1881 1846 1971 turbines,
1860 1884 2049 1955 Ecclesiam

467 2025 569 2072 suam
595 2026 725 2074 navem
752 2003 935 2100 propriam
963 2002 1009 2072 ad
1034 2017 1181 2100 portum
1202 2000 1465 2098 tranquillitatis
1488 2017 1626 2072 aeternae
1651 2002 1810 2097 regendo
1827 2002 2000 2099 dirigens,
2018 2021 2049 2076 et

468 2136 541 2192 tam
560 2121 678 2194 verbis
695 2147 804 2220 quam
821 2121 990 2220 exemplis
1011 2121 1206 2219 disciplinae
1226 2120 1386 2216 regulam
1408 2120 1514 2191 nobis
1537 2121 1695 2192 tradens.
1715 2122 1890 2194 Sacerdos
1915 2140 2045 2223 autem,

469 2243 544 2311 imo
561 2258 597 2314 et
612 2243 773 2340 pontifex
791 2243 896 2313 nobis
913 2242 1026 2313 lactus
1043 2257 1113 2330 est,
1134 2241 1222 2312 dum
1240 2243 1277 2311 in
1294 2265 1400 2312 cruce
1417 2265 1608 2338 suspensus
1634 2257 1805 2338 tanquam
1831 2245 1867 2312 in
1897 2267 1958 2314 ara
1986 2269 2047 2341 pro

470 2361 576 2433 nohis
600 2362 805 2434 immolatus
831 2378 896 2434 cst.
925 2362 1028 2434 Unde
1054 2377 1173 2434 autem
1198 2361 1304 2434 nohis
1326 2376 1400 2432 tam
1422 2359 1601 2449 Christus,
1622 2378 1661 2435 ut
1688 2362 1919 2452 dictumest,
1946 2351 2075 2461 quam'

472 2485 571 2551 lesus
588 2505 692 2554 verus
713 2484 858 2572 existat,
877 2482 1065 2578 diligenter
1081 2483 1216 2579 aperit,
1235 2506 1349 2579 quum
1366 2505 1448 2551 eum
1466 2496 1539 2553 tam
1556 2483 1620 2552 Dei
1638 2506 1747 2578 quam
1765 2481 1923 2554 hominis
1943 2483 2047 2553 filium

472 2625 547 2671 esse
564 2618 827 2700 consequenter
840 2605 1016 2690 annectit,
1036 2602 1158 2673 dicens
1180 2629 1188 2671 ε

522 2751 538 2788 r<
560 2723 686 2794 Filium
704 2725 792 2820 ejus,
808 2755 825 2792 x
844 2725 881 2795 id
899 2740 951 2798 est
966 2727 1031 2796 Dei
1047 2727 1172 2814 Patris,
1191 2754 1208 2794 a
1226 2727 1392 2814 unicum;
1417 2754 1434 2792 n
1453 2749 1499 2797 ne
1517 2726 1721 2823 adoptivus,
1741 2727 1804 2798 sed
1820 2726 2049 2798 consubstan-

469 2841 561 2912 tialis
588 2858 745 2940 putetur.
766 2850 810 2916 Et
827 2870 982 2934 rursum,
1005 2847 1097 2942 aqui
1114 2861 1310 2943 conceptus
1329 2861 1398 2934 est,
1418 2861 1486 2916 etc.
1503 2874 1520 2910 n
1540 2845 1649 2930 Quod
1667 2860 1788 2916 tamen
1806 2844 1958 2915 dicimus
1975 2845 2049 2914 uni-

469 2987 570 3052 cum,
585 2963 803 3061 quibusdam
813 2966 955 3038 videtur
966 2967 1076 3062 magis
1086 2966 1132 3038 ad
1146 2967 1345 3037 Dominum
1359 2989 1469 3062 quam
1481 2965 1526 3036 ad
1537 2963 1649 3034 filium
1659 2989 1735 3035 esse
1746 2965 2046 3059 conjungendum,

468 3085 542 3153 sive
554 3082 601 3155 ad
612 3098 805 3182 utrumque
816 3085 943 3158 simul:
959 3101 999 3156 ut
1014 3087 1106 3158 sicut
1122 3101 1175 3157 est
1183 3087 1311 3156 unicus
1322 3084 1414 3155 filius
1430 3085 1538 3182 patri,
1556 3085 1605 3154 ita
1623 3099 1658 3154 et
1674 3085 1801 3154 unicus
1818 3086 1862 3154 sit
1878 3087 2049 3154 Dominus

471 3202 589 3274 nohis.
610 3204 708 3275 Sicut
723 3205 820 3276 enim
837 3229 1029 3302 personam
1046 3207 1156 3277 Patris
1173 3205 1446 3290 commendans,
1466 3229 1549 3275 eum
1567 3219 1601 3274 et
1613 3205 1916 3300 omnipotentem,
1930 3217 1966 3272 et
1977 3201 2047 3272 coeli

470 3337 505 3392 ct
533 3337 634 3392 terrae
660 3323 748 3394 dixit
777 3339 999 3413 creatorem3
1020 3327 1067 3396 ita
1091 3350 1188 3396 nunc
1214 3325 1260 3396 ad
1284 3324 1465 3395 honorem
1490 3322 1586 3409 Filii,
1612 3347 1695 3393 eum
1723 3347 1798 3392 non
1825 3321 2048 3392 solummodo

472 3439 654 3512 Christum
671 3456 705 3512 et
720 3447 858 3532 lesum,
877 3445 1112 3514 verumetiam
1128 3447 1325 3514 Dominum
1350 3442 1567 3514 confitemur
1592 3457 1756 3513 nostrum
1777 3457 1812 3512 et
1833 3443 1997 3524 unicum,
2015 3441 2046 3509 id

472 3573 538 3643 est,
551 3557 669 3628 solum
682 3562 880 3630 Dominum
896 3575 1078 3648 nostrum,
1093 3561 1290 3631 secundum
1301 3559 1372 3632 hoc
1382 3561 1481 3656 quod
1496 3562 1571 3656 ejus
1589 3560 1698 3630 solius
1708 3562 1866 3656 pretioso
1883 3562 2049 3654 sanguine

470 3679 582 3774 empti
599 3703 735 3749 sumus.
757 3685 823 3749 Aut
839 3682 867 3749 si
884 3677 975 3752 sorte
998 3704 1106 3776 quem
1124 3695 1244 3750 movet
1261 3682 1368 3752 etiarn
1388 3685 1527 3751 Patrem
1543 3694 1580 3750 et
1596 3679 1767 3779 Spiritum
1789 3694 1952 3750 sanctum
1978 3702 2048 3746 non

473 3799 592 3867 minus
610 3813 773 3868 nostrum
791 3798 861 3869 dici
878 3800 1093 3888 Dominum,
1113 3801 1200 3871 sciat
1217 3801 1266 3871 ita
1282 3799 1409 3870 Filium
1433 3799 1550 3871 solum
1566 3799 1637 3870 dici
1658 3799 1856 3869 Dominum
1871 3813 2047 3878 nostrum,

474 3930 516 3987 ut
532 3932 658 4012 praeter
671 3940 752 3989 eum
769 3942 844 3990 non
861 3919 906 3989 sit
921 3918 1010 3990 alius
1026 3918 1190 3990 omnium
1206 3919 1395 3988 Dominus.
1415 3919 1512 3988 Licet
1528 3917 1625 3988 enim
1642 3931 1792 4013 utraque
1808 3914 1956 3986 aliarum
1974 3939 2050 4010 per·

474 4058 644 4106 sonarum
670 4061 769 4133 aeque
795 4037 971 4108 Dominus
990 4051 1112 4108 noster
1134 4038 1225 4106 sicut
1247 4051 1283 4106 et
1306 4039 1401 4106 Deus
1418 4036 1463 4106 sit
1479 4035 1649 4124 dicenda,
1677 4035 1760 4130 quia
1786 4059 1860 4104 non
1889 4049 1942 4103 est
1967 4031 2052 4104 alius

473 4155 650 4231 Dominus
673 4180 745 4228 una
769 4181 923 4254 persona
948 4181 1057 4252 quarn
1083 4154 1175 4244 alia,
1201 4155 1292 4228 sicut
1316 4179 1385 4256 nec
1408 4152 1497 4224 alius
1523 4157 1618 4224 Deus
1649 4151 1816 4248 quaelibet
1838 4174 1980 4236 earum,
2008 4151 2053 4219 ita

473 4279 569 4347 Deus
592 4275 648 4348 vel
674 4277 851 4348 Dominus
878 4276 955 4349 sola
980 4291 1033 4348 est
1058 4275 1225 4362 dicenda,
1243 4289 1284 4345 ut
1299 4273 1503 4345 nullatenus
1519 4298 1576 4345 res
1592 4272 1660 4344 alia
1675 4273 1853 4342 Dominus
1876 4271 1922 4340 sit
1939 4269 2053 4340 existi-

471 4398 623 4487 manda,
649 4398 704 4468 vel
722 4397 829 4470 alius¹
844 4397 890 4470 ab
908 4421 951 4469 ea
966 4398 1144 4470 Dominus
1169 4397 1214 4466 sit
1241 4395 1459 4482 credendus,
1480 4419 1594 4490 quum
1609 4393 1705 4464 idem
1722 4394 1899 4464 Dominus
1915 4391 2005 4460 sicut
2021 4403 2051 4458 et

472 4518 567 4588 Deus
584 4541 658 4589 una
674 4520 719 4588 sit
734 4543 887 4617 persona
905 4542 987 4590 cum
1005 4518 1084 4590 alia.
1740 4528 1743 4536 '
1874 4513 1879 4524 '

524 4640 627 4723 «Qui
644 4654 840 4736 conceptus
864 4653 928 4710 est.
951 4668 968 4705 a
988 4640 1075 4728 Qui,
1096 4640 1261 4735 inquam,
1281 4639 1455 4727 Christm,
1478 4640 1551 4710 sive
1571 4640 1633 4736 qui
1655 4636 1747 4711 filius
1768 4635 1833 4705 Dei
1858 4631 2056 4703 secundum

478 4767 698 4854 assumptam
714 4757 973 4830 humanitatem
990 4772 1185 4855 conceptus
1207 4771 1277 4846 est,
1297 4771 1365 4854 etc.
1385 4763 1434 4829 Ac
1450 4758 1480 4828 si
1500 4757 1678 4828 diceretur
1699 4753 1833 4849 :Cujus
1855 4749 2058 4821 humanitas

480 4874 525 4945 de
542 4877 618 4972 ipsa
635 4877 832 4950 substantia
847 4879 999 4972 Virginis
1016 4903 1080 4975 per
1096 4879 1341 4976 operationem
1359 4877 1488 4953 divinae
1499 4877 1618 4974 gratiae
1627 4889 1802 4972 concepta
1818 4887 1889 4959 est,
1908 4886 1943 4942 et
1959 4884 2055 4940 nata.

507 5149 515 5178 ¹
540 5147 581 5202 stc
594 5151 654 5204 God.
668 5149 733 5202 Viet.
744 5151 982 5205 897.-Aliru'deest
995 5153 1019 5203 in
1029 5153 1088 5204 edit.
1104 5151 1175 5203 Amb.
