4600 6106
389 540 395 549 '
453 563 536 638 sm
715 528 720 541 '
1058 559 1446 635 susurrantium

461 703 594 800 gilitate
616 703 673 774 vel
697 704 804 774 etiam
830 701 988 800 pernicie
1008 725 1075 773 nos
1099 701 1221 776 videas
1240 728 1316 776 non
1341 703 1520 776 dimittere
1539 703 1632 774 sicut
1656 699 1847 790 dehemus,
1866 699 1916 771 da
1935 696 2042 774 nobis

460 824 610 920 gratiam
630 837 671 894 ut
689 820 888 893 monadum
908 820 1131 894 voluntatem
1150 837 1250 896 tuam
1271 823 1514 913 dimittamus,
1536 837 1572 896 et
1591 822 1642 894 sic
1661 836 1763 894 tuam
1782 817 2042 917 indulgentiam

460 965 735 1038 consequamur.
754 945 809 1014 Da
833 956 873 1012 ut
895 942 945 1014 sic
967 941 1155 1040 diligamus
1171 941 1351 1035 homines,
1370 960 1411 1017 ut
1430 967 1558 1016 cortun
1580 967 1657 1016 non
1677 941 1865 1038 diligamus
1888 963 2040 1030 errores,

460 1076 500 1134 ut
524 1064 574 1134 sic
598 1061 634 1133 in
662 1065 712 1134 eis
733 1061 920 1159 diligamus
941 1077 1126 1154 naturam,
1150 1079 1191 1136 ut
1218 1089 1293 1136 non
1318 1065 1505 1162 diligamus
1530 1061 1698 1162 culpam,
1717 1076 1758 1133 ut
1776 1061 1828 1132 sic
1855 1059 2042 1156 diligamus

459 1181 557 1278 quod
575 1197 675 1271 sunt,
690 1180 818 1253 utnon
835 1181 1023 1279 diligamus
1033 1181 1134 1282 quod
1146 1182 1241 1255 male
1254 1183 1400 1256 faciunt.
1420 1182 1600 1254 «Dimitte
1616 1179 1722 1252 nobis
1738 1179 1859 1251 debita
1874 1192 2039 1250 nostra.»

1113 1417 1248 1464 emmo
1272 1417 1390 1465 sExTa.

510 1607 527 1647 α
541 1583 585 1650 Et
600 1603 647 1650 ne
663 1603 730 1651 nos
746 1579 896 1652 inducas
912 1581 949 1652 in
967 1581 1215 1655 tentationem.
1232 1611 1251 1650 u
1265 1585 1388 1670 Quum
1401 1583 1577 1681 scripturn
1593 1583 1669 1656 sit¹:
1692 1609 1710 1648 «
1728 1585 1824 1652 Deus
1845 1581 2041 1651 intentator

457 1699 636 1772 malorum
657 1715 729 1790 est,
755 1700 832 1799 ipse
858 1702 1041 1774 neminem
1061 1716 1174 1774 tentat
1199 1731 1207 1772 :
1233 1704 1478 1801 unusquisque
1505 1717 1626 1776 autem
1650 1716 1808 1774 tentatur
1832 1725 1853 1772 a
1874 1702 2042 1796 concupi·

456 1820 591 1892 soenna
606 1843 672 1892 sua
687 1818 884 1892 abstractus
900 1835 936 1892 et
951 1820 1102 1912 illectus,
1116 1850 1134 1892 u
1149 1821 1303 1920 quidest
1317 1821 1873 1922 quodpetimuequumdicimus
1886 1847 1895 1891 ε
1910 1847 1929 1888 a
1940 1819 1985 1890 u
1996 1807 2059 1888 ne'

457 1963 524 2012 nos
541 1939 694 2012 inducas
706 1939 1015 2012 intentationem?
1028 1970 1046 2010 n
1061 1945 1123 2014 Est
1134 1942 1241 2039 igitur
1252 1967 1376 2016 sensus
1393 1971 1401 2014 r
1419 1947 1469 2014 Ne
1486 1967 1554 2016 nos
1570 1941 1719 2014 inducas
1733 1941 1771 2011 in
1788 1939 2040 2026 tentationem,

457 2083 531 2129 non
548 2074 588 2129 ut
603 2083 790 2156 nunquam
811 2083 878 2132 nos
897 2059 1081 2156 permittas
1096 2063 1244 2153 tentari,
1266 2062 1330 2135 sed
1343 2076 1383 2134 ut
1399 2085 1588 2160 nunquam
1603 2060 1788 2159 permittas
1804 2084 1827 2146 a
1843 2057 2042 2130 tentatione

454 2180 636 2276 superari;
658 2194 694 2250 et
714 2177 761 2252 da
787 2194 827 2250 ut
851 2203 915 2276 per
931 2182 1146 2256 tentationes
1168 2181 1379 2280 probemur,
1402 2177 1921 2280 nonrcprobemur.l1ultnm
1945 2177 2041 2248 enim

454 2313 607 2396 prosunt
629 2299 846 2373 tentationes
869 2299 1007 2390 electis;
1029 2302 1115 2396 quia
1133 2326 1199 2398 per
1221 2303 1463 2374 tentationum
1481 2302 1671 2372 victoriam
1691 2299 1899 2398 pertingunt
1919 2295 1967 2368 ad
1986 2319 2043 2366 co·

455 2443 599 2492 ronam.
626 2419 729 2490 Unde
746 2418 900 2491 Jacobus
919 2420 1142 2517 apostolus¹:
1165 2426 1329 2500 «Beatus
1349 2422 1405 2494 vir
1425 2421 1489 2518 qui
1513 2421 1638 2494 suffert
1662 2421 1916 2507 tentationem,
1934 2431 2002 2488 etc.
2022 2445 2040 2482 n

453 2539 577 2609 ltem⁸r
594 2567 611 2608 u
621 2541 738 2610 Omne
748 2539 919 2633 gaudium
929 2541 1138 2630 existimate,
1152 2539 1289 2630 fratres,
1303 2565 1416 2639 quum
1428 2542 1465 2612 in
1479 2540 1595 2614 varias
1605 2540 1821 2612 tentationes
1832 2537 2040 2624 incideritis

453 2659 604 2729 scientes
625 2658 725 2756 quod
745 2659 912 2755 probatio
930 2659 1014 2732 fidei
1031 2673 1173 2750 vestrae,
1195 2689 1213 2727 u
1236 2685 1332 2759 quae,
1348 2660 1538 2760 subaudis,
1558 2685 1623 2759 per
1641 2660 1857 2732 tentationes
1875 2657 1967 2746 fian
1985 2679 2043 2753 pa·

454 2780 613 2851 tientiem
632 2793 825 2877 operatur:
846 2767 868 2846 uv
879 2777 997 2867 unde,
1018 2779 1091 2850 ein
1112 2782 1284 2878 patientia
1303 2797 1422 2854 vestra
1441 2780 1669 2881 possidebitis
1691 2780 1829 2853 animas
1846 2780 2039 2852 vostrast»

454 2892 707 2971 Tentationum
725 2913 881 2997 quatuor
899 2897 1035 2996 species
1052 2915 1137 2972 sunt
1159 2930 1166 2972 r
1189 2901 1257 2974 alia
1275 2902 1373 2974 enim
1388 2902 1475 2974 levis
1491 2917 1526 2974 et
1548 2899 1713 2974 occulta:
1732 2899 1801 2972 alia
1816 2899 1903 2970 levis
1920 2912 1956 2968 et
1971 2919 2042 2966 ma·

453 3018 602 3092 nifesta:
619 3019 688 3092 alia
704 3021 819 3115 gravis
833 3033 868 3089 et
884 3017 1024 3092 occulta
1041 3047 1049 3090 r
1064 3019 1132 3094 elia
1148 3023 1263 3117 gravis
1279 3037 1316 3094 et
1331 3022 1530 3095 manifesta.
1548 3022 1628 3093 Tria
1644 3035 1766 3093 autem
1780 3034 1864 3091 sunt
1880 3040 1960 3116 quae
1976 3041 2042 3088 nos

454 3152 613 3229 tentant,
627 3163 727 3228 car0,
747 3137 921 3229 mundus,
941 3137 1119 3212 diabolus.
1138 3143 1231 3212 Caro
1248 3165 1315 3212 nos
1331 3153 1445 3213 tentat
1460 3165 1524 3238 per
1541 3138 1660 3237 gulam
1676 3153 1712 3210 et
1727 3138 1904 3211 luxuriam
1917 3163 1925 3206 :
1940 3159 2043 3206 rnun·

453 3257 521 3330 dus
541 3285 606 3356 per
626 3284 800 3358 prospera
820 3275 856 3331 et
871 3258 1020 3332 adversa
1038 3289 1046 3332 ε
1064 3285 1128 3358 per
1144 3287 1320 3360 prospera
1335 3276 1375 3334 ut
1392 3261 1562 3360 decipiat,
1586 3285 1651 3360 per
1666 3259 1816 3332 adversa
1831 3272 1872 3329 ut
1887 3258 2039 3353 frangat.

453 3376 627 3449 Diabolus
643 3378 813 3452 omnibus
828 3377 946 3450 modis
960 3403 1028 3450 nos
1042 3380 1258 3476 aggreditur,
1275 3397 1310 3453 et
1326 3379 1373 3452 ad
1387 3405 1534 3453 omnem
1548 3380 1745 3477 nequitiam
1760 3403 1828 3449 nos
1844 3375 2040 3475 perducere

454 3513 619 3571 conatur.
637 3529 654 3568 «
667 3504 843 3588 Pater,ne
855 3525 921 3571 nos
938 3500 1088 3573 inducas
1104 3502 1142 3572 in
1158 3504 1394 3574 tentationem
1408 3529 1416 3573 :
1431 3530 1449 3572 u
1460 3527 1507 3574 ne
1519 3525 1586 3573 nos
1597 3501 1783 3600 permittas
1795 3497 1925 3570 tentari
1935 3520 2042 3594 supra

456 3617 494 3689 id
509 3617 609 3714 quod
625 3641 816 3717 possumus
833 3647 841 3689 ε
861 3619 925 3690 sed
941 3619 996 3692 sac
1012 3621 1121 3693 etiam
1133 3645 1217 3694 cum
1233 3623 1431 3696 tentatione
1447 3636 1679 3721 provectum,
1697 3635 1738 3692 ut
1752 3619 1931 3718 possimus
1943 3616 2044 3688 susti-

458 3763 554 3809 nere.
577 3767 594 3806 a
607 3742 658 3812 Ne
675 3764 742 3810 nos
759 3739 909 3814 inducas
922 3743 958 3814 in
976 3737 1224 3815 tenunonem.
1240 3771 1258 3812 u

960 4023 965 4030 ι
1089 3956 1225 4003 ΡΕΤΙΤΙΟ
1250 3957 1409 4003 SEPTIMA.

509 4091 614 4164 «Sed
639 4093 751 4166 libera
770 4119 837 4166 nos
855 4119 875 4166 a
896 4070 1010 4168 malos
1029 4123 1046 4162 n
1067 4095 1177 4169 Multa
1201 4112 1286 4178 sunt
1308 4097 1419 4187 mala,
1440 4097 1570 4195 quibus
1592 4096 1751 4168 humana
1777 4091 1939 4166 conditio
1962 4092 2042 4163 sul>

453 4209 565 4306 jacet,
586 4228 622 4286 et
638 4239 795 4312 quorum
814 4238 1017 4313 pressuram
1036 4241 1104 4314 per
1117 4238 1155 4288 se
1170 4219 1318 4290 minime
1335 4217 1486 4290 evadere
1501 4217 1615 4306 valet;
1634 4241 1714 4314 quae
1729 4213 1942 4311 generaliter
1958 4227 2040 4284 con-

455 4332 611 4413 siderata
633 4359 691 4406 sex
709 4335 827 4406 modis
847 4335 1064 4433 distinguere
1080 4361 1283 4435 possumus.
1301 4337 1434 4410 Melum
1450 4337 1547 4409 enim
1563 4336 1661 4408 aliud
1677 4350 1730 4408 est
1744 4335 1926 4433 corporis,
1945 4333 2041 4405 aliud

457 4453 596 4524 animm.
614 4457 703 4526 item
720 4455 817 4527 aliud
834 4471 887 4527 est
900 4456 1053 4547 malum,
1072 4457 1172 4554 quod
1187 4471 1240 4530 est
1255 4457 1377 4556 culpa,
1398 4456 1495 4528 aliud
1516 4455 1619 4554 quod
1634 4470 1686 4528 est
1702 4478 1822 4552 poena.
1839 4459 1928 4525 Item
1944 4452 2041 4526 aliud

457 4577 639 4672 praesentis
656 4576 791 4666 sarculi,
807 4592 842 4647 et
859 4577 957 4648 aliud
973 4578 1096 4650 futuri.
1116 4578 1171 4650 Ab
1188 4577 1358 4650 omnibus
1369 4577 1458 4667 istis,
1478 4591 1513 4647 et
1530 4576 1576 4650 ab
1592 4575 1669 4648 aliis
1685 4599 1765 4672 quae
1780 4599 1844 4673 per
1861 4576 1928 4645 ista
1943 4598 2042 4644 com·

457 4695 731 4792 prehenduntur
748 4699 902 4795 petimus
919 4698 1075 4772 liberari.
1095 4704 1140 4770 Et
1152 4699 1219 4770 sub
1236 4699 1310 4772 istis
1326 4699 1572 4788 continentur,
1590 4697 1738 4795 quando
1755 4719 1899 4770 oramus
1916 4693 2039 4768 dicen·

457 4829 510 4886 tes
530 4844 537 4886 :
554 4817 701 4888 «Libera
718 4841 785 4889 nos
802 4816 848 4902 ab
865 4818 965 4894 omni
981 4817 1078 4890 malo
1094 4847 1111 4886 n
1130 4847 1138 4894 ς
1158 4819 1241 4916 quia
1258 4819 1326 4890 nisi
1343 4834 1381 4890 tu
1399 4819 1527 4891 liberes
1549 4844 1634 4910 nos,
1652 4841 1728 4888 non
1745 4813 1942 4914 poterimus
1963 4814 2039 4883 sine

457 4951 492 5007 te
508 4936 662 5010 liberari.
686 4938 874 5009 «Libera»
892 4963 977 5034 ergo
997 4969 1013 5007 α
1028 4965 1097 5010 nos
1107 4967 1127 5008 >r
1146 4955 1206 5028 tu,
1219 4945 1336 5029 Pater,
1358 4939 1534 5012 «amalo.
1551 4968 1568 5008 u

493 5175 500 5204 ¹
518 5175 614 5238 lacon,
626 5191 670 5244 rap
695 5195 717 5238 r,
730 5193 752 5226 r.
768 5178 805 5228 13,
818 5176 867 5215 -’
881 5176 988 5240 ibid.,r.
1001 5174 1190 5242 n.-⁸1tt‹t.,
1204 5197 1226 5230 r.
1240 5184 1262 5231 3.
1276 5179 1478 5244 -⁴Luc.,xxr,
1492 5195 1515 5233 r.
1531 5182 1568 5232 te.
