4520 6104
474 637 543 706 232
1008 717 1016 742 α
1073 625 1201 698 rnatu
1226 625 1462 698 mactum

472 793 614 864 tamen,
646 789 681 846 et
707 773 849 844 crebras
866 768 1124 869 postulationes
1152 767 1248 862 ejus,
1277 767 1445 866 praestiti,
1465 780 1504 837 ut
1527 764 1694 838 docerem
1723 765 1823 863 quod
1848 765 2050 840 didiceram.

471 897 589 969 Sicubi
607 894 833 982 haesitabam,
859 906 895 963 et
915 891 1051 962 nescire
1070 913 1128 960 me
1148 889 1301 985 ingenue
1320 885 1536 975 confitebar,
1559 909 1787 984 nequaquam
1806 886 1893 958 mihi
1914 887 2054 960 volebat

469 1019 710 1115 acquiescere3
733 1013 798 1086 sed
815 1013 891 1110 jugi
915 1009 1193 1107 interrogatione
1222 1007 1392 1105 cogebat,
1417 1021 1453 1080 ut
1473 1033 1493 1080 e
1514 1006 1634 1079 multis
1654 1009 1829 1104 variisque
1846 1009 2052 1099 sententiis,

468 1163 548 1234 quae
578 1136 666 1208 mihi
696 1134 877 1206 videretur
903 1129 1144 1230 probabilior,
1177 1126 1384 1200 indicarem.
1407 1131 1547 1224 Loquar
1573 1143 1609 1199 et
1634 1126 1753 1214 aliud,
1783 1128 1883 1225 qnod
1912 1127 2052 1200 forsitan

468 1257 603 1330 aemulis
618 1254 781 1326 videatur
801 1249 1020 1322 incredibile.
1039 1248 1223 1320 Hebraeam
1238 1247 1394 1344 linguam
1408 1301 1417 1335 ,
1432 1271 1541 1344 quam
1553 1270 1620 1344 ego
1634 1245 1680 1319 ab
1692 1246 1931 1318 adolescentia
1943 1249 2053 1320 multo

467 1378 613 1468 labore,
635 1401 677 1448 ac
693 1373 824 1448 sudore
841 1396 886 1444 ex
907 1385 1008 1469 parte
1029 1369 1157 1460 didici,
1189 1367 1452 1464 etinfatigabili
1478 1367 1709 1440 meditatione
1736 1392 1811 1439 non
1835 1367 1984 1459 desero,
2012 1395 2055 1442 ne

464 1503 543 1598 ipse
565 1499 610 1570 ab
636 1520 678 1570 ea
696 1495 862 1582 deserar,
890 1491 1025 1562 discere
1053 1489 1183 1576 voluit,
1214 1503 1250 1559 et
1270 1502 1461 1560 consecuta
1480 1502 1533 1559 est
1556 1515 1564 1558 ι
1590 1488 1638 1559 ita
1662 1501 1701 1558 ut
1718 1487 1875 1585 psalmos
1892 1486 2055 1560 hebraice

468 1633 634 1708 caneret,
658 1631 694 1688 et
712 1633 918 1686 sermonem
945 1608 1080 1704 absque
1105 1607 1175 1678 ulla
1193 1604 1310 1678 latinae
1330 1604 1459 1703 lingnae
1475 1607 1690 1705 proprietate
1707 1623 1928 1705 personaret.
1950 1607 2055 1695 Quod

349 1725 352 1736 ¹
468 1741 616 1840 quidem
641 1759 755 1834 nsque
779 1731 890 1803 hodie
912 1731 949 1801 in
972 1742 1094 1800 sancta
1119 1726 1191 1798 frlia
1210 1727 1285 1823 ejus
1310 1725 1503 1798 Eustochio
1524 1727 1715 1798 cernimus.
1735 1725 1901 1798 Sciebant
1925 1729 2056 1826 quippe

468 1864 661 1938 latinorum
690 1853 859 1928 codicum
885 1850 1088 1922 doctrinam
1115 1873 1159 1920 ex
1181 1845 1356 1918 hebraicis
1385 1862 1420 1919 et
1441 1846 1562 1943 graecis
1583 1847 1796 1944 processisse
1827 1847 1985 1945 scriptis,
2024 1864 2056 1920 et

469 1984 602 2054 idioma
630 1977 873 2072 cujuscunque
898 1970 1027 2067 linguae
1050 1967 1095 2040 ad
1119 1967 1267 2067 plenum
1287 1968 1325 2038 in
1344 1966 1530 2065 peregrina
1552 1967 1684 2038 servari
1702 1964 1748 2038 ab
1765 1967 1958 2064 interprete
1984 1992 2057 2039 non

469 2127 585 2203 posse.
609 2096 718 2187 Quod
734 2111 807 2167 tam
823 2091 981 2182 Hebraei,
997 2114 1108 2187 quam
1125 2088 1239 2160 Graeci
1255 2087 1302 2159 de
1318 2085 1537 2186 perfectione
1548 2086 1753 2183 gloriantes,
1770 2091 1900 2162 nostris
1913 2088 2058 2160 transla-

469 2221 629 2310 toribus,
652 2217 749 2290 velut
766 2211 1000 2312 imperfectis,
1024 2233 1287 2306 nonnunquam
1304 2206 1472 2280 insultare
1497 2223 1783 2298 consueverunt,
1813 2209 1920 2281 talem
1943 2211 1981 2280 in
2003 2233 2057 2281 ar·

468 2331 678 2444 gumentum
701 2330 969 2410 similitudinem
989 2344 1204 2419 asserentes,
1225 2327 1325 2425 quod
1341 2325 1490 2426 quilibet
1502 2325 1621 2424 liquor
1633 2328 1671 2398 in
1688 2327 1790 2426 plura
1809 2351 1893 2399 vasa
1906 2329 2058 2400 vicissim

469 2463 685 2547 transfusus,
714 2456 937 2558 plenitudine
963 2475 1027 2524 sua
1052 2449 1252 2522 necessario
1275 2448 1465 2538 minuitur,
1492 2472 1559 2520 nec
1578 2447 1654 2545 ejus
1669 2449 1847 2545 quantitas
1866 2450 1903 2520 in
1926 2449 2059 2522 caeteris

470 2587 561 2658 vasis
575 2597 692 2684 potest
714 2577 881 2678 reperiri,
901 2599 1011 2673 quam
1030 2573 1067 2643 in
1088 2572 1209 2670 priore
1232 2568 1370 2641 habuit.
1394 2569 1497 2640 Unde
1515 2584 1551 2640 et
1570 2568 1660 2640 illud
1679 2593 1772 2668 saepe
1790 2570 1939 2659 accidit,
1958 2570 2059 2668 quod

469 2732 583 2806 quum
599 2700 776 2802 aliquibus
792 2695 1003 2772 testimoniis
1019 2692 1161 2765 ludaeos
1178 2715 1326 2789 arguere
1343 2691 1511 2782 nitimur,
1535 2689 1635 2762 facile
1650 2715 1718 2762 nos
1735 2689 1896 2763 refellere
1917 2691 2057 2784 solent,

469 2831 532 2928 qui
555 2825 765 2900 hebraicum
785 2823 1012 2918 ignoramus,
1038 2839 1081 2886 ex
1104 2811 1394 2900 translationum,
1420 2827 1460 2883 ut
1481 2811 1603 2902 aiunt,
1633 2826 1838 2884 nostrarum
1860 2811 2059 2885 falsitate.»

468 2949 578 3039 Quod
595 2942 862 3046 sapientissime
879 2938 1045 3010 mulieres
1061 2933 1236 3032 praedictae
1255 2932 1442 3030 diligenter
1461 2931 1705 3022 attendentes,
1726 2929 1953 3030 nequaquam
1975 2960 2062 3032 pro-

468 3075 553 3173 priae
576 3069 704 3170 linguae
728 3045 1085 3137 doctrinaconteutae
1105 3057 1249 3128 fuerunt
1270 3083 1277 3126 ε
1303 3069 1342 3127 ut
1362 3079 1437 3127 non
1456 3053 1572 3126 solum
1590 3077 1674 3126 suos
1691 3055 1886 3146 instruere,
1913 3079 2062 3127 verum-

469 3194 574 3264 etiam
594 3188 682 3267 alios
702 3184 860 3258 refellere
883 3195 1050 3279 possent,
1081 3193 1117 3250 et
1142 3177 1188 3248 de
1213 3176 1460 3274 limpidissima
1481 3175 1588 3247 fontis
1608 3199 1717 3272 aqua,
1740 3177 1834 3248 sitim
1856 3199 1958 3247 suam
1976 3176 2061 3248 refi-

469 3327 602 3390 cerent.
625 3310 678 3382 hd
698 3305 798 3406 quod
814 3305 987 3391 maxime,
1004 3302 1042 3371 ni
1052 3299 1176 3389 fallor,
1195 3301 1272 3398 ipse
1289 3299 1528 3394 Hieronymus
1543 3297 1673 3369 harum
1687 3299 1821 3398 peritus
1833 3296 2059 3395 linguarum,

467 3458 534 3512 suo
564 3441 821 3531 provocaverat
847 3421 1024 3521 exemplo.
1046 3420 1164 3517 Cnjus
1177 3418 1325 3517 quidem
1352 3421 1484 3516 peritiae
1500 3418 1758 3518 perfectionem
1780 3436 1916 3518 quanto
1937 3421 2062 3494 labore

470 3552 526 3624 vel
538 3549 701 3650 expensis
712 3546 934 3644 acquisierit,
955 3541 1002 3614 ad
1016 3539 1287 3613 Pammachium
1299 3554 1334 3612 et
1347 3543 1532 3610 Oceanum
1546 3538 1668 3610 scribit
1679 3539 1736 3612 his
1748 3539 1865 3612 verbis
1878 3545 1887 3580 ¹
1904 3569 1912 3611 :
1932 3546 2062 3613 «Dum

470 3669 756 3765 essemjuvenis‚
775 3667 866 3737 miro
881 3663 1043 3735 discendi
1062 3658 1199 3732 ferebar
1220 3659 1371 3750 ardore,
1394 3683 1480 3750 nec,
1498 3659 1599 3754 juxta
1623 3659 1865 3757 quorumdam
1894 3687 2064 3760 praesum-

470 3795 630 3891 ptionem
641 3842 651 3879 ‚
664 3791 743 3887 ¹ipse
757 3811 815 3860 me
833 3785 953 3861 docui,
971 3781 1229 3881 Apollinarium
1242 3780 1484 3852 Laodicenum
1497 3781 1618 3852 audivi
1635 3780 1827 3856 Antiochiae
1841 3782 2060 3880 frequenter,

470 3931 505 3998 et
529 3914 642 4001 colui3
666 3926 700 3982 et
715 3933 828 4007 quum
846 3931 903 3977 me
919 3906 956 3975 in
976 3905 1106 3976 sanctis
1124 3903 1307 4000 scripturis
1337 3900 1514 3990 erudiret,
1541 3925 1728 3999 nunquam
1748 3901 1841 3973 illius
1862 3905 2066 3974 contentio·

469 4061 550 4109 sum
577 4057 684 4131 super
705 4054 812 4102 sensu
833 4028 963 4124 dogma
982 4024 1133 4123 suscepi.
1157 4028 1237 4094 lam
1260 4024 1358 4096 canis
1385 4022 1616 4119 spargebatur
1640 4037 1767 4121 caput,
1794 4037 1830 4094 et
1849 4025 2066 4120 magistrum

471 4159 588 4256 potius
613 4177 722 4252 quam
747 4147 962 4246 discipulum
989 4145 1151 4218 decebat.
1183 4145 1324 4215 Penexi
1352 4159 1470 4216 tamen
1499 4143 1767 4234 Alexandriam,
1795 4143 1917 4217 audivi
1951 4147 2066 4242 Didy-

471 4302 569 4348 mum
589 4304 597 4346 ε
619 4276 656 4346 in
679 4269 800 4344 multis
819 4269 851 4340 ei
872 4267 998 4364 gratias
1018 4290 1111 4363 ago:
1133 4263 1233 4361 quod
1252 4265 1401 4352 nescivi,
1423 4262 1551 4354 didici3
1575 4262 1676 4360 quod
1696 4263 1871 4354 sciebam,
1900 4263 1963 4336 illo
1994 4265 2067 4337 do-

470 4373 666 4470 centenno
687 4389 840 4492 perdidi.
866 4385 1042 4462 Putabant
1060 4409 1119 4456 me
1138 4385 1303 4456 homines
1321 4383 1430 4456 fmem
1451 4383 1574 4456 fecisse
1594 4382 1758 4455 discendi
1780 4411 1788 4455 ε
1813 4385 1895 4456 veni
1914 4409 2066 4457 rursum

468 4515 752 4612 Hierosolymam
770 4524 806 4582 et
824 4506 1054 4579 bethlehem:
1076 4530 1150 4602 quc
1168 4504 1313 4595 labore,
1338 4529 1413 4602 quo
1436 4504 1552 4603 pretio
1576 4503 1816 4576 Barrabanum
1837 4520 2066 4578 nocturnum

469 4640 579 4712 habui
591 4627 865 4736 praeceptorem!
887 4627 1047 4700 Timebat
1064 4627 1160 4699 enirn
1181 4625 1342 4716 Judaeos,
1366 4642 1402 4698 et
1419 4627 1507 4699 mihi
1524 4651 1561 4697 se
1580 4625 1730 4697 alterum
1750 4625 1938 4699 exhibebat
1953 4629 2068 4700 Nico-

471 4761 629 4831 demum.
651 4761 788 4826 Horum
806 4752 970 4822 omniurn
988 4748 1192 4845 frequenter
1204 4748 1242 4818 in
1264 4746 1444 4846 opusculis
1458 4747 1547 4818 meis
1566 4745 1655 4818 facio
1670 4747 1937 4818 mentionem.»
1953 4753 2069 4821 Hunc

471 4878 588 4950 zelum
611 4875 699 4946 tanti
719 4871 897 4958 doctoris,
922 4885 957 4940 et
977 4883 1178 4941 sanctarum
1194 4866 1405 4940 feminarum
1420 4869 1457 4940 in
1472 4866 1656 4965 scripturis
1668 4866 1797 4939 divinis
1811 4867 2067 4960 considerans,

471 5000 617 5086 monui,
650 5011 685 5068 et
701 4995 917 5065 incessanter
935 4990 1085 5088 implere
1101 5013 1167 5062 vos
1184 4990 1313 5088 cupio,
1340 5005 1379 5061 ut
1400 4988 1488 5062 dum
1509 4988 1677 5086 potestis,
1703 5002 1739 5062 et
1756 5003 1906 5064 matrem
1928 4989 2070 5062 harum

505 5265 513 5294 ¹
533 5261 610 5326 Epist.
625 5275 679 5322 ιιι,
694 5257 754 5320 opp.
766 5264 784 5306 t.
796 5253 839 5317 tt,
850 5254 898 5306 col.
912 5255 968 5303 att.
