4536 6102
414 596 473 668 DE
497 598 642 670 LAUDE
667 601 819 674 SANCTl
843 602 1056 676 STEPHANI
1082 603 1451 676 PROTOMARTYRlS
1473 602 1633 674 SERMO.
1746 601 1817 674 563

243 735 478 835 praecedentia
494 738 715 836 Stephanum
731 743 838 813 etiam
851 769 917 840 pro
934 771 971 816 se
988 747 1065 842 ipso
1078 770 1197 818 orasse
1206 769 1319 842 quum
1336 744 1481 816 dicitur¹
1502 773 1510 815 ε
1524 749 1595 815 «Et
1612 743 1820 842 lapidabant

242 853 464 954 Stephanum
470 858 697 932 invocantem
705 877 740 932 et
748 861 925 934 dicentem
939 892 947 935 ε
961 893 978 932 u
987 867 1141 935 Domine
1147 866 1389 961 lesu,suscipe
1398 865 1560 961 spiritum
1571 888 1705 935 meum.
1719 889 1737 930 n
1751 863 1819 934 Ubi

243 975 431 1071 diligenter
446 977 706 1050 attendendum
721 980 827 1052 video
844 997 979 1078 quanta
994 985 1139 1055 caritate
1155 984 1247 1054 inter
1262 983 1359 1079 ipsos
1375 981 1535 1079 lapidum
1552 985 1642 1053 ictus
1658 982 1821 1052 inimicos

243 1095 489 1193 amplecteret,
514 1121 580 1195 pm
609 1100 739 1196 quibus
760 1126 834 1172 non
855 1103 972 1174 solum
999 1118 1095 1188 orat,
1113 1103 1177 1174 sed
1199 1104 1305 1173 etiam
1330 1103 1427 1173 flexis
1453 1099 1602 1198 genibus
1626 1101 1818 1199 supplicat,

243 1215 342 1312 quod
363 1241 591 1314 nequaquam
612 1218 740 1316 legitur
764 1246 832 1319 pro
856 1223 974 1320 seipso
999 1223 1139 1311 secisse,
1159 1246 1284 1294 verum
1305 1223 1412 1294 etiarn
1432 1245 1500 1320 pro
1518 1222 1573 1293 his
1591 1245 1683 1319 quos
1703 1222 1820 1320 primo

243 1336 396 1429 graviter
412 1359 559 1432 arguere
573 1352 609 1408 et
625 1353 699 1409 tam
714 1363 778 1410 sua
794 1365 902 1436 quam
923 1357 1067 1439 patrum
1084 1365 1231 1412 suorum
1252 1340 1385 1412 scelera
1406 1363 1482 1412 non
1505 1339 1624 1410 timuit
1645 1341 1823 1437 imprope-

244 1477 335 1526 rare.
350 1460 400 1525 Ex
418 1473 554 1553 quanto
571 1473 692 1529 autem
708 1461 862 1533 caritatis
880 1461 979 1533 sonte
995 1462 1032 1534 id
1048 1463 1249 1560 perveniret
1266 1460 1425 1532 exhibuit
1437 1462 1475 1531 in
1491 1457 1581 1548 fine,
1601 1460 1638 1530 in
1655 1483 1728 1556 quo
1745 1473 1821 1528 tum

244 1575 420 1671 praecipue
436 1576 633 1647 Dominum
649 1581 769 1649 lesum
786 1580 915 1652 imitari
931 1581 1086 1672 videtur,
1105 1582 1167 1678 qui
1183 1580 1230 1652 ad
1243 1581 1448 1680 passionem
1464 1579 1640 1650 deductus
1655 1601 1723 1674 pro
1739 1599 1821 1646 cnr·

243 1693 466 1790 ciligentibus
484 1695 694 1794 deprecatus
711 1714 764 1770 est
780 1699 922 1772 dicens·
940 1697 950 1772 Ξ
971 1700 1118 1792 «Pater,
1136 1703 1281 1798 ignosce
1294 1701 1375 1791 illis,
1394 1701 1584 1772 nonenim
1600 1700 1717 1770 sciunt
1735 1696 1823 1793 quid

245 1811 390 1884 faciunt.
407 1841 424 1879 n
443 1815 667 1912 Perpendite,
686 1817 851 1909 obsecr0,
869 1821 1058 1892 carissimae
1079 1845 1220 1893 sorores
1241 1835 1276 1892 et
1292 1819 1372 1892 liliae
1387 1819 1535 1908 Christi,
1553 1832 1687 1916 quanta
1700 1818 1822 1915 provi·

244 1931 366 2004 dentia
381 1932 510 2004 divinae
523 1937 663 2032 pietatis
679 1937 774 2010 circa
786 1961 851 2009 vos
868 1938 974 2010 luerit
989 1941 1053 2036 qui
1069 1938 1162 2011 hanc
1175 1939 1360 2012 famulatui
1376 1953 1495 2011 vestro
1509 1938 1695 2009 caritatem
1713 1936 1824 2033 depu-

244 2052 343 2140 tavit,
357 2076 437 2148 quae
444 2077 511 2123 nec
519 2053 683 2138 inimicis,
693 2077 806 2151 quum
813 2057 1048 2147 occideretur,
1065 2059 1168 2129 irasci
1179 2059 1309 2156 potuit,
1321 2049 1361 2129 u't
1370 2057 1642 2156 hincproecipue
1652 2054 1823 2150 colligatis

244 2172 332 2268 quid
348 2171 394 2242 de
410 2173 489 2270 ipso
503 2173 606 2244 vobis
617 2174 661 2245 sit
678 2175 896 2272 sperandum
913 2178 975 2273 qui
991 2178 1249 2250 sicseinimicis
1264 2177 1416 2275 praebuit
1432 2177 1642 2275 propitium.
1660 2158 1823 2270 Legrhrus

244 2307 280 2362 et
296 2292 383 2364 alios
399 2317 567 2390 sequaces
583 2293 658 2389 ejus
675 2294 814 2366 lortiter
832 2296 1033 2386 dimicasse,
1052 2297 1171 2369 nullos
1187 2312 1307 2369 autem
1323 2297 1380 2367 vel
1397 2319 1532 2396 paucos
1547 2293 1642 2364 hanc
1659 2292 1822 2391 exemplo

245 2412 390 2483 Domini
402 2413 456 2483 sui
468 2413 784 2512 interemptoribus
801 2417 950 2511 gratiam
963 2416 1175 2489 exlribuisse.
1196 2416 1300 2488 Unde
1313 2429 1350 2488 et
1363 2417 1491 2488 merito
1502 2416 1640 2513 primus
1656 2414 1692 2483 in
1710 2437 1825 2508 agone

244 2531 402 2601 Domino
420 2532 610 2604 succedere
627 2535 773 2622 meruit,
787 2536 845 2606 cui
861 2560 903 2606 ex
919 2551 1018 2608 tanta
1033 2537 1174 2608 virtutis
1186 2535 1385 2606 imitatione
1396 2535 1636 2633 propinquior
1647 2533 1772 2622 extitit,
1786 2546 1826 2602 ut

245 2671 318 2744 quo
328 2649 523 2747 proiectior
538 2667 630 2722 esset
641 2653 789 2741 virtute,
808 2654 907 2751 prior
917 2669 1155 2725 assumeretur
1165 2655 1201 2725 in
1212 2648 1395 2750 exemplo·
1409 2676 1550 2751 pugnae.
1788 2653 1792 2662 '

293 2771 337 2838 ht
352 2791 399 2840 ne
415 2784 522 2841 tantae
538 2773 694 2844 caritatis
710 2771 879 2844 allectum
895 2773 931 2844 in
949 2774 1113 2845 oratione
1133 2795 1196 2844 sua
1218 2796 1293 2844 non
1317 2771 1534 2842 obtinuisse*
1554 2785 1721 2868 putemus
1744 2769 1826 2840 elle·

245 2899 360 2975 ctum,
384 2887 556 2960 attendite
575 2889 663 2985 quid
683 2891 846 2961 oratione
867 2887 926 2961 illa
943 2892 1131 2988 proveniat
1142 2904 1178 2962 et
1190 2905 1371 2986 sequatur.
1397 2889 1542 2960 Dictum
1559 2887 1694 2985 quippe
1711 2887 1825 2958 luerat

245 3021 350 3079 testes
366 3008 445 3080 illos
465 3008 572 3082 salsos
598 3010 729 3107 quihus
751 3009 992 3109 lapidantibus
1013 3009 1164 3084 traditus
1181 3025 1252 3100 est,
1275 3007 1511 3081 custodienda
1530 3008 1743 3079 vestimenta
1761 3027 1825 3078 sua

244 3149 346 3197 secus
354 3127 464 3224 pedes
473 3127 709 3200 adolescentis
717 3129 813 3200 Sauli
821 3129 1040 3227 deposuisse,
1054 3143 1179 3227 postea
1188 3153 1275 3200 vero
1285 3151 1411 3226 quum,
1421 3126 1561 3225 expleta
1568 3126 1744 3216 oratione,
1757 3149 1825 3222 pro

245 3245 397 3317 inimicis
407 3262 541 3342 martyr
550 3249 713 3318 statimin
722 3249 880 3319 Domino
886 3247 1297 3338 obdormivissedicitur,
1310 3271 1394 3319 mox
1407 3246 1453 3318 de
1460 3245 1590 3318 eodem
1600 3244 1825 3317 adolescente

245 3362 352 3435 Saulo
361 3364 579 3434 subinfertur
594 3391 603 3433 ε
618 3341 766 3436 «Saulus
781 3379 902 3435 autem
918 3379 994 3435 erat
1009 3366 1238 3436 consentiens
1247 3363 1328 3434 neci
1339 3363 1428 3458 ejus,
1442 3377 1511 3434 etc.
1525 3389 1544 3430 n
1558 3361 1698 3456 Quibus
1708 3363 1826 3435 verbis

245 3484 392 3582 quidem
406 3485 444 3554 in
460 3483 533 3554 hoc
548 3486 701 3556 maxime
717 3483 944 3556 adolescente
955 3485 1031 3581 ejus
1047 3486 1162 3557 oratio
1179 3483 1360 3556 inactuosa
1371 3483 1564 3573 invenitur,
1578 3481 1687 3554 utille
1701 3499 1827 3581 postea

245 3627 310 3702 per
323 3604 489 3676 meritum
498 3602 670 3701 Stephani
682 3627 876 3676 conversus
889 3603 996 3675 Srisse
1005 3603 1185 3693 credatur,
1197 3627 1380 3701 perquem
1391 3602 1578 3673 universus
1586 3601 1662 3673 sere
1670 3602 1827 3675 mundus

246 3723 292 3796 ad
311 3727 427 3794 Deum
443 3735 724 3811 converteretur,
742 3736 783 3794 ut
798 3721 869 3794 hoc
891 3724 1011 3820 ipsum
1028 3722 1127 3818 quod
1150 3721 1329 3792 credimus
1349 3720 1522 3819 Stephani
1547 3721 1681 3792 meritis
1701 3745 1827 3796 omnes

245 3843 377 3940 pariter
393 3857 515 3938 gentes
530 3841 742 3912 tribuamus

294 3963 365 4034 Sed
381 3987 449 4035 nec
464 3963 647 4061 Stephano
669 3960 847 4059 lapidato¹
862 3960 1155 4059 persequentium
1172 3957 1225 4030 ira
1240 3957 1364 4031 sedata
1377 3972 1449 4047 est,
1467 3958 1532 4029 sed
1547 3972 1649 4030 tanto
1675 3959 1826 4058 amplius

247 4095 485 4182 proptereum
495 4105 657 4169 accensa,
670 4094 808 4178 quanto
822 4094 963 4152 constat
973 4103 1056 4150 eum
1065 4083 1142 4149 Deo
1157 4078 1268 4175 magis
1280 4075 1536 4175 acceptabilem
1548 4090 1584 4146 et
1599 4075 1753 4146 inimicis
1760 4080 1824 4150 Dei

246 4204 353 4276 fuisse
366 4202 551 4274 odibilem.
570 4201 676 4274 Unde
688 4216 724 4272 et
737 4201 936 4299 sequitur⁸:
954 4205 1081 4272 «Facta
1092 4213 1145 4271 est
1153 4199 1354 4297 persecutio
1361 4195 1539 4293 magnain
1550 4193 1707 4267 Ecclesia
1720 4196 1757 4266 in
1767 4195 1827 4268 illa

246 4323 307 4395 die
322 4347 400 4420 quae
415 4335 492 4394 erat
507 4323 545 4394 in
559 4320 801 4418 lerosolymis,
814 4336 850 4394 et
860 4345 987 4393 omnes
1003 4320 1153 4418 dispersi
1169 4333 1253 4390 sunt
1268 4341 1333 4417 per
1348 4317 1512 4414 regiones
1523 4314 1645 4387 ludeae
1655 4331 1692 4387 et
1707 4318 1827 4389 Sarna·

247 4443 324 4533 riae,
342 4457 470 4541 praeter
489 4442 684 4540 apostolos.
709 4469 726 4510 n
750 4443 858 4538 Cujus
878 4441 1026 4539 quidem
1046 4439 1304 4540 persecutionis
1321 4439 1582 4538 dispersionem
1600 4439 1638 4508 in
1655 4451 1826 4534 quantam

246 4561 397 4634 salutem
419 4560 582 4633 Ecclesiae
602 4561 778 4634 Dominus
805 4563 1039 4653 converterit,
1057 4575 1098 4632 ut
1118 4560 1164 4632 de
1179 4574 1296 4631 morte
1320 4558 1453 4631 scilicet
1471 4557 1644 4657 Stephani
1668 4556 1828 4632 desolata

247 4681 433 4753 materiam
442 4682 618 4780 acciperet
629 4679 930 4772 consolationum,
942 4681 1127 4779 sequentia
1135 4678 1310 4768 indicant,
1318 4675 1656 4776 quumhoeoscilicet
1667 4674 1827 4748 fidelium

247 4797 424 4896 dispersio
440 4799 572 4870 multos
588 4801 625 4871 in
642 4799 752 4871 lidem
768 4799 899 4871 Christi
916 4812 1149 4896 congregaret
1163 4796 1332 4896 populos,
1345 4797 1436 4868 sicut
1451 4796 1489 4866 in
1505 4793 1828 4890 sequentibuscon·

282 5096 291 5124 ⁴
309 5097 365 5148 Act.
382 5097 477 5162 Apum,
491 5111 547 5164 cap.
563 5113 611 5159 m,
625 5113 650 5148 r.
665 5099 708 5150 SS.
722 5123 754 5135 -
763 5096 774 5126 ⁸
784 5097 856 5159 Luc„
869 5109 925 5164 cap.
939 5111 1019 5158 xxtrt,
1059 5103 1169 5145 earet-
1179 5091 1191 5120 ⁴
1200 5089 1263 5144 nod.
1280 5087 1616 5157 opham-'lantum
1626 5087 1689 5140 cod.
1700 5090 1826 5154 lapidatio.
1838 5065 1846 5080 ο

248 5179 1020 5261 v.tl.-⁸lep'tmiuccd.lneraplopueaoe,quodeeuea
1059 5177 1487 5242 -·nu.rpou.‚enp.uu‚v.t.
