4510 6108
416 577 515 649 ·536
1043 575 1170 646 PE‘l'Rl
1196 575 1431 648 ABAELAlllll

441 719 576 788 Pavens
593 719 753 812 quoque¹
774 741 782 783 ε
805 740 822 782 u
840 717 959 801 Quam
975 713 1154 803 terribilis,
1170 742 1189 783 u
1207 715 1343 812 inquit,
1364 741 1382 782 κ
1399 728 1451 787 est
1467 713 1567 786 locus
1582 711 1670 785 iste!
1687 741 1705 782 u
1722 713 1946 808 Terribilem,
1957 716 2028 790 hoc

442 849 495 905 est
511 858 652 906 summa
668 835 867 906 reverentia
883 834 1033 930 dignum
1045 857 1122 906 esse
1136 835 1362 930 recognoscit
1375 861 1383 905 :
1396 835 1433 905 in
1450 858 1543 930 quo,
1561 848 1602 904 ut
1618 831 1757 904 dictum
1772 848 1839 924 est,
1857 849 2027 934 tanquam

441 955 477 1023 in
495 952 643 1051 spiritali
659 953 817 1050 templo,
838 979 880 1025 ac
896 953 964 1025 sibi
979 955 1122 1052 penitus
1144 953 1282 1043 dicato,
1305 978 1371 1052 per
1391 952 1666 1026 abundantioris
1683 953 1801 1048 gratiae
1817 953 1916 1027 dona
1935 960 2028 1028 Deus

441 1071 629 1144 inhabitat.
656 1071 727 1144 Sed
751 1073 837 1170 quia
863 1072 966 1143 multi
991 1073 1086 1145 hanc
1115 1074 1353 1145 reverentiam
1378 1073 1460 1144 loco
1493 1072 1618 1145 deberi
1644 1090 1935 1170 recognoscunt,
1959 1101 2028 1150 nec

441 1209 561 1264 tamen
584 1193 634 1263 illi
658 1193 752 1266 hanc
773 1194 960 1283 exhibent,
984 1219 1051 1266 nec
1078 1193 1176 1266 illam
1201 1193 1356 1293 apostoli
1374 1194 1694 1266 comminationem
1710 1210 1887 1293 expavent
1901 1199 1935 1266 ἐ
1957 1199 2027 1267 «Si

441 1313 521 1409 quis
536 1312 722 1384 violaverit
738 1313 913 1411 templum
929 1313 1012 1401 Dei,
1032 1313 1215 1411 disperdet
1230 1311 1332 1384 illum
1347 1317 1460 1404 Deus,
1479 1341 1496 1380 u
1510 1312 1605 1385 bene
1616 1315 1838 1411 premissum
1854 1330 1925 1404 est,
1940 1343 1959 1384 u
1971 1339 2029 1414 pe

441 1456 547 1520 vens,
562 1459 580 1498 u
599 1447 639 1502 ut
655 1432 754 1529 quod
771 1432 978 1531 pavendum
995 1455 1162 1503 essenon
1180 1431 1342 1521 dubitat,
1357 1432 1541 1504 offendere
1556 1433 1594 1503 in
1611 1457 1655 1504 eo
1672 1457 1748 1505 non
1764 1450 1967 1532 praesumat.
1985 1441 2027 1507 Et

442 1550 603 1640 attende,
628 1551 727 1648 quod
749 1575 861 1647 quum
884 1551 1111 1648 praemiserit:
1133 1554 1308 1623 «Domus
1332 1551 1421 1640 Dei,
1442 1551 1598 1623 »statim
1619 1553 1808 1642 annexuit,
1829 1582 1847 1623 u
1869 1569 1906 1626 et
1925 1570 2026 1652 porta

441 1667 533 1742 coeli.
557 1699 574 1737 u
593 1672 658 1741 Hic
675 1685 729 1742 est
751 1669 830 1741 talis
856 1670 991 1760 aditus,
1009 1671 1110 1766 regui
1127 1670 1298 1760 coelestis,
1316 1695 1360 1742 ex
1381 1694 1455 1769 quo
1471 1671 1548 1743 sine
1569 1672 1741 1744 dilatione
1757 1671 1803 1744 de
1824 1670 1931 1771 hujus
1949 1675 2026 1746 vitae

442 1791 693 1864 observatione
710 1790 793 1861 illuc
810 1792 1023 1881 introeatur,
1040 1791 1139 1864 nulla
1151 1791 1317 1865 videlicet
1332 1793 1545 1891 purgatione
1561 1794 1784 1891 interposita.

490 1914 608 2010 Surgit
624 1937 730 1984 manc
747 1912 872 2003 Jacob,
887 1927 923 1984 et
934 1913 1105 2011 lapidem,
1120 1937 1229 2009 quem
1245 1928 1481 2011 supposuerat
1494 1915 1601 2012 capiti
1614 1937 1682 1984 suo
1698 1913 1800 2009 erigit
1816 1914 1854 1985 in
1869 1915 2023 2002 titulum,

444 2035 634 2132 ipsumque
651 2032 732 2103 oleo
749 2031 903 2130 desuper
918 2032 1060 2123 infuso,
1075 2057 1177 2105 more
1187 2031 1367 2132 pontificis
1382 2047 1509 2104 votum
1524 2031 1642 2131 explet
1656 2032 1893 2106 dedicationis
1907 2036 2024 2132 :quasi

441 2154 478 2223 in
497 2151 569 2223 hoc
584 2153 908 2251 primogenitorum
924 2150 1135 2248 dignitatem
1151 2176 1261 2249 quam
1277 2167 1412 2224 emerat
1432 2177 1611 2225 exercens.
1635 2153 1874 2248 Primogenita
1894 2154 2025 2252 quippe

440 2287 528 2343 tunc
549 2273 655 2344 fuisse
676 2273 846 2343 dicuntur
867 2272 974 2342 vestis
998 2297 1062 2343 seu
1082 2272 1237 2368 dignitas
1257 2272 1504 2362 sacerdotalis,
1523 2296 1633 2371 quam
1651 2272 1884 2371 primogeniti
1904 2271 2024 2343 fratres

441 2415 507 2488 per
522 2390 812 2463 benedictionem
828 2404 1016 2489 paternam
1032 2389 1273 2488 accipiebant,
1291 2405 1332 2462 ut
1347 2390 1414 2463 soli
1430 2392 1523 2463 inter
1538 2390 1664 2462 fratres
1680 2389 1892 2464 sacerdotali
1906 2389 2024 2487 funge-

441 2525 565 2581 rentur
582 2509 715 2581 0fficio.
729 2515 774 2582 Et
790 2533 811 2582 a
827 2524 941 2581 matre
956 2508 1114 2581 vestibus
1131 2514 1224 2581 Esau
1240 2507 1345 2581 valde
1360 2509 1467 2581 bonis
1483 2508 1630 2582 indutus
1647 2509 1754 2581 fuisse
1768 2508 1879 2581 Jacob
1896 2533 2024 2580 memo

440 2646 552 2703 ratur.
567 2633 613 2702 Et
625 2647 726 2720 nota,
742 2632 833 2703 sicut
845 2629 1105 2703 Melchisedech
1117 2645 1340 2703 sacramenta
1351 2632 1514 2703 Ecclesiae
1526 2631 1729 2728 antiquiora
1739 2629 1908 2702 videntur
1917 2653 2022 2728 quam

363 2729 368 2738 ’
440 2775 628 2848 synagogae
648 2778 656 2822 :
674 2752 724 2823 ita
740 2751 777 2821 in
794 2750 997 2849 patriarcha
1013 2750 1125 2823 Jacob
1142 2765 1264 2822 noster
1280 2750 1516 2823 dedicationis
1532 2751 1620 2822 ritus
1634 2748 1780 2821 videtur
1794 2750 2019 2848 praecessisse,

440 2869 524 2966 quia
539 2884 615 2942 tam
636 2870 745 2943 altare
765 2895 875 2968 quam
896 2871 1083 2944 ecclesiam
1098 2873 1214 2971 ipsam
1229 2871 1311 2943 oleo
1327 2894 1592 2944 consecramus.
1611 2867 1721 2957 Quod
1740 2869 2020 2966 nequaquamin

439 2987 673 3060 tabernaculo
690 2989 745 3060 vcl
762 2989 898 3088 templo
916 2989 1050 3062 factum
1066 3014 1142 3061 esse
1158 2989 1321 3085 legimus.
1339 2989 1444 3059 llane
1462 2990 1574 3083 surgit
1591 2986 1703 3059 Jacob
1719 2985 1882 3075 deloco,
1899 2987 1937 3057 in
1953 3009 2021 3083 quo

439 3115 626 3209 quiescens
650 3114 788 3188 viderat
812 3115 1010 3205 visionem,
1030 3129 1067 3188 et
1081 3115 1157 3211 ejus
1173 3115 1244 3186 loci
1260 3114 1485 3184 sanctitatem
1507 3125 1743 3208 cognoverat,
1770 3135 1884 3209 quum
1908 3111 2022 3184 anima

439 3231 605 3328 quaelibet
620 3233 807 3329 praedicta,
828 3247 975 3327 peracto
987 3234 1063 3327 jam
1079 3257 1151 3300 suae
1166 3230 1391 3328 probationis
1407 3245 1590 3329 tempore,
1609 3230 1656 3302 ad
1666 3229 1927 3329 professionem
1941 3251 2022 3300 con-

439 3349 579 3423 scendit
596 3349 742 3445 regulae,
761 3364 905 3447 experta
917 3349 993 3446 jam
1014 3348 1120 3445 hujus
1141 3351 1318 3448 propositi
1338 3349 1444 3421 simul
1465 3373 1507 3420 ac
1527 3349 1597 3421 loci
1617 3348 1790 3445 religione
1809 3373 1818 3418 ε
1836 3361 1873 3418 et
1887 3362 1974 3420 tunc
1986 3371 2022 3416 se

440 3468 582 3566 penitus
597 3471 675 3538 Deo
692 3467 882 3555 dedicans,
902 3480 937 3537 et
953 3467 1102 3564 proprio
1118 3481 1205 3538 voto
1229 3467 1279 3538 illi
1295 3493 1332 3540 se
1354 3467 1536 3564 obligans,
1554 3467 1721 3567 spiritalis
1739 3466 1864 3565 templi
1882 3465 2021 3538 dedica·

440 3587 578 3656 tionem
601 3584 638 3656 in
659 3585 775 3682 scipsa
799 3582 968 3656 celebrat.
986 3587 1086 3655 ‘lunc
1100 3583 1280 3683 lapidem,
1305 3586 1343 3656 in
1360 3611 1434 3683 quo
1450 3586 1664 3675 dormierat,
1682 3585 1785 3683 erigit
1804 3585 1843 3656 iu
1863 3583 2019 3670 titulum,

441 3703 513 3774 hoc
532 3717 607 3792 est,
626 3702 739 3774 oculis
758 3703 830 3774 suis
849 3701 960 3800 alligit
980 3703 1198 3799 insignum,
1222 3706 1325 3801 quasi
1340 3704 1431 3776 nihil
1446 3704 1543 3777 aliud
1564 3703 1711 3776 ulterius
1730 3703 1861 3776 debeat
1877 3703 2019 3790 intueri,

442 3824 524 3921 quia
537 3825 614 3920 jam
629 3825 721 3896 facta
731 3824 952 3923 professione
964 3824 1140 3922 respicere
1156 3838 1252 3897 retro
1269 3850 1344 3897 non
1365 3825 1469 3916 licet,
1488 3850 1535 3897 ne
1550 3849 1635 3897 curn
1655 3847 1767 3896 uxore
1782 3823 1875 3895 Loth
1888 3837 2018 3921 pereat.

443 3944 602 4015 Primum
619 3945 651 4015 ci
668 3958 788 4016 tamen
799 3945 835 4015 in
849 3945 922 4014 imo
936 3942 1025 4043 lapis
1035 3943 1190 4040 jacebat,
1202 3946 1288 4042 quia
1303 3968 1378 4016 non
1395 3958 1497 4016 tanto
1509 3943 1632 4016 debito
1646 3944 1679 4014 ei
1691 3955 1797 4016 antea
1809 3941 2019 4014 cohaerebat.

444 4067 609 4136 Erectum
633 4063 790 4162 lapidem
815 4063 896 4134 oleo
921 4063 1110 4161 superfuso
1135 4062 1204 4134 sibi
1229 4077 1434 4154 consecrat,
1457 4064 1547 4135 dum
1570 4077 1649 4136 toto
1676 4062 1877 4136 dilectionis
1897 4059 2022 4132 affectu

442 4183 560 4279 ipsum
576 4179 905 4279 comprehendens,
927 4192 982 4251 tot
997 4181 1190 4277 unguentis
1206 4179 1333 4253 delinit
1354 4206 1459 4271 eum,
1478 4196 1568 4280 quot
1590 4180 1777 4253 desideriis
1800 4178 2023 4277 amplectitur

442 4300 572 4396 ipsum.
592 4298 688 4386 Quid
704 4313 824 4370 autem
840 4311 1044 4394 unguenta,
1064 4299 1132 4371 nisi
1148 4299 1313 4397 quadam
1336 4314 1389 4372 est
1412 4301 1586 4372 recreatio
1602 4299 1790 4388 dolorum,
1810 4311 1847 4368 et
1867 4297 2022 4368 fomenta

443 4416 664 4488 dolentium?
680 4415 785 4488 Dolet
800 4430 920 4488 autem
937 4416 1099 4488 Christus
1112 4416 1158 4490 de
1171 4418 1277 4490 nobis
1293 4442 1406 4516 quum
1422 4432 1546 4491 nostra
1561 4419 1594 4489 ei
1609 4415 1835 4490 conversatio
1851 4413 2023 4487 saecularis

444 4534 625 4632 displicet,
650 4549 686 4606 et
710 4536 760 4606 sic
784 4558 868 4606 euru
891 4534 1159 4634 exasperando,
1182 4537 1286 4610 malis
1311 4534 1481 4636 operibus
1502 4549 1631 4608 contra
1650 4559 1719 4608 nos
1738 4555 2020 4606 commovemus.

444 4654 605 4727 Placatur
620 4669 740 4726 autem
756 4655 920 4753 penitus,
938 4669 974 4725 et
993 4657 1095 4752 quasi
1111 4655 1327 4753 quibusdam
1342 4657 1531 4752 unguentis
1546 4655 1607 4727 hic
1622 4655 1698 4752 ejus
1713 4652 1819 4727 dolor
1829 4654 2021 4749 mitigatur,

444 4798 556 4870 quum
572 4799 593 4846 a
608 4772 736 4846 saeculo
754 4773 961 4847 recedentes
976 4776 1061 4846 totis
1081 4777 1114 4846 ei
1130 4775 1325 4848 visceribus
1348 4775 1581 4866 inhaeremus,
1600 4791 1636 4847 ct
1650 4774 1872 4873 perfectione
1886 4769 2024 4845 virtutis

447 4919 513 4965 nos
530 4897 605 4990 J'am
620 4897 653 4966 ci
669 4895 810 4992 penitus
829 4895 1058 4994 copulamus,
1073 4897 1174 4993 juxta
1188 4897 1277 4971 illud
1292 4897 1476 4996 Apostoli:
1497 4899 1598 4987 «Qui
1616 4911 1737 4972 autem
1753 4895 1910 4972 adhaeret
1926 4899 2021 4982 Deo,

480 5156 488 5183 ⁸
508 5155 669 5223 cerame
683 5172 769 5220 xxrru,
780 5174 802 5208 v.
817 5161 855 5208 Π.
869 5183 899 5195 -
910 5158 921 5186 ¹
934 5159 1042 5211 Godnth.
1053 5161 1078 5218 l,
1093 5175 1149 5228 erp.
1160 5176 1200 5220 ru.
1215 5176 1238 5212 r.
1251 5163 1289 5212 rt.
