4522 6102
447 585 569 678 rot
883 608 1010 680 rarat
1036 607 1345 680 temtantes
1369 606 1593 678 nstotssn

445 772 531 835 cro,
566 771 635 836 ue,
667 748 767 844 quod
793 747 881 820 dixit
912 751 1102 849 Pompeius
1134 750 1297 820 moerenti
1327 747 1522 836 Corneliae,
1556 743 1618 818 tibi
1654 747 1916 844 improperetur
1947 757 2025 813 tur-

323 947 326 956 ,
445 868 609 964 pissime:

1124 1013 1203 1075 Vivit
1216 1023 1285 1094 post
1299 1011 1401 1094 praelia
1414 1015 1541 1091 Magnus
1555 1038 1562 1071 ε

783 1115 843 1178 Sed
858 1115 980 1178 fortuna
996 1117 1091 1198 perit;
1107 1115 1190 1197 quod
1206 1114 1301 1177 defles
1311 1113 1409 1224 ,illud
1423 1113 1531 1176 amasti
1543 1114 1563 1175 ¹.

445 1291 610 1378 Attende,
632 1315 779 1393 precor,
808 1293 864 1382 id,
889 1308 924 1364 et
944 1292 1134 1381 erubesce,
1155 1293 1221 1364 nisi
1247 1291 1416 1363 admissas
1442 1287 1679 1388 turpitudines
1700 1287 2023 1385 impudentissimas
2068 1373 2077 1384 „

441 1411 683 1483 commendes.
703 1413 830 1510 Accipe
843 1414 962 1509 itaque
975 1436 1090 1503 soror,
1106 1413 1240 1510 accipe,
1255 1435 1388 1509 quaeso,
1406 1411 1580 1510 patienter
1598 1432 1676 1504 quae
1695 1407 1799 1478 nobis
1817 1407 2023 1508 acciderunt

441 1531 726 1603 misericorditer.
744 1534 851 1631 Virga
870 1532 945 1604 haec
967 1547 1019 1604 est
1036 1533 1164 1631 patria,
1187 1557 1261 1604 non
1281 1530 1417 1630 gladius
1433 1528 1681 1629 persecutoris.
1701 1529 1856 1599 Percutit
1869 1542 1970 1624 pater
1982 1543 2022 1598 ut

439 1653 608 1746 corrigat,
634 1677 680 1723 ne
697 1651 798 1724 feriat
816 1652 927 1724 hostis
950 1667 989 1724 ut
1018 1651 1169 1724 occidat.
1194 1652 1349 1724 Vulnere
1375 1663 1528 1721 mortem
1548 1647 1737 1747 praevenit,
1764 1671 1837 1718 non
1867 1647 2018 1743 ingerit:

439 1770 598 1842 immittit
610 1771 759 1861 ferrum,
779 1787 818 1844 ut
831 1787 990 1874 amputet
1004 1772 1184 1844 morbum.
1207 1777 1345 1872 Corpus
1358 1770 1538 1857 vulnerat,
1559 1782 1595 1839 et
1612 1767 1768 1838 animam
1784 1781 1896 1838 sanat.
1918 1768 2021 1838 Occi-

439 1889 524 1974 dere
542 1889 732 1982 debuerat,
754 1907 789 1964 et
811 1891 975 1965 vivificat.
1000 1892 1269 1970 immunditiam
1291 1906 1443 1980 resecat,
1461 1905 1501 1962 ut
1516 1886 1693 1960 mundum
1711 1887 1898 1984 relinquat.
1917 1888 2021 1958 Punit

437 2009 547 2080 semel
567 2033 613 2080 ne
631 2011 754 2108 puniat
775 2035 927 2110 semper.
957 2013 1092 2083 Patitur
1115 2037 1209 2083 unus
1229 2037 1272 2083 ex
1288 2010 1435 2088 vulnere
1452 2024 1492 2082 ut
1509 2007 1652 2079 duobus
1670 2020 1833 2104 parcatur
1851 2031 1873 2079 a
1889 2021 2015 2078 morte.

440 2131 520 2197 Duo
535 2130 571 2198 in
586 2128 708 2227 culpa,
725 2155 817 2200 unus
830 2131 868 2199 in
884 2154 1002 2232 poena.
1018 2129 1059 2210 td
1073 2155 1219 2228 quoque
1236 2145 1303 2205 tuae
1320 2128 1516 2206 infirmitati
1529 2141 1663 2198 naturae
1681 2123 1801 2196 divina
1818 2123 2020 2220 indulgetur

438 2247 682 2338 miseratione,
708 2263 743 2322 et
760 2249 920 2346 quodam
942 2249 1052 2321 modo
1068 2251 1172 2346 juste.
1191 2255 1272 2336 Quo
1292 2250 1388 2321 enim
1405 2246 1611 2324 naturaliter
1625 2269 1710 2318 sexu
1727 2243 1902 2316 infirmior
1920 2271 2017 2334 eras,

438 2357 472 2436 et
490 2366 615 2437 sortior
628 2370 865 2454 continentia,
886 2394 1000 2468 poenae
1016 2371 1223 2446 minuseras
1238 2369 1405 2448 obnoxia.
1427 2367 1550 2440 Refero
1569 2366 1725 2442 Domino
1746 2379 1781 2434 et
1798 2364 1835 2434 in
1854 2364 1925 2436 hoc
1942 2391 2019 2462 gra·

437 2502 490 2558 tes
502 2493 531 2575 ‘,
549 2490 610 2585 qui
626 2504 660 2560 te
675 2505 759 2563 tuuc
774 2507 808 2562 et
821 2517 841 2564 a
853 2471 959 2590 poena
973 2491 1150 2580 liberavit,
1169 2506 1204 2562 et
1219 2490 1265 2563 ad
1279 2515 1452 2564 coronam
1472 2487 1680 2574 reservavit;
1696 2501 1732 2557 et
1746 2510 1860 2582 quum
1874 2510 1931 2557 me
1949 2509 2020 2556 una

436 2609 597 2702 corporis
612 2610 682 2680 mei
696 2611 863 2705 passione
876 2610 986 2692 semel
1000 2610 1045 2680 ab
1055 2611 1154 2680 omni
1164 2622 1249 2680 aestu
1262 2609 1368 2702 hujus
1382 2606 1691 2705 concupiscentiae,
1707 2605 1744 2674 in
1760 2627 1831 2700 qua
1845 2627 1915 2674 una
1925 2619 2019 2674 totus

434 2749 499 2822 per
526 2726 797 2798 immoderatam
820 2730 1116 2800 incontinentiam
1143 2742 1338 2825 occupatus
1365 2750 1480 2814 eram,
1508 2724 1745 2820 refrigeravit⁸
1762 2747 1808 2794 ne
1831 2746 2016 2814 corruam;

434 2845 563 2916 multas
580 2837 825 2920 addescentiae
842 2863 910 2920 tuae
929 2847 1080 2942 majores
1093 2847 1201 2924 animi
1216 2846 1399 2945 passiones
1415 2871 1459 2917 ex
1478 2845 1618 2917 assidua
1638 2843 1755 2917 carnis
1776 2845 2018 2940 suggestion&

433 2967 623 3036 reservavit
636 2966 682 3036 ad
701 2969 858 3064 martyrii
875 2991 1060 3039 coronam.
1082 2965 1191 3055 Quod
1209 2965 1291 3037 licet
1310 2980 1343 3036 te
1358 2965 1481 3037 audire
1496 2964 1639 3052 taedeat,
1663 2978 1698 3036 et
1720 2960 1790 3035 dici
1806 2961 2017 3064 prohibeas,

432 3088 559 3158 veritas
579 3102 699 3158 tamen
723 3087 760 3158 id
781 3086 940 3184 loquitur
963 3087 1161 3158 manifesta.
1188 3087 1253 3159 Cui
1273 3087 1370 3157 enim
1391 3109 1532 3184 semper
1554 3099 1608 3156 est
1633 3107 1774 3183 pugna,
1799 3098 1959 3179 superest
1985 3099 2019 3154 et

432 3230 586 3294 corona,
603 3207 687 3301 quia
705 3229 780 3276 non
800 3205 1030 3277 coronabitur
1049 3235 1066 3272 α
1083 3207 1150 3277 nisi
1175 3207 1237 3302 qui
1260 3204 1414 3302 legitime
1432 3204 1619 3278 certaverit
1629 3207 1651 3273 ⁸.
1672 3231 1690 3269 u
1711 3202 1797 3274 Mihi
1818 3201 2018 3274 veronulla

432 3337 592 3420 superest
608 3345 762 3415 corona,
789 3325 873 3420 quia
891 3322 988 3394 nulla
1006 3323 1127 3394 subest
1144 3324 1346 3395 certaminis
1360 3349 1478 3396 causa.
1501 3328 1608 3396 Deest
1627 3322 1772 3394 materia
1793 3345 1940 3420 pugnae,
1961 3325 2016 3394 cui

431 3440 568 3513 ablatus
591 3457 643 3512 est
668 3441 830 3514 stimulus
851 3443 1159 3544 concupiscentiae.
1187 3443 1329 3540 Aliquid
1354 3459 1473 3516 tamen
1496 3467 1572 3516 esse
1593 3443 1729 3513 aestimo
1748 3442 1777 3514 si
1803 3466 1916 3537 quum
1935 3441 2018 3512 binc

431 3560 564 3632 nullam
582 3562 777 3658 percipiam
798 3585 989 3651 coronam,
1013 3562 1227 3635 nonnullam
1250 3577 1369 3635 tamen
1392 3564 1521 3636 evitem
1537 3585 1699 3660 poenam,
1720 3575 1756 3632 et
1769 3560 1895 3632 dolore
1913 3561 2017 3633 unius

430 3694 689 3750 momentaneae
702 3704 816 3777 poenae
830 3680 950 3752 multis
968 3679 1122 3751 fortassis
1137 3681 1361 3779 indulgeatur
1378 3665 1528 3768 aeternis..
1551 3681 1730 3777 Scriptum
1749 3694 1802 3751 est
1818 3680 1952 3778 quippe
1970 3680 2016 3750 de

364 3793 369 3803 “
428 3798 534 3894 hujus
557 3799 760 3870 miserrimae
781 3801 860 3870 vitae
877 3799 1102 3892 bominibus,
1124 3801 1197 3874 imo
1212 3800 1428 3898 jumentis⁸:
1447 3829 1465 3868 u
1480 3805 1787 3897 Computruerunt
1798 3799 1961 3894 jumenta
1978 3800 2015 3872 in

426 3917 642 3989 stercoribus
662 3921 745 3990 suis.
767 3947 785 3985 a
805 3922 922 3991 Minus
945 3946 1090 4020 quoque
1110 3923 1277 3994 meritum
1298 3947 1421 3994 meum
1434 3922 1546 3992 minui
1564 3944 1788 4017 conqueror,
1811 3920 1898 3990 dum
1913 3934 2013 3991 tuum

427 4060 584 4108 crescere
599 4061 673 4108 non
692 4037 830 4109 diffido.
851 4043 971 4110 Unum
988 4040 1123 4140 quippe
1141 4065 1265 4112 sumus
1279 4043 1315 4112 in
1332 4041 1490 4128 Christo,
1508 4065 1579 4112 una
1591 4065 1657 4138 per
1668 4039 1783 4136 legem
1797 4039 2016 4112 matrimonii

427 4179 523 4226 caro.
541 4156 721 4252 Quicquid
736 4173 788 4228 est
801 4173 921 4248 tuum,
947 4161 1035 4230 milri
1049 4184 1123 4231 non
1144 4159 1296 4231 arbitror
1317 4160 1484 4232 alienum.
1508 4165 1602 4231 Tuus
1621 4175 1739 4232 autem
1761 4173 1814 4231 est
1829 4157 2010 4247 Christus,

425 4277 508 4372 quia
524 4276 613 4346 lacta
628 4301 664 4346 es
683 4300 814 4373 sponsa
832 4276 918 4372 ejus.
935 4282 979 4348 Et
993 4303 1110 4369 nunc,
1136 4294 1175 4349 ut
1196 4304 1302 4377 supra
1323 4279 1486 4369 memini,
1512 4304 1570 4350 me
1589 4277 1699 4350 hahes
1720 4301 1879 4366 servum,
1904 4301 2013 4372 quem

425 4394 512 4465 olim
539 4393 756 4489 agnoscebas
783 4394 1005 4467 dominum:
1039 4397 1148 4493 magis
1176 4397 1240 4467 tibi
1278 4413 1395 4468 tamen
1425 4421 1548 4469 amore
1577 4421 1676 4468 nunc
1706 4393 1900 4494 spirituali⁷
1925 4419 2012 4466 con·

420 4514 604 4607 junctum,
628 4537 736 4610 quam
757 4513 884 4586 timore
903 4513 1114 4609 subjectum.
1139 4515 1242 4588 Unde
1257 4515 1350 4588 etde
1365 4529 1428 4588 tuo
1442 4516 1547 4587 nobis
1565 4514 1662 4614 apud
1680 4516 1797 4614 ipsum
1812 4513 2012 4612 patrocinio

424 4633 576 4736 amplius
587 4630 819 4721 confidimus,
836 4649 874 4706 ut
887 4632 925 4704 id
937 4633 1120 4706 obtineam
1132 4660 1174 4706 ex
1184 4650 1244 4707 tua
1257 4634 1357 4732 quod
1369 4660 1443 4707 non
1458 4659 1605 4735 possum
1620 4659 1663 4706 ex
1675 4635 1838 4706 oratione
1849 4633 2009 4731 propria,
2037 4628 2048 4636 ’

426 4766 461 4822 et
478 4776 577 4822 nunc
589 4753 742 4826 maxime
756 4776 868 4848 quum
879 4753 1088 4850 quotidiana
1101 4754 1343 4854 periculorum
1357 4772 1418 4826 aut
1431 4753 1742 4853 perturbationum
1756 4754 1923 4824 instantia
1941 4777 2011 4822 nec

424 4873 542 4945 vivere
561 4895 635 4958 me,
658 4895 723 4942 nec
742 4873 894 4960 orationi
910 4872 1003 4945 sinat
1015 4899 1153 4947 vacare.
1181 4879 1253 4946 Nec
1271 4874 1372 4946 illurn
1389 4871 1633 4948 beatissimum
1656 4874 1784 4946 imitari
1803 4871 2012 4946 eunuchum

460 5091 466 5116 ¹
487 5091 580 5146 Lucan:
593 5089 684 5140 Phara.
700 5087 743 5140 lib.
757 5087 827 5152 Vlll,
838 5105 862 5140 r.
880 5092 910 5140 st
926 5103 951 5142 et
963 5094 1005 5144 ⁸5.
1018 5119 1048 5129 -
1063 5092 1073 5121 ⁸
1090 5093 1132 5146 Sic
1146 5091 1174 5144 l).
1184 5117 1200 5131 -
1233 5091 1292 5144 ‘Es
1305 5096 1401 5144 maduo
1413 5098 1495 5144 cumis
1506 5095 1607 5156 impulsu
1618 5091 1736 5143 llllS.-⁸
1751 5091 1852 5142 suoru
1869 5091 1902 5148 ll,
1914 5104 1969 5156 esp.
1983 5107 2015 5148 n,

425 5178 524 5230 Domino
542 5179 566 5226 in
591 5177 636 5226 troc
655 5177 747 5239 pretim
770 5173 834 5225 Edd.
849 5197 881 5210 -
896 5175 906 5202 ³
920 5177 1106 5242 Refrigeruvm't
1123 5177 1152 5227 l).
1169 5201 1198 5214 -
1231 5192 1255 5228 r.
1269 5177 1335 5227 t.-
1346 5175 1357 5206 ⁸
1368 5177 1437 5236 Iob„
1448 5191 1504 5244 cap.
1518 5192 1542 5233 r.
1556 5193 1581 5228 r.
1599 5179 1638 5225 tt.
1651 5203 1677 5213 -
1692 5174 1701 5202 ¹
1714 5177 1812 5226 Parion
1825 5173 1894 5226 llllS.
