4536 6102
613 607 672 677 DE
698 607 866 679 SANCTO
890 607 1057 680 JOANNE
1083 608 1291 680 Baptista
1315 610 1476 680 SERlllO.
1765 605 1835 676 569

232 811 235 818 .
259 757 376 815 ratum
391 743 428 812 in
447 743 647 840 superfluis.
668 747 810 839 Onager
827 769 912 838 ergo
929 745 1012 832 iste,
1031 747 1115 842 quia
1131 749 1329 819 necessaria
1344 749 1460 819 ventri
1477 746 1645 819 alimenta
1658 769 1733 816 non
1750 744 1834 815 sub·

261 861 386 948 trahit,
405 862 469 934 sed
484 863 664 960 superflua
678 863 788 952 toltit,
809 863 1003 935 clamorem
1021 867 1214 954 exactoris,
1230 882 1270 938 ut
1286 867 1422 938 dictum
1438 882 1507 955 est,
1526 890 1601 937 non
1621 864 1739 953 audit,
1753 865 1836 960 quia

261 982 293 1052 ei
310 1007 382 1054 non
402 981 624 1080 obtemperat
635 983 672 1052 in
691 982 889 1079 superfluis.
909 986 962 1052 De
972 1009 1045 1079 quo
1066 983 1184 1055 adhuc
1201 985 1386 1056 subditur:
1402 1013 1420 1053 n
1435 983 1681 1080 Circumspicit
1695 996 1836 1054 montes

261 1124 400 1197 pascuae
418 1125 505 1188 suae,
520 1115 555 1170 et
573 1100 725 1171 virentia
742 1125 891 1197 quaeque
903 1102 1088 1198 perquirit.
1103 1129 1122 1170 n
1133 1106 1273 1173 Montes'
1284 1127 1423 1201 pascuae
1439 1102 1621 1174 volumina
1638 1115 1722 1171 sunt
1733 1099 1839 1172 subli-

262 1219 386 1288 mioris
400 1218 590 1307 doctrinae,
611 1217 648 1289 id
665 1233 718 1289 est
735 1243 842 1292 sacrae
858 1220 1051 1316 scripturae.
1075 1223 1157 1306 Quo
1176 1244 1260 1315 ergo
1273 1221 1337 1292 iste
1352 1219 1518 1318 spiritalis
1538 1241 1671 1312 onager
1687 1217 1838 1315 amplius

262 1335 350 1406 cibis
367 1336 614 1434 corporalibus
626 1337 798 1427 abstinet,
812 1353 913 1410 tanto
930 1337 1177 1410 consolatione
1187 1339 1342 1410 melioris
1355 1339 1444 1428 cibi,
1462 1338 1500 1409 id
1511 1353 1566 1410 est
1577 1336 1710 1435 pabulo
1727 1336 1839 1408 divini

241 1495 246 1504 ·
262 1455 362 1525 verbi
378 1457 489 1550 magis
506 1457 657 1553 indiget3
676 1472 711 1528 et
729 1483 802 1554 quo
819 1457 917 1530 illam
933 1459 1051 1529 minus
1068 1473 1186 1548 curat,
1200 1458 1269 1529 hac
1283 1458 1476 1529 resectione
1488 1459 1646 1531 animam
1662 1458 1773 1552 magis
1789 1481 1841 1527 sa·

154 1611 165 1628 ·
263 1574 338 1645 tiat.
366 1579 460 1645 Bene
482 1591 602 1647 autem
618 1577 889 1675 circumspicere
914 1577 1043 1650 dicitur
1064 1591 1205 1649 montes
1222 1602 1361 1675 pascuae
1379 1601 1471 1665 suae,
1493 1576 1565 1648 hoc
1581 1591 1633 1648 est
1653 1575 1840 1672 diligenter

263 1695 442 1792 inquirere
459 1721 501 1770 ac
517 1696 724 1794 providere,
742 1698 778 1767 in
798 1697 929 1794 quibus
945 1697 1147 1787 montibus,
1167 1697 1204 1768 id
1223 1713 1276 1770 est
1289 1699 1397 1770 sacris
1409 1695 1652 1770 voluminibus
1666 1697 1841 1792 aptiorem

263 1811 329 1886 sibi
352 1815 583 1888 relectionem
606 1841 648 1887 ex
676 1815 907 1912 intelligentia
932 1817 1094 1914 ipsorum
1114 1817 1227 1914 possit
1251 1819 1419 1915 reperire.
1446 1821 1525 1887 Non
1552 1817 1648 1887 enirn
1674 1813 1841 1885 omnibus

264 1935 427 2006 omnium
445 1934 620 2007 librorum
636 1936 742 2008 lectio
759 1938 943 2034 competit,
959 1961 1025 2007 nec
1045 1961 1170 2008 omues
1187 1937 1233 2010 ab
1250 1937 1419 2009 omnibus
1435 1937 1581 2032 intelligi
1597 1947 1760 2033 possunt,
1776 1959 1841 2005 nec

264 2056 300 2125 in
325 2055 492 2127 omnibus
520 2056 660 2128 lerculis
686 2081 811 2130 omnes
837 2058 969 2154 pariter
996 2056 1234 2128 oblectantur.
1264 2063 1308 2129 Et
1332 2059 1504 2154 quoniam
1530 2058 1567 2127 in
1591 2056 1720 2127 divinis
1743 2053 1841 2124 libris

264 2175 427 2271 quaedam
452 2175 785 2274 reprehenduntur,
809 2176 973 2273 quaeda'm
999 2178 1318 2264 commendantur,
1343 2203 1410 2248 nec
1431 2177 1548 2248 solum
1564 2177 1635 2247 vita
1661 2175 1843 2247 bonorum

265 2316 373 2387 quam
390 2317 593 2390 sequamur,
612 2297 847 2367 verumetiam
864 2293 1043 2365 malorum
1057 2317 1167 2389 quam
1185 2295 1362 2388 fugiamus
1379 2294 1610 2382 describitur3
1629 2308 1771 2366 montes
1787 2293 1844 2362 isti

265 2435 340 2484 non
359 2415 475 2485 solum
491 2415 663 2506 viridem,
682 2415 746 2486 sed
763 2417 870 2487 etiam
887 2415 1018 2485 siccam
1035 2415 1223 2485 continent
1241 2414 1405 2486 herbam.
1428 2418 1515 2502 Quae
1532 2416 1629 2485 enim
1645 2414 1692 2486 ad
1709 2411 1843 2484 secula·

265 2557 341 2604 rem
358 2535 539 2631 pertinent
555 2537 667 2607 vitam
685 2535 780 2606 foeno
799 2534 1044 2632 comparanda
1062 2549 1162 2624 sunt,
1182 2534 1282 2631 quod
1300 2533 1478 2606 abscisum
1495 2534 1540 2605 de
1562 2549 1656 2605 terra
1676 2559 1747 2605 suae
1765 2533 1845 2603 viri·

267 2653 387 2726 ditatis
397 2656 558 2750 vigorem
573 2656 701 2728 amisit.
722 2661 766 2725 Et
781 2655 855 2726 vita
871 2653 1109 2754 reproborum
1125 2678 1147 2724 a
1164 2668 1258 2724 terra
1269 2655 1467 2725 viventium
1485 2653 1612 2742 aliena,
1631 2652 1688 2724 his
1701 2652 1845 2724 caducis

269 2771 410 2846 inhians
419 2773 539 2862 rebus,
552 2798 630 2870 quae
647 2775 683 2843 in
699 2773 838 2844 defectu
849 2772 1064 2862 consistunt,
1076 2771 1172 2842 soeno
1183 2786 1431 2869 comparatum
1450 2771 1541 2842 sicut
1552 2796 1572 2841 e
1583 2771 1764 2842 contrario
1774 2769 1846 2840 vita

266 2889 474 2981 electorum,
493 2917 572 2989 quae
581 2891 832 2990 quotidianum
843 2890 981 2962 habens
996 2889 1211 2988 profectum,
1231 2889 1277 2960 ad
1294 2888 1621 2962 immarcessibilem
1636 2887 1758 2986 patriae
1775 2913 1846 2959 coe·

266 3007 360 3080 lestis
388 3011 489 3107 quasi
512 3033 652 3107 semper
673 3009 820 3079 virentis
837 3009 959 3079 'tendit
986 3009 1247 3098 amoenitatem,
1272 3008 1465 3078 virentium
1486 3020 1672 3104 pratorum
1691 3007 1846 3103 speciem

268 3127 368 3222 gerit.
391 3129 454 3198 His
474 3128 580 3222 igitur
601 3152 735 3222 onager
751 3141 874 3217 noster
895 3127 932 3196 in
955 3126 1021 3197 illis
1043 3126 1226 3198 montibus
1246 3124 1472 3197 reficiendus.
1494 3129 1572 3195 Non
1591 3124 1683 3196 sicca
1698 3124 1843 3223 pabula,

197 3244 199 3248 ’
267 3245 331 3318 sed
346 3246 498 3317 virentia
516 3248 659 3343 quaerit,
680 3247 764 3344 quia
785 3246 860 3317 haec
878 3246 1018 3343 assequi
1038 3247 1182 3334 nititur,
1200 3269 1265 3342 per
1285 3268 1364 3342 quae
1379 3243 1425 3315 ad
1445 3257 1613 3314 aeternam
1636 3243 1847 3340 pertingitur

267 3366 391 3454 vitam,
407 3380 443 3435 et
457 3364 513 3436 his
524 3380 666 3437 tantum
682 3367 840 3438 animam
852 3390 954 3438 suam
970 3364 1030 3435 hic
1046 3363 1192 3435 reficere
1204 3379 1319 3453 curat,
1338 3362 1468 3460 quibus
1480 3362 1526 3434 ad
1542 3387 1734 3460 supernam
1750 3361 1847 3433 illam

267 3484 498 3558 relectionem
516 3489 713 3585 perveniat.

315 3610 397 3679 Haec
423 3605 571 3704 quidem
595 3607 640 3680 de
665 3632 801 3704 onagro
824 3609 861 3680 in
890 3607 1064 3703 generali,
1096 3623 1136 3679 ut
1160 3609 1210 3679 ita
1237 3607 1369 3695 dicam,
1400 3630 1556 3704 persona
1585 3605 1847 3678 monachorum

268 3727 442 3823 expositio
462 3741 586 3799 nostra
601 3737 797 3828 prosecuta
808 3743 873 3800 est.
893 3731 1010 3814 Quem
1028 3735 1126 3798 nunc
1142 3726 1188 3798 de
1205 3751 1334 3822 genere
1348 3727 1394 3798 ad
1410 3729 1565 3825 speciem
1581 3725 1846 3815 transferentes,

268 3847 305 3915 in
326 3871 468 3918 summo
485 3845 546 3918 illo
563 3846 1023 3943 monachorumprincipe,
1045 3845 1145 3940 cujus
1161 3843 1273 3916 hodie
1289 3845 1495 3916 solemnitas
1514 3846 1642 3941 agitur,
1656 3845 1758 3940 juvat
1772 3844 1848 3917 haec

269 3965 390 4036 omnia
413 3964 615 4060 diligentius
637 3964 888 4052 considerare,
912 3962 975 4034 ubi
995 3987 1038 4035 ea
1060 3961 1249 4060 perfectius
1275 3963 1453 4061 possimus
1479 3965 1661 4052 invenire3
1687 3969 1749 4061 qui
1772 3965 1848 4038 sine

269 4083 491 4180 professione
503 4083 631 4180 regulae
646 4084 783 4173 vivens,
795 4107 942 4155 ornnem
958 4081 1087 4178 regulae
1098 4081 1319 4153 transcendit
1334 4080 1604 4179 perlectionem.
1624 4083 1689 4152 Hic
1701 4084 1847 4180 quippe,
1867 4063 1871 4070 ι

214 4271 216 4275 ,
269 4215 309 4272 ut
329 4201 465 4274 dictum
487 4217 555 4290 cst,
578 4205 616 4274 in
636 4204 762 4301 spiritu
783 4218 818 4275 et
834 4203 965 4274 virtute
980 4202 1128 4273 veniens
1151 4198 1251 4290 Eliae,
1275 4198 1382 4296 hujus
1402 4201 1577 4298 propositi
1593 4200 1722 4289 vitam,
1740 4224 1849 4297 quam

269 4320 327 4391 ille
341 4322 536 4412 inchoavit,
552 4325 627 4421 ipse
641 4324 916 4395 consummavit.
938 4321 991 4392 nb
1007 4321 1063 4392 his
1077 4320 1220 4393 duobus
1233 4335 1407 4418 tanquam
1420 4319 1572 4401 ducibus
1585 4321 1699 4391 nostri
1714 4345 1849 4418 propo-

269 4439 346 4527 siti,
369 4465 431 4511 seu
450 4441 672 4539 principibus
694 4441 800 4537 hujus
820 4440 1057 4540 philosophiae
1077 4438 1278 4510 christianae
1295 4453 1370 4510 tam
1390 4439 1428 4509 in
1443 4438 1554 4511 veteri
1571 4463 1680 4536 quam
1696 4440 1734 4510 in
1753 4461 1850 4510 novo

270 4557 407 4655 populo
432 4559 550 4631 studia
574 4573 659 4631 sunt
687 4573 821 4631 exorta.
850 4561 1089 4655 Hieronymus
1117 4555 1168 4627 ad
1183 4555 1377 4627 Paulinum
1408 4557 1446 4628 in
1471 4557 1574 4654 epist.
1602 4560 1651 4626 11¹
1671 4587 1679 4626 ;
1702 4555 1853 4628 «Habet

272 4680 558 4778 unumquodque
573 4681 800 4778 propositum
816 4680 996 4777 principes
1012 4703 1110 4767 suos,
1124 4692 1161 4749 et
1176 4691 1217 4747 ut
1234 4677 1280 4748 ad
1296 4692 1419 4748 nostra
1430 4677 1628 4765 veniamus,
1643 4676 1800 4773 episcopi
1817 4691 1852 4748 et

273 4796 469 4896 presbyteri
477 4798 634 4872 habeant
645 4800 692 4872 ad
704 4800 906 4898 exemplum
921 4799 1104 4898 apostolos
1113 4813 1150 4870 et
1163 4796 1378 4895 apostolicos
1386 4798 1496 4886 viros,
1507 4821 1663 4894 quorum
1673 4795 1853 4867 honorem

272 4919 515 5014 possidentes,
533 4919 669 4992 habere
685 4921 845 4992 nitantur
861 4935 897 4992 et
913 4920 1092 4994 meritum.
1114 4921 1185 4990 Nos
1201 4933 1321 4989 autem
1336 4917 1533 4990 habeamus
1549 4917 1725 5016 propositi
1740 4920 1854 4991 nostri

309 5190 316 5216 ⁶
335 5190 412 5258 Epist.
425 5210 496 5258 rur,
512 5193 572 5258 Opp.
589 5203 608 5245 t.
627 5193 669 5256 tv,
682 5205 747 5262 part.
759 5195 799 5258 ll,
812 5195 862 5247 col.
876 5195 934 5245 ⁵65.

412 5297 425 5341 1
