4522 6102
919 751 1152 824 EPlSTOLAE.
1772 758 1818 830 89

248 879 318 948 mei
340 881 450 952 animi
472 879 641 980 profitear
669 881 925 977 infirmitatem,
949 914 1019 985 qua
1044 893 1251 988 poenitentia
1275 897 1390 964 Deum
1416 892 1554 990 placare
1582 891 1716 964 valeam
1745 919 1818 966 non

249 999 404 1089 invenio,
414 1025 521 1096 quem
535 1001 715 1100 superbae
728 1027 868 1102 semper
881 1007 1009 1102 injuria
1023 1034 1170 1082 sumntae
1183 1011 1399 1082 crudelitatis
1410 1035 1539 1108 arguo;
1551 1025 1585 1082 et
1597 1013 1673 1107 ejus
1679 1012 1820 1110 dispen-

249 1119 375 1190 sationi
401 1121 597 1210 contraria,
626 1125 736 1219 magis
760 1147 843 1194 eum
867 1149 910 1196 ex
937 1126 1179 1222 indignatione
1208 1128 1371 1219 offendo,
1395 1154 1505 1226 quarn
1536 1156 1578 1200 ex
1608 1133 1820 1227 peanitentiae

248 1237 502 1332 satisfactione¹
522 1240 656 1338 mitigo.
684 1243 878 1328 Quomodo
897 1245 1003 1316 etiam
1021 1247 1227 1344 poenitentia
1252 1263 1480 1346 peccatorum
1506 1248 1647 1339 dicitur,
1672 1267 1820 1346 quanta-

249 1379 388 1452 cunque
404 1357 449 1428 sit
466 1363 626 1456 corporis
638 1359 802 1450 alilictio,
824 1362 853 1432 si
872 1387 973 1434 mens
989 1364 1106 1436 adhuc
1124 1366 1237 1462 ipsam
1253 1367 1426 1463 peccandi
1440 1369 1566 1438 retinet
1579 1369 1817 1460 voluntatem,

247 1492 282 1546 et
298 1477 454 1573 pristinis
477 1492 599 1551 aestuat
617 1480 825 1551 desideriis?
844 1482 957 1554 Facile
980 1484 1125 1580 quidem
1150 1501 1204 1556 est
1227 1485 1421 1581 quemlibet
1446 1486 1652 1558 confitendo
1676 1506 1818 1586 peccata

246 1597 400 1692 seipsum
419 1620 601 1688 accusem,
622 1601 807 1671 autetiam
825 1601 862 1671 in
881 1601 1046 1673 exteriori
1063 1604 1299 1677 satisfactione
1317 1629 1448 1702 corpus
1464 1603 1634 1700 affligere3
1656 1606 1819 1680 dillicilli-

247 1738 346 1784 mum
365 1739 449 1786 vero
470 1732 524 1788 est
544 1741 564 1788 a
586 1716 769 1789 desideriis
792 1721 1025 1792 maximarum
1047 1722 1269 1820 voluptatum
1292 1723 1441 1796 avellere
1466 1725 1637 1794 animum.
1665 1727 1768 1797 Unde
1786 1745 1821 1799 et

247 1835 373 1904 merito
398 1849 539 1905 sanctus
566 1836 657 1907 tob·
673 1862 785 1933 quum
811 1839 1061 1937 pramisisset:
1086 1871 1104 1910 u
1121 1842 1304 1912 Dimittam
1332 1842 1521 1914 adversum
1553 1867 1611 1914 me
1639 1841 1819 1940 eloquium

246 1975 387 2041 meum,
401 1981 419 2017 u
433 1953 470 2024 id
484 1967 537 2024 est
554 1953 680 2025 laxabo
698 1956 874 2052 linguam,
892 1972 927 2029 et
940 1959 1098 2056 aperiam
1116 1985 1158 2030 os
1175 1985 1241 2058 per
1257 1960 1518 2034 confessionem
1536 1962 1573 2032 in
1592 1977 1819 2059 peccatorum

247 2095 408 2144 meorum
426 2075 700 2164 accusationem,
717 2077 835 2148 statim
850 2077 1048 2173 adjunxit³:
1068 2084 1242 2177 «Loquar
1258 2081 1293 2152 in
1310 2081 1545 2152 amaritudine
1555 2081 1682 2152 animae
1694 2105 1817 2152 mese.»

247 2193 353 2279 Quod
378 2193 501 2266 beatus
531 2221 712 2294 exponens
734 2201 972 2295 Gregorius‘:
990 2204 1132 2286 «Sunt,
1153 2231 1170 2268 u
1191 2202 1326 2299 inquit,
1356 2232 1373 2270 u
1396 2201 1583 2291 nonnulli,
1609 2202 1671 2298 qui
1693 2205 1821 2301 apertis

245 2313 391 2384 vocibus
410 2315 530 2412 culpas
549 2317 713 2406 latentur,
730 2317 793 2389 sed
808 2334 926 2390 tamen
945 2319 981 2390 in
1000 2320 1225 2393 confessione
1248 2345 1389 2418 gemere
1413 2321 1592 2409 nesciunt,
1613 2336 1648 2394 et
1667 2321 1820 2418 lugenda

244 2433 437 2529 gaudentes
453 2434 587 2506 dicunt.
603 2465 621 2501 u
645 2465 661 2503 u
674 2437 794 2508 Unde*
807 2438 869 2535 qui
880 2437 1002 2536 culpas
1016 2464 1096 2511 suas
1110 2440 1287 2512 detestans
1300 2441 1472 2536 loquitur,
1487 2455 1594 2512 restat
1610 2465 1754 2512 necesse
1766 2458 1818 2514 est

244 2569 282 2623 ut
295 2553 360 2623 has
371 2555 407 2624 in
426 2556 661 2626 amaritudine
679 2557 824 2627 animae⁶
842 2556 1020 2653 loquatur,
1039 2575 1077 2628 ut
1090 2558 1165 2630 haec
1179 2561 1255 2656 ipsa
1268 2558 1468 2629 amaritudo
1480 2560 1624 2656 puniat⁷
1641 2559 1814 2655 quidquid

242 2671 361 2770 lingua
375 2697 438 2772 per
453 2676 579 2746 inentis
589 2675 764 2771 judicium
777 2675 928 2746 accusat.
948 2706 965 2742 u
981 2677 1051 2748 Sed
1069 2677 1143 2748 haec
1156 2677 1303 2774 quidem
1322 2677 1522 2748 amaritudo
1543 2702 1631 2748 verae
1643 2679 1816 2774 poeniten·

242 2792 297 2862 tiae
317 2817 425 2888 quam
445 2816 523 2864 rara
547 2794 591 2864 sit
609 2791 732 2865 beatus
751 2793 936 2890 diligenter
951 2795 1137 2867 attendens
1155 2795 1408 2866 Ambrosius⁸:
1430 2795 1627 2884 «Facilius,
1646 2823 1663 2861 n
1678 2797 1812 2893 inquit,

245 2939 261 2977 u
275 2913 394 2982 inveni
406 2913 469 3007 qui
482 2913 722 2984 innocentiam
736 2929 983 3000 servaverunt,
1003 2939 1112 3011 quam
1130 2917 1191 3010 qui
1208 2915 1453 3012 poeniteutiam
1470 2930 1629 3011 egerunt.
1649 2943 1666 2980 n
1683 2921 1722 2986 ln
1743 2931 1816 2986 tan·

244 3045 318 3100 tum
339 3055 424 3102 vero
442 3030 527 3119 illae,
548 3055 637 3127 quas
656 3033 788 3129 pariter
805 3033 1044 3121 exercuimus,
1063 3033 1259 3104 amantium
1278 3033 1476 3131 voluptates
1492 3031 1613 3102 dulces
1633 3031 1721 3101 mihi
1740 3033 1814 3102 lue·

243 3164 343 3238 runt,
365 3163 402 3221 ut
419 3173 486 3219 nec
507 3148 692 3246 displicere
711 3148 815 3240 mihi,
837 3173 903 3221 nec
921 3151 978 3220 vix
999 3175 1020 3220 a
1039 3151 1210 3221 memoria
1231 3148 1301 3221 labi
1322 3150 1469 3247 possint.
1488 3153 1712 3245 Quocunque
1734 3149 1814 3221 loco

242 3291 301 3338 me
319 3265 479 3357 vertam,
493 3292 633 3366 semper
654 3293 693 3339 se
710 3267 821 3340 oculis
841 3270 928 3340 meis
946 3293 1030 3340 cum
1047 3269 1119 3339 suis
1137 3269 1300 3364 ingerunt
1319 3267 1513 3348 desideriis.
1529 3271 1600 3338 Nec
1614 3269 1719 3338 ctiam
1734 3267 1815 3338 dor·

241 3381 363 3458 mienti
382 3391 453 3460 suis
468 3386 690 3458 illusionibus
707 3401 869 3486 parcunt.
887 3392 982 3459 luter
1000 3389 1076 3486 ipsa
1090 3389 1277 3459 missarum
1299 3386 1494 3474 solemnia,
1516 3385 1577 3458 ubi
1594 3387 1719 3484 purior
1739 3412 1814 3458 esse

238 3505 345 3578 dehet
355 3507 484 3596 oratio,
495 3507 650 3578 obscena
661 3531 783 3578 earum
791 3507 1015 3604 voluptatum
1027 3507 1274 3604 phantasmata
1287 3506 1334 3576 ita
1345 3505 1412 3581 sibi
1423 3506 1565 3602 penitus
1579 3505 1812 3578 miserrimam

239 3629 419 3724 captivant
430 3631 442 3665 ‘⁸
459 3629 632 3712 animam,
664 3641 703 3697 ut
725 3625 1005 3724 turpitudinibus
1027 3625 1095 3696 illis
1118 3627 1228 3722 magis
1252 3649 1361 3722 quam
1387 3625 1542 3698 orationi
1566 3649 1702 3698 vacem.
1728 3628 1814 3711 Quae

238 3771 351 3842 quum
370 3747 598 3842 ingemiscere
612 3745 762 3817 debeam
776 3745 821 3816 de
841 3747 1056 3833 commissis,
1080 3746 1219 3844 suspiro
1236 3746 1355 3842 potius
1373 3742 1421 3814 de
1433 3745 1580 3815 amissis.
1605 3749 1676 3816 Nec
1697 3742 1813 3814 solum

238 3889 316 3960 quae
330 3865 485 3962 egimus,
500 3865 564 3936 sed
577 3864 655 3936 loca
667 3865 800 3962 pariter
814 3879 849 3934 et
863 3879 1026 3962 tempora
1045 3865 1083 3933 in
1096 3862 1227 3959 quibus
1239 3862 1314 3934 haec
1326 3863 1482 3958 egimus,
1499 3863 1546 3934 ita
1558 3877 1675 3934 tecum
1690 3877 1812 3932 nostro

237 3983 346 4054 infixa
364 3999 446 4055 sunt
465 3985 605 4074 animo,
628 3985 720 4054 utin
742 3984 826 4080 ipsis
844 3983 966 4054 omnia
989 3997 1107 4052 tecum
1130 4006 1252 4080 agam,
1278 4005 1345 4052 nac
1364 3982 1545 4054 dormiens
1565 3982 1671 4052 etiam
1693 3981 1737 4050 ab
1759 3981 1813 4050 his

237 4105 429 4198 quiescam.
446 4108 710 4199 Nonnunquam
725 4105 788 4172 etl’
807 4101 884 4197 ipso
906 4112 1007 4169 motu
1030 4101 1191 4196 corporis
1214 4100 1324 4170 animi
1343 4100 1414 4169 mei
1433 4099 1664 4194 cogitationes
1688 4099 1813 4197 depre-

237 4221 457 4311 henduntur,
478 4245 545 4294 nec
563 4245 584 4291 a
603 4220 717 4292 verbis
738 4231 937 4316 temperant
950 4218 1162 4317 improvisis.
1179 4220 1212 4288 Ο
1224 4241 1308 4288 vere
1322 4240 1380 4288 me
1398 4219 1582 4304 miseram,
1598 4232 1631 4287 et
1646 4216 1705 4288 illa
1722 4241 1812 4288 con-

237 4342 449 4436 questione¹¹
464 4340 724 4437 ingemiscentis
738 4339 864 4409 animae
876 4335 1138 4434 dignissimam!
1159 4365 1176 4404 u
1189 4335 1312 4408 Infelix
1328 4361 1394 4432 ego
1413 4334 1543 4416 homol
1560 4337 1640 4432 quis
1653 4361 1709 4406 me
1727 4325 1822 4406 tibs'

233 4451 327 4534 ‘rabit
353 4455 574 4558 de'corpoue
600 4459 724 4529 mortis
742 4457 898 4552 hujus¹¹l
915 4485 933 4522 a
954 4457 1097 4528 Utinam
1121 4469 1158 4526 et
1180 4455 1279 4552 quod
1301 4455 1460 4551 sequitur
1486 4455 1654 4526 veraciter
1678 4453 1810 4526 addere

239 4580 388 4678 queam!
412 4581 564 4651 «Gratia
588 4579 653 4650 Dei
676 4601 739 4677 per
757 4583 876 4650 lesum
895 4577 1073 4648 Christum
1091 4577 1286 4647 Dominum
1307 4590 1481 4646 nostrum.
1499 4603 1516 4640 u
1533 4579 1612 4644 ttae
1626 4588 1661 4642 te
1679 4573 1807 4668 gratia,

237 4702 457 4788 charissime,
478 4699 666 4796 praevenit,
687 4712 723 4768 et
740 4697 786 4768 ab
804 4696 859 4768 his
872 4696 936 4767 tibi
949 4695 1099 4767 stimulis
1110 4719 1181 4766 una
1195 4695 1355 4792 corporis
1368 4692 1469 4793 plaga
1483 4691 1662 4762 medendo
1683 4690 1810 4762 multas

237 4821 274 4890 in
301 4822 422 4891 anima
442 4820 593 4907 sanavit,
619 4833 654 4890 et
681 4820 717 4888 in
746 4842 819 4914 quo
844 4817 907 4887 tibi
929 4816 1081 4912 amplius
1104 4816 1282 4889 adversari
1307 4819 1414 4886 Deus.
1431 4813 1603 4903 creditur,
1637 4813 1812 4912 propitior

274 5075 279 5098 ¹
291 5075 391 5123 Pinculo
403 5072 473 5124 utta.
482 5100 512 5110 ·-
523 5073 533 5098 ¹
545 5075 613 5132 lob„
623 5089 678 5139 cap.
691 5090 720 5132 x,
733 5089 756 5122 v.
773 5077 794 5121 l.
804 5099 829 5109 -
839 5073 850 5100 ⁸
860 5073 935 5132 lbid.,
946 5071 1005 5122 ibid.
1036 5076 1174 5133 poenitenn'a
1185 5069 1228 5120 lib.
1243 5071 1263 5120 ll
1273 5107 1279 5129 ,
1289 5083 1345 5136 cap.
1358 5086 1388 5127 x,
1407 5071 1483 5131 opp„
1499 5067 1610 5128 Parisiis,
1632 5069 1693 5116 1690
1703 5105 1710 5129 ,
1721 5064 1812 5128 insol,

230 5157 290 5194 -—‘
302 5159 428 5208 Horatium
439 5157 481 5208 lib.
495 5158 542 5220 lll,
560 5173 615 5223 cap.
628 5173 699 5216 xnu,
722 5159 783 5219 opp.
801 5157 913 5216 Parisiis,
930 5157 1006 5216 tros,
1040 5167 1058 5206 t.
1080 5155 1118 5214 ll,
1138 5155 1186 5204 col.
1205 5155 1261 5202 436.
1271 5151 1322 5188 -'
1336 5153 1464 5214 inplicam
1481 5151 1552 5202 alls.
1565 5177 1591 5186 -
1606 5149 1627 5176 ¹⁰
1641 5152 1723 5198 Elium
1741 5148 1770 5196 C.
1785 5174 1812 5184 —-

228 5241 329 5299 in-lol„
342 5253 360 5291 t.
375 5241 724 5306 Ι,οο1.319.---“11)ἰ<1.,σιεψλ
738 5255 802 5290 auu
816 5239 930 5290 -⁸lnrer
941 5255 1008 5290 acer-
1042 5238 1063 5264 ⁴⁴
1079 5241 1179 5298 Querela
1194 5235 1266 5288 ttttS.
1277 5259 1309 5276 -
1320 5234 1343 5261 ‘⁸
1356 5237 1437 5297 llere,
1451 5251 1506 5300 cap.
1521 5252 1566 5294 vn,
1581 5251 1604 5284 r.
1619 5235 1660 5281 tt.
1778 5303 1779 5306 Ἴ

228 5327 343 5374 mimos
363 5327 458 5374 dolores
477 5324 547 5374 RllS.
559 5323 608 5362 --l
622 5325 652 5374 llt
664 5323 690 5374 lu'
701 5328 802 5386 puniant
823 5315 891 5372 tlttS.
909 5349 934 5358 -
950 5321 959 5350 ⁸
976 5323 1009 5372 De

375 5427 384 5471 l
1639 5407 1675 5463 12
