4496 6102
416 601 516 684 444·
879 563 881 566 ’
1013 607 1402 687 susurrantium

415 754 487 823 0140
512 767 783 824 resurrecturus.
807 756 888 841 Qua
911 750 1076 825 videlicet
1097 769 1225 845 morte,
1257 769 1426 853 tanquam
1443 752 1575 852 poculo
1594 751 1766 850 quodam,
1787 750 2003 824 desiderium
2110 741 2118 764 ⁸

415 895 520 948 suum
545 871 591 943 de
613 885 733 944 nostra
757 870 1022 972 redemptione,
1051 874 1153 971 quasi
1170 875 1264 946 sitim
1287 899 1389 954 suam
1411 879 1494 945 0444Ι
1510 870 1716 944 reiecturus.
1746 872 1816 943 Sed
1840 870 2003 966 nunquid

415 1004 568 1061 mortem
587 991 721 1080 timuit,
742 990 917 1090 adquam
938 1016 1005 1063 nos
1025 991 1172 1065 minime
1191 992 1387 1064 timendam
1403 991 1625 1080 adhortatur,
1647 990 1792 1062 dicens¹
1817 1019 1824 1060 :
1853 1019 1870 1057 4
1888 990 2002 1061 Nolite

414 1109 538 1180 timere
556 1135 617 1182 eos
635 1113 696 1208 qui
714 1109 885 1182 occidunt
904 1111 1060 1210 corpus?
1074 1137 1092 1178 a
1110 1114 1212 1185 Certe
1230 1112 1412 1184 neminem
1426 1125 1643 1207 martyrum,
1664 1133 1778 1206 quum
1791 1107 1836 1179 ad
1851 1133 2002 1204 agonem

411 1227 592 1323 venirent,
611 1232 710 1330 quod
728 1235 866 1331 passuri
884 1247 1001 1322 erant,
1021 1258 1141 1305 orasse
1160 1233 1307 1304 memini
1325 1246 1365 1303 ut
1380 1231 1426 1303 ab
1443 1233 1494 1304 eis
1511 1232 1627 1330 passio
1645 1231 1826 1321 transiret,
1843 1230 1906 1301 4041
1923 1230 2001 1302 laeto

411 1353 532 1422 animo
551 1367 587 1423 ct
603 1377 734 1448 magno
754 1352 930 1424 desiderio
950 1377 1030 1424 eam
1048 1354 1243 1452 suscipere,
1272 1367 1442 1449 tanquam
1467 1351 1555 1423 illud
1582 1351 1770 1449 implentes
1796 1350 1998 1448 Apostoli’:

415 1471 563 1572 «Cupio
582 1471 745 1562 dissolvi,
767 1487 802 1543 et
820 1497 896 1544 esse
915 1497 998 1544 cnm
1019 1472 1211 1546 Christo.»
1237 1471 1407 1570 Nunquid
1432 1473 1508 1570 ipse
1532 1472 1640 1544 morti
1664 1497 1702 1544 sc
1721 1470 1898 1560 offerens,
1922 1471 2000 1570 plus

413 1616 491 1662 eam
518 1592 636 1664 timuit
652 1617 761 1690 quam
783 1593 915 1683 caeteri,
937 1608 998 1665 aut
1017 1593 1125 1664 tristis
1148 1592 1195 1664 ad
1217 1617 1297 1664 eam
1319 1593 1437 1681 veuit,
1464 1591 1511 1662 ad
1529 1615 1638 1689 quam
1656 1590 1715 1662 alii
1741 1614 1929 1662 occurrere
1947 1590 2002 1662 411-

413 1725 542 1783 cuntur
558 1711 650 1782 laeti?
674 1713 731 1783 Sic
749 1713 881 1811 quippe
897 1711 942 1784 de
954 1711 1032 1812 ipso
1049 1715 1190 1784 Marcus
1208 1712 1332 1802 refert,
1352 1709 1453 1809 quod
1473 1710 1580 1809 coepit
1598 1733 1727 1808 pavere
1745 1723 1781 1780 et
1796 1708 1945 1799 taedere3
1969 1724 2002 1781 et

413 1844 485 1901 tam
503 1832 579 1929 ipse
596 1834 735 1903 Marcus
752 1857 861 1928 quarn
879 1830 1064 1903 Matthaeus
1080 1855 1164 1904 eum
1182 1829 1343 1903 scribunt
1359 1829 1488 1902 dixisse
1505 1857 1513 1900 ε
1533 1830 1682 1900 «Tristis
1709 1842 1763 1900 est
1783 1829 1902 1900 anima
1925 1855 2002 1903 mea

412 1973 526 2047 usque
543 1950 589 2022 ad
610 1965 782 2041 mortem,
798 1977 815 2017 4
836 1976 903 2023 4400
923 1975 998 2023 uon
1012 1966 1048 2023 04
1061 1975 1143 2023 eum
1158 1950 1334 2049 passionis
1348 1946 1622 2022 amaritudinem
1634 1945 1796 2046 profiteri
1808 1972 1884 2019 non
1898 1946 1999 2038 velle,

411 2085 447 2142 et
460 2095 562 2142 suam
576 2072 613 2141 in
626 2071 698 2143 hoc
712 2071 931 2144 voluntatem
944 2096 965 2143 4
978 2071 1160 2144 4014444440
1175 2071 1285 2142 Ρ44414
1296 2069 1481 2159 dissidere,
1497 2093 1610 2166 quum
1625 2068 1674 2139 ait
1689 2095 1696 2138 :
1716 2095 1733 2134 44
1749 2071 2000 2160 Verumtamen

410 2213 485 2262 non
500 2190 590 2261 410444
606 2215 674 2286 ego
691 2189 794 2280 4010,
811 2189 875 2262 4041
893 2191 983 2262 sicut
1000 2205 1056 2281 tu,
1075 2219 1092 2258 a
1114 2189 1171 2261 vel
1188 2192 1237 2262 ita
1254 2217 1261 2260 :
1282 2219 1300 2257 4
1317 2189 1388 2261 Sed
1405 2212 1481 2260 non
1498 2187 1600 2286 quod
1616 2211 1683 2284 ego
1700 2185 1805 2277 volo,
1827 2187 1889 2260 sed
1904 2188 2001 2284 quod

410 2325 462 2383 tu.
479 2341 496 2378 >r
514 2316 557 2382 Et
570 2313 606 2382 in
619 2317 713 2384 Luca
727 2311 853 2410 legitur
870 2340 877 2384 :
893 2343 910 2381 4
925 2317 1040 2403 Ρ4404,
1058 2313 1087 2384 41
1101 2313 1166 2402 414,
1184 2312 1333 2384 transfer
1346 2337 1367 2382 4
1381 2336 1439 2383 4440
1451 2311 1598 2384 calicem
1612 2311 1732 2382 istum.
1749 2315 1999 2385 Verumtamen

412 2454 486 2503 non
506 2456 586 2502 mea
603 2430 789 2523 voluntas,
809 2430 872 2503 sed
891 2446 950 2503 tua
969 2431 1041 2503 frat.
1058 2460 1075 2499 a
1091 2431 1160 2504 Ubi
1173 2447 1209 2504 et
1222 2431 1385 2504 subditur
1402 2459 1410 2503 :
1429 2463 1447 2500 44
1465 2433 1636 2532 Apparuit
1652 2449 1772 2505 autem
1789 2431 1839 2504 illi
1857 2432 2001 2530 angelus

413 2552 458 2624 de
479 2553 590 2644 coelo,
606 2553 817 2625 confortans
826 2579 910 2625 eum
919 2607 932 2645 ,.
951 2552 1165 2626 0414044410
1181 2555 1321 2652 agonia,
1341 2554 1513 2654 prolixius
1531 2554 1667 2628 orabat.
1683 2559 1726 2628 Et
1743 2554 1855 2627 sactus
1875 2571 1929 2627 est
1945 2581 2000 2626 su-

412 2670 481 2743 dor
497 2672 573 2767 ejus
590 2673 680 2744 sicut
698 2688 803 2770 guttae
822 2673 1002 2770 sanguinis
1025 2672 1247 2747 decurrentis
1268 2675 1306 2746 in
1330 2689 1472 2747 terram.
1491 2677 1712 2748 »Neminem
1733 2674 1842 2747 alium
1865 2701 1937 2774 prae
1956 2678 1998 2748 ti-

411 2816 513 2866 more
532 2796 655 2866 mortis
673 2795 883 2893 sanguinem
897 2795 1045 2893 legimus
1060 2795 1224 2888 sudasse,
1241 2796 1342 2894 quod
1358 2822 1465 2894 supra
1476 2813 1639 2869 naturam
1652 2798 1849 2871 humanam
1863 2795 2000 2870 constat

410 2937 498 2985 esse.
522 2917 573 2985 An
594 2913 683 2986 10440
698 2913 779 3013 plus
795 2929 904 3013 quam
919 2915 1036 2988 caeteri
1057 2915 1190 3003 timuit,
1210 2941 1320 3014 quern
1334 2917 1443 2988 timor
1455 2918 1630 3016 passionis
1648 2917 1779 2989 adhoc
1795 2917 1937 3015 coegit?
1955 2943 1998 2989 an

408 3049 536 3132 sponte
550 3036 661 3132 magis
674 3059 783 3132 quarn
792 3037 966 3109 anxietate
979 3037 1118 3109 timoris
1131 3036 1229 3109 huuc
1238 3037 1409 3110 sudorem
1419 3039 1534 3110 emisit
1544 3038 1559 3108 1
1571 3042 1687 3127 Quem
1702 3038 1858 3136 deniqne
1872 3039 1997 3112 sortem

409 3155 576 3227 athletam
593 3157 642 3227 ita
655 3157 814 3255 periculo
832 3158 958 3230 mortis
976 3159 1175 3250 anxiatum,
1196 3175 1232 3231 et
1249 3175 1421 3257 tanquam
1436 3185 1480 3232 ex
1498 3159 1746 3258 desperatione
1760 3159 1910 3255 legimus
1923 3184 1997 3231 esse

409 3276 678 3374 perturbatum,
692 3291 732 3348 ut
745 3276 792 3349 de
802 3279 961 3350 Domino
975 3280 1145 3378 scriptum
1157 3297 1233 3352 esse
1248 3279 1411 3352 uidetur?
1432 3309 1451 3349 4
1467 3283 1570 3352 Nunc
1587 3279 1708 3350 anima
1723 3303 1820 3367 mea,
1832 3307 1849 3348 a
1863 3279 1993 3378 inquit,

412 3397 598 3470 «turbata.
623 3403 666 3470 Et
690 3397 778 3495 quid
803 3398 946 3470 dicam?
971 3404 1086 3492 Pater,
1107 3400 1261 3474 salvifica
1282 3425 1341 3473 me
1362 3400 1653 3474 04144014044.»
1679 3405 1722 3472 Et
1746 3416 1827 3500 post
1852 3400 1991 3500 aliqua:

413 3519 565 3604 «Quum
584 3516 659 3589 haec
682 3517 826 3590 dixisset
847 3523 959 3610 lesus,
986 3518 1146 3592 turbatus
1166 3535 1220 3593 est
1239 3521 1376 3620 spiritu.
1398 3548 1416 3588 »
1442 3524 1489 3592 Ut
1509 3534 1824 3619 auteonnamus
1852 3522 1889 3592 in
1918 3522 1994 3619 qui-

409 3635 560 3708 busdam
578 3637 718 3710 videtur
735 3639 772 3710 in
787 3638 844 3710 his
859 3638 1004 3731 verbis³,
1021 3640 1158 3713 timoris
1175 3639 1231 3712 vel
1248 3641 1392 3714 tristitia
1410 3665 1494 3713 eum
1512 3639 1754 3762 membrasua
1772 3641 1808 3712 in
1826 3665 1865 3712 se
1884 3656 1994 3714 trans·

409 3755 599 3848 formasse,
622 3769 661 3828 ut
681 3784 723 3830 ex
745 3783 899 3857 persona
919 3784 1068 3831 suorum
1089 3760 1337 3833 membrorum
1357 3759 1433 3832 haec
1451 3759 1655 3833 dicerentur
1667 3774 1729 3831 aut
1742 3757 1865 3832 fierent
1882 3788 1889 3830 :
1906 3785 1995 3832 nun·

410 3901 518 3976 quam
537 3893 631 3951 certe
650 3880 686 3949 in
705 3903 832 3952 eorum
847 3904 1001 3979 persona
1020 3881 1131 3953 sudor
1151 3882 1216 3953 iste
1235 3881 1334 3977 juxta
1356 3881 1508 3952 litteram
1534 3880 1763 3980 accipiendus
1781 3896 1844 3953 est.
1871 3885 1993 3953 Beatus

410 4016 529 4072 autem
545 3999 749 4073 Ambrosius
762 4001 843 4101 plus
855 4027 1062 4107 eumquam
1076 4018 1221 4075 caeteros
1238 4003 1440 4101 passionem
1454 4003 1579 4075 mortis
1596 4001 1743 4075 horrere
1762 4027 1835 4074 non
1855 4018 1993 4082 veretur

410 4145 577 4195 asserere.
599 4123 656 4194 Sic
676 4124 809 4224 quippe
829 4124 879 4198 ait
899 4123 944 4196 de
964 4123 1036 4196 fide
1058 4122 1105 4196 ad
1130 4123 1339 4195 Gratianum
1364 4124 1542 4216 scribens,
1565 4125 1603 4195 in
1628 4123 1720 4195 libro
1744 4127 1818 4194 11⁶:
1836 4153 1854 4191 44
1872 4127 1991 4196 Petrus

409 4242 517 4315 dicit:
539 4244 735 4316 «Animam
753 4269 870 4317 meam
888 4270 987 4344 pono
1009 4271 1076 4344 pro
1094 4259 1176 4316 te.»
1194 4243 1358 4316 Christus
1373 4242 1458 4317 dicit
1476 4272 1485 4314 ι
1504 4261 1528 4313 44
1536 4245 1660 4316 Anima
1681 4269 1761 4316 mea
1780 4243 1954 4317 turbatur.
1973 4271 1988 4310 4

408 4345 607 4460 Utrumque
630 4389 755 4435 verum
776 4379 850 4455 est,
874 4380 909 4436 et
928 4365 1075 4463 plenum
1093 4379 1285 4461 utrumque
1299 4363 1464 4454 rationis,
1489 4363 1590 4462 quod
1607 4364 1753 4436 inferior
1774 4389 1848 4458 uon
1871 4367 1987 4454 timet,

407 4497 441 4554 et
455 4484 618 4581 superior
630 4486 718 4580 gerit
730 4485 885 4556 timentis
896 4485 1074 4558 allectum.
1091 4484 1154 4558 llle
1167 4486 1263 4558 enim
1277 4485 1377 4582 quasi
1395 4484 1507 4556 homo
1526 4485 1598 4555 vim
1619 4486 1742 4557 mortis
1755 4485 1912 4581 ignorat,
1929 4488 1990 4558 iste

406 4604 508 4699 quasi
526 4609 623 4676 Deus
635 4606 674 4676 in
686 4630 837 4705 corpore
854 4599 1082 4695 constitutus,
1104 4605 1325 4704 fragilitatem
1343 4607 1459 4678 carnis
1477 4607 1643 4706 exponit,
1663 4621 1701 4677 ut
1718 4632 1845 4679 eorum
1862 4609 1922 4706 qui
1941 4633 1991 4680 sa·

407 4739 629 4796 aramentum
660 4727 912 4798 incarnationis
942 4726 1170 4820 abhorrent⁵,
1205 4726 1452 4800 excluderetur
1478 4727 1687 4826 impietas.»
1712 4731 1762 4797 Ex
1785 4726 1991 4826 quibuspa·

407 4857 521 4917 tenter
537 4845 654 4917 verbis
671 4847 882 4934 ostenditur,
902 4873 940 4920 re
957 4871 1041 4921 vera
1061 4847 1137 4945 ejus
1159 4849 1336 4940 animam,
1360 4872 1439 4944 quae
1457 4871 1522 4946 per
1542 4849 1714 4920 unionem
1740 4846 1848 4919 Verbi
1872 4849 1992 4920 omnia

439 5145 447 5172 ¹
466 5143 562 5208 1144414,
575 5161 631 5210 cap.
650 5165 676 5212 x,
690 5165 712 5200 4.
727 5151 801 5201 24-
813 5150 822 5177 ’
833 5151 952 5218 Philipp,
962 5169 1017 5221 cap.
1032 5171 1048 5216 4,
1065 5171 1088 5208 4.
1103 5156 1185 5207 24-
1197 5154 1208 5182 ⁸
1220 5154 1297 5206 bocru
1307 5165 1435 5220 corr-uptus
1446 5195 1451 5218 ‚
1464 5165 1491 5206 ut
1503 5154 1657 5207 udatus—⁴
1668 5153 1729 5220 Cap.
1744 5171 1769 5216 4,
1784 5155 1844 5218 opp.
1861 5163 1879 5200 t.
1893 5155 1928 5214 11,
1942 5157 1991 5207 001.

405 5234 505 5283 tta-
521 5232 754 5300 υ4114040414444444.
1919 5263 1921 5268 “
1948 5263 1950 5268 “
