4510 6108
534 619 578 692 ΙΝ
600 618 734 690 unuln
759 617 961 690 statutor
985 615 1291 690 PENTECOSTES
1315 617 1513 688 SERMO.·
1639 717 1643 726 Ι
1730 619 1803 700 tas

211 763 387 864 reprobus
408 760 554 834 efficiar.
572 789 589 829 u
611 765 656 832 Et
671 759 816 832 attende
837 758 936 855 quod
959 783 1072 855 quum
1096 758 1183 829 dicit
1205 740 1253 830 in¹
1269 758 1344 848 hi's,
1368 784 1459 856 quos
1484 760 1634 858 Spiritus
1659 774 1802 832 sanctus

212 884 344 986 replet,
367 882 529 954 interiori
553 880 666 953 verbo
690 879 843 952 exterius
863 877 1050 974 conjungi,
1076 893 1240 976 patenter
1263 903 1363 950 cosa
1385 877 1614 952 daemoniacis
1634 881 1799 952 secernit.

212 1006 313 1090 Quos
339 1003 437 1074 enirn
465 1001 643 1073 daemonia
668 999 826 1098 replent,
856 1012 891 1068 et
919 997 1124 1095 torquendo
1152 998 1189 1069 in
1217 999 1394 1070 insaniam
1420 1013 1584 1089 vertunt,
1614 997 1726 1071 verba
1752 1000 1802 1070 eis

212 1137 370 1211 tanturn,
398 1147 473 1194 non
500 1146 647 1194 sensum
669 1121 891 1208 ministrant,
919 1134 956 1191 et
979 1117 1167 1215 caliginem
1190 1118 1276 1190 lumi
1300 1121 1420 1218 potius
1442 1144 1553 1218 quam
1572 1121 1804 1220 splendorem

215 1242 303 1339 ignis
316 1241 497 1312 mentibus
506 1264 633 1312 eorum
647 1239 856 1312 immittunt.
875 1239 1025 1337 Spiritus
1036 1253 1156 1310 autern
1167 1255 1311 1311 sanctus
1319 1227 1433 1337 quum
1442 1241 1479 1312 in
1494 1241 1613 1313 electis
1622 1241 1798 1340 loquitur,

213 1363 370 1460 primum
386 1361 481 1432 intus
493 1359 671 1432 illuminat
687 1360 802 1458 ipsos,
820 1382 930 1456 quam
946 1358 1180 1430 exterioribus
1194 1383 1322 1430 eorum
1337 1358 1456 1432 verbis
1468 1359 1568 1432 alios.
1588 1360 1692 1432 Unde
1707 1361 1801 1433 bene

213 1482 284 1555 hoc
306 1482 389 1552 loco
408 1483 490 1553 voci
511 1480 664 1568 divinae,
683 1495 724 1551 ut
739 1480 877 1552 dictum
893 1494 963 1568 est,
980 1505 1052 1550 vox
1070 1479 1231 1582 humana
1250 1480 1381 1552 dicitur
1397 1481 1538 1572 addita,
1562 1497 1604 1554 ut
1621 1482 1721 1580 quod
1737 1507 1802 1580 per

214 1603 484 1702 inspirationem
503 1601 579 1672 aliis
599 1601 796 1673 nuntietur.
821 1603 893 1678 Nec
914 1614 1035 1674 nmen
1057 1599 1140 1672 ideo
1162 1600 1383 1674 credendum
1402 1616 1471 1692 est,
1493 1618 1533 1674 ut
1550 1604 1718 1702 quotiens
1737 1631 1802 1704 per

214 1723 407 1823 prophetas
422 1721 572 1821 Spiritus
588 1736 732 1793 sanctus
753 1705 895 1793 lo'cutus
917 1735 992 1810 est,
1012 1721 1189 1819 quidquid
1205 1721 1243 1793 in
1261 1721 1381 1795 verbis
1397 1721 1465 1795 illis
1484 1724 1712 1816 intellexerit,
1731 1724 1802 1798 hoc

214 1856 331 1913 totum
347 1843 397 1914 eis
411 1866 476 1940 per
491 1865 583 1938 quos
599 1838 816 1938 loquebatur
832 1840 1081 1938 inspiraverit:
1098 1839 1162 1912 sed
1178 1839 1290 1912 modo
1304 1866 1419 1913 unum
1436 1844 1709 1934 tantummod0,
1728 1844 1800 1917 lor·

214 1964 314 2036 tassis
331 1962 451 2061 plures
474 1986 566 2059 quos
580 1957 633 2033 ibi
654 1960 869 2060 providebat
889 1986 1015 2033 sensns
1033 1960 1178 2050 haberi,
1203 1963 1254 2034 eis
1270 1961 1463 2034 revelabat.
1483 1962 1587 2035 Unde
1604 1989 1718 2062 quum
1737 1964 1801 2036 ali-

213 2107 323 2181 quam
343 2080 571 2181 prophetiam
587 2081 686 2153 varie
709 2106 730 2153 a
747 2080 959 2153 doctoribus
980 2082 1111 2180 exponi
1132 2080 1315 2172 videmus,
1338 2107 1568 2180 nequaquam
1589 2108 1733 2156 necesse
1750 2102 1803 2157 est

214 2218 255 2276 ut
265 2228 391 2276 omnes
405 2201 485 2274 illos
498 2226 622 2274 sensus
634 2200 685 2273 ibi
700 2200 918 2300 prophetam
930 2200 1100 2273 habuisse
1115 2200 1304 2274 credamus
1320 2229 1329 2272 ε
1344 2202 1409 2274 sed
1417 2203 1594 2301 quidquid
1607 2202 1656 2275 ihi
1667 2228 1801 2276 conve-

214 2324 354 2395 nienter
378 2320 525 2418 intelligi
548 2323 684 2419 potuit,
711 2321 863 2418 Spiritus
893 2321 1081 2418 praescivit.
1108 2319 1209 2392 Sicut
1228 2345 1315 2416 ergo
1335 2320 1435 2394 dives
1463 2321 1590 2421 aliquis
1605 2348 1685 2423 per
1707 2349 1803 2396 oeco-

214 2469 367 2518 nomum
387 2468 493 2516 suum
517 2442 665 2515 diversis
689 2439 885 2516 artificibus
904 2442 1094 2541 proprium
1114 2440 1225 2516 tradit
1242 2467 1388 2534 aurum,
1408 2461 1449 2516 ut
1465 2445 1606 2520 diversa
1621 2448 1654 2519 ei
1673 2446 1819 2544 saciant

214 2577 450 2652 ornamenta:
469 2563 519 2634 ita
537 2577 573 2636 et
588 2563 739 2660 Spiritus
753 2587 817 2661 per
831 2561 1028 2661 prophetas
1043 2584 1108 2634 sua
1131 2562 1241 2636 nobis
1263 2564 1374 2636 tradit
1394 2564 1537 2664 eloquia
1561 2566 1710 2640 diversis
1728 2595 1805 2642 sen·

214 2688 333 2759 tennis
349 2685 496 2775 referta,
519 2709 599 2782 quae
618 2709 733 2782 quum
753 2677 901 2755 diversis
916 2683 1130 2783 exponimus
1146 2683 1282 2794 modis,
1305 2698 1396 2782 quot
1411 2685 1496 2758 inde
1511 2690 1704 2762 sententias
1722 2716 1819 2790 pros

214 2809 397 2898 ducimus,
412 2807 515 2906 quasi
531 2819 587 2878 tot
605 2830 716 2904 opera
733 2805 779 2878 de
795 2829 870 2877 una
884 2806 1033 2878 materia
1051 2805 1279 2878 fabricamus.

265 2959 285 2998 α
302 2934 392 3002 Date
420 2927 571 3024 gloriam
600 2930 690 2998 Deo.
707 2953 725 2994 u
755 2929 876 3024 Regna
900 2942 1020 3018 terrae,
1046 2951 1125 3024 quae
1152 2928 1316 3025 superius
1339 2926 1386 2999 ad
1411 2929 1632 3002 cantandum
1655 2948 1690 3004 et
1708 2935 1802 3032 psal-

214 3051 363 3124 lendum
398 3055 475 3123 Deo
507 3049 739 3138 invitaverat,
765 3073 909 3120 rursum
935 3050 983 3121 ad
1001 3047 1275 3146 glorificandum
1298 3050 1416 3148 ipsum
1438 3050 1651 3124 adhortatur
1676 3079 1740 3144 ea,
1763 3071 1803 3127 ut

214 3173 260 3247 de
279 3188 379 3246 tanta
394 3171 451 3244 his
468 3170 597 3243 diebus
621 3169 751 3242 collata
767 3171 880 3266 gratia
901 3170 1107 3242 uberiorem
1128 3170 1277 3243 laudum
1299 3171 1386 3243 dent
1406 3171 1557 3268 gloriam
1573 3179 1663 3247 Deo.
1689 3180 1803 3249 Tanto

214 3295 313 3368 enim
327 3295 404 3366 haec
421 3293 534 3390 gratia
551 3291 687 3390 ubique
705 3305 882 3363 terrarum
901 3306 955 3363 est
977 3291 1130 3391 amplius
1150 3292 1396 3390 praedicanda,
1417 3309 1555 3390 quanto
1573 3297 1651 3394 ipsa
1670 3298 1804 3396 ubique

215 3414 341 3488 melius
356 3428 410 3486 est
424 3411 623 3512 operanda,
642 3427 678 3483 et
691 3437 756 3509 per
772 3435 853 3484 eam
867 3411 1034 3484 universa
1051 3415 1128 3482 Deo
1144 3427 1229 3484 sunt
1245 3413 1417 3510 acquisita
1432 3437 1556 3510 regna,
1575 3430 1611 3486 et
1631 3415 1677 3488 de
1692 3441 1805 3513 regno

214 3533 349 3608 diaboli
365 3535 402 3606 in
418 3557 570 3629 regnum
586 3531 718 3605 Christi
738 3531 922 3604 translata.
942 3530 1051 3620 Quod
1071 3519 1219 3630 quidem
1241 3555 1308 3631 per
1325 3517 1418 3630 quos
1438 3533 1654 3622 factumst,
1677 3561 1805 3610 conse-

213 3670 367 3757 quenter
383 3653 562 3752 adjungit,
581 3651 733 3726 dicens:
754 3681 771 3721 u
789 3651 1054 3749 Magnificentia
1070 3651 1165 3749 ejus,
1183 3667 1220 3724 et
1239 3652 1352 3724 virtus
1374 3653 1450 3750 ejus
1470 3655 1508 3725 in
1531 3654 1702 3729 nubibus.
1720 3686 1739 3726 u
1757 3664 1806 3730 Ac

214 3779 248 3849 si
259 3777 417 3849 diceret:
436 3772 525 3846 Inde
541 3771 625 3845 date
641 3763 793 3869 gloriam
810 3776 906 3862 Deo,
924 3772 1010 3868 quia
1025 3772 1101 3870 ipse
1118 3769 1279 3842 nubibus
1292 3773 1382 3861 suis,
1401 3773 1439 3844 id
1456 3788 1509 3846 est
1524 3777 1713 3874 apostolis,
1732 3801 1806 3850 ma·

214 3894 457 3993 gnificentiam
473 3907 510 3964 ct
523 3894 695 3964 virtutem
711 3890 829 3980 dedit,
848 3913 913 3990 per
928 3914 1040 3988 quem
1053 3915 1120 3960 vos
1136 3890 1174 3959 in
1190 3913 1342 3985 regnum
1357 3915 1464 3963 suum
1480 3911 1718 3968 converteret.
1738 3875 1808 3969 Nu-

213 4015 279 4088 lies
301 4013 348 4086 de
372 4015 447 4086 imo
471 4026 622 4109 surgunt
644 4011 681 4082 in
708 4009 840 4100 altum,
858 4025 895 4081 et
914 4009 961 4081 de
981 4009 1054 4080 alto
1076 4007 1232 4080 imbrem
1248 4009 1435 4100 emittunt,
1453 4036 1527 4109 quo
1543 4013 1686 4109 irrigata
1711 4029 1805 4090 terra

215 4135 422 4226 fructificat,
440 4148 476 4206 et
491 4132 656 4206 sedentes
672 4130 827 4230 apostoli
842 4131 1015 4231 Spiritum
1032 4144 1288 4228 perceperunt3
1306 4130 1392 4229 quia
1411 4128 1607 4204 humilibus
1619 4137 1723 4206 neus
1743 4135 1806 4210 du

204 4257 384 4354 gratiam,
402 4269 438 4327 et
453 4253 616 4352 superbis
632 4253 763 4325 resistit
777 4276 931 4352 semper.
952 4254 1020 4323 Per
1034 4250 1130 4323 hane
1146 4251 1295 4348 gratiam
1312 4249 1422 4323 hodie
1438 4252 1476 4322 in
1490 4253 1681 4327 virtutibus
1697 4255 1807 4326 subli-

215 4377 321 4467 mati,
333 4391 369 4448 et
384 4373 612 4448 uberioribus
625 4372 733 4449 donis
742 4371 973 4470 magnificati,
989 4386 1164 4469 tanquam
1175 4370 1222 4442 de
1237 4372 1311 4444 alto
1325 4387 1458 4444 terram
1471 4373 1701 4472 compluunt,
1716 4375 1804 4447 dum

215 4497 330 4570 divini
345 4495 479 4594 eloquii
494 4495 614 4568 verbis
629 4492 742 4567 corda
758 4509 987 4566 terrenorum
1001 4492 1193 4566 hominum
1209 4493 1373 4564 omnium
1389 4491 1590 4589 linguarum
1616 4494 1805 4590 generibus

214 4616 404 4714 loquentes
420 4614 603 4687 erudiunt.
623 4617 723 4702 Quos
739 4614 859 4711 itaque
874 4617 971 4685 Deus
985 4613 1037 4684 sic
1052 4609 1310 4709 magnificavit,
1328 4626 1364 4684 et
1382 4612 1421 4683 in
1442 4626 1558 4684 tantas
1580 4612 1727 4684 virtutes
1751 4629 1806 4686 tot

215 4733 322 4808 donis
344 4735 422 4835 ipse
442 4734 647 4834 promovit,
666 4749 763 4806 recte
789 4731 1094 4830 magnificentiam
1119 4746 1155 4806 et
1175 4734 1346 4805 virtutem
1370 4732 1421 4804 eis
1443 4731 1636 4805 contulisse
1661 4733 1803 4825 dicitur,

215 4881 308 4954 quos
323 4871 360 4927 et
375 4855 556 4928 miraculis
572 4877 780 4944 coruscare,
799 4868 926 4927 ettam
941 4852 1044 4926 verbi
1063 4877 1175 4950 quam
1196 4855 1306 4926 animi
1325 4853 1456 4925 virtute
1478 4853 1561 4926 lecit
1580 4855 1801 4952 praeminere.

215 4981 270 5048 De
287 4975 419 5074 quibus
433 4975 553 5048 adhuc
569 4974 755 5048 subditus-¹
775 5003 783 5046 :
805 5004 822 5043 u
837 4973 1010 5047 Mirabilis
1026 4978 1122 5048 Deus
1138 4959 1176 5047 in
1192 4975 1324 5048 sanctis
1344 4975 1433 5065 suis,
1451 5002 1469 5042 u
1487 4999 1552 5074 per
1572 5000 1663 5072 quos
1684 4975 1808 5050 videli-

253 5252 261 5278 ⁸
280 5250 371 5302 Psalm.
384 5267 463 5315 utu,
477 5265 500 5300 r.
516 5252 558 5300 36.
