4486 6100
213 819 222 836 ·
305 793 403 849 Mundi
416 793 508 850 cordis
516 793 689 882 luminibus3
754 783 760 796 '

302 883 367 938 Huc
378 895 421 939 est
434 885 549 959 spiritus
564 884 644 958 regui
657 881 839 939 sublimitus¹¹

166 1013 170 1024 .
233 973 268 1029 Et
280 974 352 1029 hanc
371 974 419 1042 da,
434 986 487 1031 etc.

304 1123 358 1176 Das
372 1121 483 1177 tandem
498 1122 661 1196 sapientiam

304 1212 357 1266 Per
369 1230 452 1286 quam
467 1211 534 1268 liant
545 1212 667 1287 pacifici,

304 1301 413 1356 Nomen
431 1287 518 1376 putris
537 1303 726 1370 sanctificans,

304 1392 338 1446 ln
351 1407 408 1466 qno
421 1391 478 1447 sint
489 1392 541 1447 Dei
556 1391 622 1460 filii,

234 1480 269 1534 Et
283 1479 356 1536 hauc
367 1479 420 1548 da,
439 1491 495 1537 etc.

305 1628 478 1708 Populorum
491 1628 635 1704 precibus,

306 1721 384 1790 Quos
397 1720 450 1776 liae
468 1720 497 1776 in
510 1721 557 1777 die
570 1738 726 1790 consecres,

305 1810 396 1866 isdem
412 1829 463 1866 nos
477 1811 690 1867 charismatibus

304 1900 447 1956 Confirma
459 1918 529 1976 quos
541 1919 695 1976 regeneras.

233 1989 284 2044 Illa
302 1989 472 2063 septiformi,
486 2002 539 2046 etc.

565 2153 657 2244 'nus

305 2345 488 2402 Remissionis
504 2330 652 2404 numerum

304 2436 363 2492 Lux
376 2437 468 2510 signat
480 2438 725 2513 quinquagesima,

305 2527 371 2596 Quo
381 2525 505 2598 jubilens
519 2529 648 2584 omnium

306 2620 404 2672 Annus
418 2616 520 2672 relaxat
533 2615 637 2674 debita.

232 2707 350 2763 Summa
364 2725 473 2762 summo
487 2709 547 2781 regi
566 2707 625 2763 Deo
638 2709 675 2764 sit
688 2709 793 2782 gloria,

272 2797 358 2868 Cujus
370 2808 470 2853 cuncta
481 2798 636 2854 subsistunt
649 2799 755 2872 gratia,

274 2887 312 2941 Ex
325 2905 394 2961 quo,
411 2906 566 2963 perquem,
580 2890 677 2964 inquo
691 2901 757 2946 sunt
770 2892 872 2945 omnia.

309 3034 367 3089 Sub
378 3035 432 3091 hoc
444 3035 554 3092 dierum
568 3055 686 3093 numero

309 3124 492 3182 Remissioris
502 3127 624 3200 Spiritus
634 3168 641 3194 ,

307 3219 332 3270 A
344 3217 446 3271 summi
460 3217 551 3272 Patris
564 3209 633 3272 solio

307 3305 410 3373 Venit,
426 3324 510 3380 quem
522 3307 600 3363 misit
611 3306 705 3363 Filius.

228 3397 351 3452 Summa
365 3413 490 3464 summo,
504 3407 557 3452 etc.

307 3546 440 3601 Divinum
454 3545 558 3622 quippe
575 3545 712 3620 Spiritum

308 3639 442 3691 Amorem
455 3635 515 3706 ejus
529 3634 665 3704 dicimus,

309 3727 374 3797 Quo
386 3727 441 3782 reis
454 3726 530 3783 hunc
543 3727 707 3801 propitium,

309 3819 376 3888 Quo
390 3819 489 3874 mitem
501 3835 559 3874 csse
571 3818 708 3874 novimus.
795 3885 799 3893 ι

224 3910 369 3978 Summa,
382 3917 436 3964 etc.

310 4057 399 4129 Cujus
411 4057 513 4112 amoris
527 4055 613 4112 hodie

309 4146 435 4202 Flamma
448 4146 570 4202 mundus
584 4145 755 4216 accenditur,

308 4237 403 4306 Quem
415 4238 492 4293 venit
503 4237 632 4293 Christus
645 4238 756 4293 mittete

309 4327 347 4381 ln
360 4315 464 4383 'terrem
478 4327 552 4401 ignis
563 4327 698 4384 mittitur.

220 4418 372 4485 Summa,
388 4427 442 4472 stc.

306 4568 347 4621 In
359 4567 449 4641 igneis
461 4567 538 4621 hunc
551 4564 635 4621 hodie

305 4657 430 4730 Linguis
443 4672 532 4734 super·
540 4655 677 4732 apostolos

304 4747 514 4801 Demonstrans
525 4744 595 4815 legis
606 4747 693 4820 ignee

303 4836 493 4908 presignavit
509 4836 562 4892 hos
575 4835 698 4890 nuntios.

217 4933 373 4994 Summa,
385 4937 439 4983 etc.

258 5181 266 5206 ¹
290 5179 346 5231 sic
371 5177 433 5228 God.
455 5177 528 5228 Brut.
542 5203 556 5214 -
570 5179 675 5242 Spiritus
694 5176 813 5228 delendus
832 5187 876 5228 est.
901 5203 930 5214 -
953 5177 962 5203 ¹
982 5179 1016 5228 Es
1061 5177 1165 5244 hymnus
1185 5177 1299 5243 incipiat.
1320 5193 1352 5228 eo
1372 5179 1547 5244 potimversus
1563 5189 1692 5245 sequentes
1714 5181 1833 5245 prioribus

915 653 1130 725 eltutus.

1113 794 1167 849 Lex
1181 804 1259 849 vetus
1278 805 1410 869 tanquam
1430 788 1534 864 frigide

1113 883 1211 940 Servos
1226 894 1303 939 metu
1316 883 1453 948 coercuit,

1117 975 1150 1030 ln
1163 975 1277 1031 Christo
1292 985 1379 1030 mater
1392 974 1481 1047 gratia

1119 1064 1201 1120 Filios
1213 1065 1272 1119 Deo
1285 1066 1392 1140 genuit.

1045 1155 1160 1210 Summa
1173 1172 1282 1210 sommo
1301 1157 1361 1228 regi
1378 1155 1451 1221 Deo,
1467 1164 1522 1210 etc.

1343 1352 1350 1365 '
1383 1351 1480 1407 LIV¹.

1119 1505 1289 1560 Tradentem
1301 1505 1391 1577 legem
1404 1503 1524 1558 Domino

1120 1596 1202 1650 Mons
1215 1605 1337 1650 tremens
1348 1604 1455 1649 nictum
1469 1592 1575 1659 attulit;

1117 1685 1239 1760 Spiritus
1250 1687 1281 1740 in
1292 1684 1433 1740 coenaenlo

1117 1776 1267 1850 Susceptus
1280 1775 1359 1831 illum
1376 1773 1499 1830 abstulit.

1048 1867 1178 1936 Summe,
1196 1878 1249 1922 etc.

1119 2017 1260 2073 Micabunt
1274 2016 1330 2072 illic
1343 2017 1466 2090 fulgura,

1118 2107 1200 2162 Mons
1213 2105 1349 2180 caligabat
1361 2105 1517 2178 fumigans3

1118 2198 1172 2252 Hie
1183 2206 1224 2252 est
1237 2197 1348 2251 flamma
1366 2194 1503 2250 multifida

1118 2287 1182 2343 Non
1196 2303 1294 2354 urens,
1310 2286 1358 2342 sed
1371 2285 1540 2340 illuminans.

1051 2378 1178 2444 Summa,
1192 2387 1246 2432 etc.

1121 2527 1274 2585 Horrendae
1285 2545 1383 2584 sonum
1396 2525 1520 2581 buccinae

1119 2619 1240 2675 Pavebat
1252 2617 1309 2672 illic
1327 2615 1465 2690 populus;

1121 2710 1249 2767 Verbum
1262 2707 1452 2780 intelligentie

1121 2801 1212 2858 Sonus
1223 2800 1269 2855 hic
1280 2799 1334 2854 fuit
1346 2797 1476 2870 Spiritus.

1050 2891 1180 2958 Summa,
1195 2900 1262 2944 etc*

1121 3041 1227 3095 Fumus
1244 3039 1301 3094 illic
1314 3037 1461 3112 caliginem

1122 3131 1255 3187 Obscurae
1267 3131 1360 3203 signat
1370 3127 1480 3184 littere.

1121 3219 1297 3295 splendentis
1312 3219 1385 3292 ignis
1397 3218 1517 3291 speciem

1122 3311 1204 3368 Clare
1217 3310 1329 3384 signum
1346 3309 1393 3363 hic
1408 3308 1512 3380 accipe.

1053 3401 1183 3468 Summa,
1202 3411 1253 3456 etc.

1124 3550 1253 3605 Terroris
1276 3565 1308 3602 ac
1327 3543 1464 3620 caliginis

1123 3638 1185 3694 Illic
1196 3638 1278 3711 plena
1288 3647 1354 3692 suut
1362 3637 1469 3703 omnia,

1122 3730 1211 3786 Curat
1228 3728 1275 3783 hic
1291 3745 1324 3783 es
1342 3726 1489 3784 contrariis

1126 3817 1281 3873 Puraclitus
1294 3819 1443 3872 contrario.

1053 3909 1183 3976 Summa,
1197 3918 1251 3962 etc.

1125 4056 1233 4112 Omnes
1245 4055 1335 4109 aufert
1351 4053 1489 4109 molestias

1125 4145 1223 4200 Divina
1236 4143 1388 4199 consolatio
1402 4162 1407 4192 :

1125 4234 1226 4290 Cordis
1239 4243 1332 4289 exarat
1348 4231 1454 4288 tabulas

1126 4326 1166 4382 Ut
1183 4335 1328 4399 reparetur
1341 4323 1423 4378 ratio.

1056 4418 1170 4472 Summe
1186 4432 1309 4482 summo,
1323 4424 1376 4468 etc.

1410 4599 1469 4656 LV.

1127 4751 1326 4826 Apostolorum
1339 4759 1451 4824 pectora

1128 4841 1245 4897 Divinus
1259 4840 1368 4914 replens
1380 4839 1507 4912 spiritus,

1132 4931 1223 4988 Corda
1238 4929 1309 4986 ditat
1323 4929 1473 4997 sententia,

215 5264 331 5315 codicis
350 5261 438 5313 habito
450 5277 499 5314 uon
517 5272 599 5328 potest
610 5259 674 5312 bene
686 5261 766 5326 colligi
783 5273 863 5314 utrum
875 5261 933 5313 hinc
941 5277 1018 5314 novus
1058 5261 1202 5314 annectendi
1212 5263 1270 5312 sint.
