4496 6102
419 665 490 738 368
1024 661 1153 734 ravat
1180 662 1415 735 tumtunm

418 822 494 878 tum
515 819 731 876 nasceretur.
753 806 876 889 Quum
889 803 987 874 enim
1009 824 1158 899 magnus
1179 802 1236 875 ille
1261 803 1412 876 coelestis
1425 803 1692 903 paranymphus
1704 805 1849 879 Gabriel
1866 809 2013 882 archan·

419 927 516 1024 gelus
534 923 670 1022 Virgini
698 921 950 1022 praedixisset¹:
979 924 1164 1021 «Spiritus
1188 939 1331 996 sanctus
1343 925 1581 1023 'superveniet
1594 926 1631 995 in
1649 939 1704 1015 te,
1724 954 1741 993 u
1765 929 1883 999 statim
1901 931 2014 1029 expri-

420 1073 521 1121 mens
541 1049 667 1144 inquo
684 1045 744 1117 bic
766 1045 930 1144 superior
949 1044 1124 1116 adventus
1146 1046 1296 1144 Spiritus
1314 1047 1426 1118 sancti
1442 1047 1670 1138 consisteret,
1693 1047 1823 1144 adjecit
1841 1050 1982 1123 dicens¹
2002 1081 2009 1122 :

422 1199 438 1234 n
458 1172 500 1237 Et
518 1167 629 1237 virtus
646 1164 812 1238 Altissimi
824 1163 1056 1236 obumbrabit
1072 1163 1148 1235 tibi.
1166 1168 1210 1236 Et
1222 1163 1322 1263 quod
1334 1181 1498 1237 nascetur
1516 1191 1558 1238 ex
1578 1181 1612 1239 te
1630 1183 1811 1260 sanctum,
1828 1171 2014 1243 vocabitur

420 1286 512 1357 filius
530 1287 608 1357 Dei.
624 1314 642 1353 u
658 1285 778 1356 Virtus
792 1284 925 1383 quippe
939 1283 1051 1354 Patris
1067 1282 1174 1355 Filius
1188 1282 1330 1374 dicitur,
1350 1309 1458 1382 quem
1480 1287 1543 1357 Dei
1559 1289 1722 1358 virtutem
1740 1303 1775 1360 et
1787 1290 1854 1360 Dei
1872 1291 2013 1390 sapien·

420 1408 504 1477 tiam
527 1404 718 1504 Apostolus
738 1404 939 1493 nominat³3
961 1427 1006 1475 eo
1023 1402 1124 1500 quod
1141 1429 1364 1501 quaecunque
1382 1430 1446 1504 per
1465 1407 1675 1504 sapientiam
1694 1412 1815 1479 suam‘
1837 1409 2011 1510 disponit,

420 1551 485 1622 per
507 1524 676 1597 eamdem
695 1539 862 1623 potenter
880 1521 999 1594 efficit.
1030 1527 1113 1594 Haec
1133 1523 1239 1620 igitur
1261 1525 1372 1595 Patris
1394 1538 1570 1597 coaeterna
1588 1527 1760 1624 sapientia
1781 1528 2015 1604 obumbrasse

421 1647 554 1744 Virgini
576 1646 719 1734 dicitur,
743 1645 846 1742 quasi
864 1642 1029 1715 videlicet
1048 1668 1127 1715 eam
1154 1643 1369 1734 occultasse,
1395 1659 1431 1716 et
1454 1644 1500 1717 de
1523 1647 1688 1719 universa
1703 1645 1853 1719 humani
1878 1653 2015 1746 generis

421 1791 537 1838 massa
552 1768 667 1866 ipsam
679 1764 746 1837 sibi
759 1764 958 1864 specialiter
969 1763 1131 1862 elegisse,
1153 1779 1260 1862 atque
1274 1766 1475 1855 attraxisse,
1494 1766 1531 1837 in
1551 1771 1622 1864 qua
1638 1783 1768 1840 nostrae
1784 1771 2016 1869 reparationis

420 1902 629 1984 operaretur
654 1887 881 1984 mysterium,
905 1901 940 1957 et
966 1883 1178 1958 altissimum
1203 1909 1274 1956 suae
1301 1884 1577 1985 dispensationis
1605 1887 1802 1986 compleret
1828 1913 2012 1962 arcanum.

420 2007 528 2094 Quod
545 2023 666 2080 autem
685 2032 782 2079 nunc
795 2005 992 2079 aGabriele
1006 2004 1157 2077 dicitur:
1173 2033 1190 2072 n
1207 2006 1324 2077 Virtus
1337 2005 1504 2078 Altissimi
1521 2006 1749 2106 obumbrabit
1767 2007 1851 2099 tibi,
1866 2025 1901 2082 et
1916 2010 2016 2107 quod

420 2142 585 2230 nascetur
609 2153 651 2198 ex
674 2143 710 2200 te
728 2142 910 2216 sanctum,
942 2141 1026 2213 etc,
1043 2153 1060 2192 n
1086 2124 1157 2196 hoc
1186 2126 1223 2196 in
1246 2127 1353 2198 lsaia'
1375 2126 1561 2224 diligenter
1575 2129 1674 2224 juxta
1692 2127 1866 2202 hebraicae
1888 2129 2017 2228 linguae

420 2249 675 2346 proprietatem
685 2251 758 2344 jam
777 2271 985 2346 expressum
995 2245 1120 2316 fuerat.
1131 2245 1200 2316 Ubi
1209 2246 1304 2320 enim
1320 2272 1386 2318 nos
1398 2247 1568 2320 dicimus:
1583 2253 1700 2321 «Ecce
1710 2251 1811 2347 virgo
1822 2252 2013 2349 concipiet,

419 2381 454 2437 et
467 2366 723 2465 parietfdium,
739 2396 757 2436 u
772 2367 809 2438 in
823 2365 967 2438 hebraeo
981 2389 1047 2465 pro
1067 2365 1202 2462 virgine
1215 2366 1363 2464 ponitur
1373 2367 1484 2454 alma,
1501 2367 1599 2465 quod
1612 2384 1716 2441 sonat
1732 2397 1751 2438 u
1761 2367 2014 2442 abscondita.»

420 2489 539 2572 Quam
557 2487 663 2584 igitur
680 2486 729 2557 ibi
748 2487 924 2585 Propheta
943 2485 1030 2558 dicit
1049 2483 1315 2575 absconditam,
1337 2485 1430 2562 banc
1453 2511 1539 2576 nos,
1566 2487 1764 2560 secundum
1782 2492 2017 2562 assertionem

420 2606 634 2703 angelicam,
656 2608 809 2680 dicimus
826 2606 1093 2680 obumbratam.

468 2727 628 2814 Qualiter
644 2744 762 2801 autem
777 2727 898 2800 divina
917 2728 1091 2824 sapientia
1104 2724 1372 2799 obumbraverit
1392 2731 1547 2827 Virgini,
1565 2730 1602 2802 id
1618 2745 1689 2820 est,
1711 2754 1821 2828 quam
1840 2732 2020 2829 sapienter

420 2851 534 2936 Deus,
556 2863 595 2918 ut
618 2847 755 2918 dictum
773 2862 844 2934 est,
871 2869 950 2916 eam
970 2843 1038 2916 sibi
1056 2841 1308 2933 occultaverit,
1335 2844 1402 2918 illae
1423 2872 1568 2946 quoque
1591 2845 1748 2921 rationes
1772 2874 1839 2921 nos
1865 2849 2016 2940 docent,

415 2967 545 3064 quibus
562 2966 608 3039 de
625 2966 839 3066 desponsata
856 2967 953 3038 nasci
974 2963 1106 3055 voluit,
1127 2987 1195 3033 nec
1219 2987 1299 3035 earn
1314 2967 1498 3062 gravidam
1517 2993 1538 3040 a
1558 2969 1635 3040 viro
1651 2969 1808 3069 separari
1823 2971 1987 3068 permisit
2008 2999 2015 3039 :

418 3111 527 3184 quem
550 3089 626 3186 ipsa
647 3088 753 3159 etiam
772 3109 964 3158 occurrens
991 3084 1143 3156 inlamiae
1166 3082 1377 3176 hominum,
1404 3088 1576 3185 unigeniti
1595 3090 1651 3160 sui
1677 3103 1816 3189 patrem
1837 3088 2020 3188 appellare

418 3207 593 3298 decrevit,
615 3232 661 3280 ne
674 3206 839 3279 videlicet
858 3222 1054 3305 conceptus
1073 3205 1128 3276 sui
1144 3202 1202 3276 vel
1217 3221 1340 3302 partus
1353 3209 1483 3282 veritas
1498 3209 1619 3282 audita
1633 3235 1700 3281 nec
1717 3209 1853 3282 credita
1872 3233 2019 3308 poenam

404 3329 452 3398 'ei
474 3329 530 3399 vel
548 3327 731 3399 infamiam
747 3323 846 3424 apud
862 3325 1035 3422 infideles}
1044 3327 1155 3424 magis
1180 3343 1406 3424 compararet
1422 3354 1533 3426 quam
1549 3329 1711 3428 gloriam.
1734 3327 1884 3400 Duobus
1897 3330 2020 3428 itaque

418 3446 535 3517 modis
560 3449 675 3518 aDeo
695 3445 825 3517 dicitur
846 3444 1079 3536 obumbrata,
1108 3472 1222 3545 quum
1247 3466 1284 3522 et
1314 3449 1500 3522 veritatem
1528 3463 1651 3547 partus
1680 3447 1755 3545 ejus
1787 3447 2022 3521 occultaverit

419 3565 574 3653 mundo,
596 3578 631 3637 et
644 3590 723 3638 eam
741 3563 969 3637 absconderit
980 3568 1206 3664 protegendo
1225 3599 1233 3640 ε
1253 3569 1301 3642 ad
1316 3569 1416 3641 illum
1435 3567 1599 3640 videlicet
1611 3566 1782 3657 modum,
1799 3591 1873 3665 quo
1887 3567 2022 3640 dicitur

419 3685 638 3784 apropheta,
649 3686 911 3784 protectionem
922 3685 958 3756 in
972 3685 1223 3762 umbraculum
1237 3705 1272 3763 et
1285 3692 1321 3762 in
1329 3689 1606 3762 absconsionem
1617 3713 1705 3760 esse.
1720 3691 1764 3760 Et
1771 3687 1862 3760 illud
1873 3687 2025 3760 Psalmi·

354 3805 358 3816 '
419 3809 517 3876 smel:
537 3835 554 3874 u
566 3806 640 3878 Sub
658 3806 786 3878 umbra
804 3807 940 3879 alarum
959 3832 1103 3880 suarum
1121 3812 1277 3908 protexit
1291 3835 1361 3883 me.
1377 3817 1395 3877 ›'›
1410 3808 1521 3897 Quod
1533 3810 1629 3881 enim
1641 3811 1881 3906 protegimus,
1899 3835 1946 3882 ne
1957 3811 2025 3883 lae-

419 3924 525 3997 datur
543 3926 775 4000 occultamus.
796 3932 896 3999 Hanc
918 3953 1005 4000 vero
1029 3930 1183 4028 Virginis
1207 3931 1483 4003 absconsionem
1500 3928 1561 4000 illa
1581 3931 1689 4002 etiam
1708 3954 1787 4026 quae
1805 3931 1841 4001 in
1863 3953 1906 4001 ea
1932 3957 2026 4030 prae·

419 4062 602 4120 cesserunt
623 4047 679 4120 vel
698 4074 777 4147 quae
799 4048 988 4122 subsecuta
1011 4065 1112 4141 sunt,
1138 4077 1214 4122 non
1235 4053 1433 4150 incongme
1458 4051 1652 4122 insinuant.
1672 4049 1796 4121 ldissus
1812 4050 1947 4148 quippe
1973 4051 2026 4124 ad

420 4166 516 4239 illam
533 4169 679 4266 angelus
696 4168 743 4241 ad
765 4193 846 4241 eam
863 4171 1041 4266 ingressus
1058 4195 1134 4243 esse
1154 4188 1387 4262 memoratur,
1409 4187 1449 4244 ut
1475 4196 1556 4244 eam
1573 4169 1707 4243 seilicet
1726 4194 1800 4242 non
1819 4172 1857 4243 in
1872 4170 2026 4270 publico

419 4313 502 4360 cum
526 4287 745 4374 secularibus
767 4289 907 4362 leminis
927 4289 1135 4382 ludentem,
1161 4292 1280 4365 sedin
1298 4291 1441 4365 occulto
1459 4306 1646 4364 vacantem
1670 4294 1768 4384 Deo,
1790 4307 1825 4364 et
1849 4307 2031 4390 tanquam

420 4425 583 4482 orantem
608 4409 774 4483 cubiculo
794 4409 916 4482 clauso
942 4414 1112 4510 reperisse
1137 4412 1339 4487 doceretur.
1369 4413 1477 4509 Cujus
1495 4413 1603 4484 etiam
1620 4434 1753 4510 corpus
1779 4435 1877 4483 nunc
1907 4438 2032 4510 usque

421 4529 670 4603 absconditum
688 4531 857 4602 humanis
874 4529 1057 4604 obtutibus
1081 4534 1224 4631 penitus
1245 4548 1298 4607 est
1320 4532 1553 4606 subtractum.
1574 4537 1668 4603 Bene
1686 4532 1792 4604 etiam
1811 4529 2032 4605 abscondita

421 4650 562 4741 dicitur,
587 4655 683 4748 quae⁷
701 4650 737 4722 in
755 4649 827 4722 boc
845 4667 1024 4750 conceptu
1049 4652 1104 4725 vel
1121 4669 1225 4752 partu
1247 4679 1315 4726 nee
1333 4655 1410 4724 viro
1437 4667 1491 4724 est
1515 4652 1674 4749 cognita,
1705 4675 1772 4724 uec
1801 4664 1936 4723 naturae
1964 4654 2032 4725 vel

421 4793 525 4840 sexus
554 4771 609 4842 sui
635 4769 751 4868 legem
775 4785 918 4869 experta
945 4798 953 4840 ε
983 4785 1021 4842 ut
1046 4772 1079 4844 ei
1106 4771 1173 4844 soli
1199 4772 1306 4870 hujus
1331 4772 1488 4870 mysterii
1511 4772 1602 4843 ratio
1631 4783 1850 4860 reservetur,
1880 4772 1943 4867 qui
1979 4773 2035 4845 de

422 4889 630 4963 abscondita
650 4905 754 4964 natus
782 4905 834 4963 est
854 4889 1104 4984 absconditus,
1125 4908 1161 4966 et
1186 4892 1232 4966 de
1254 4891 1469 4966 obumbrata
1491 4891 1663 4991 processit
1685 4890 1950 4964 obumbratus:
1989 4909 2036 4966 ut

458 5203 465 5228 ⁴
486 5203 556 5266 Luc,
570 5219 624 5270 cap.
637 5221 660 5267 t,
672 5221 696 5256 v.
709 5204 803 5258 ltu-¹
814 5205 917 5259 lbid.-
929 5205 940 5234 ⁸
951 5207 1062 5260 Corinth.
1073 5208 1100 5269 l,
1111 5223 1166 5276 cap.
1178 5225 1197 5272 t,
1241 5208 1290 5248 -⁸
1302 5208 1371 5261 lsaia
1382 5223 1436 5277 cap.
1448 5225 1495 5272 vn,
1509 5225 1533 5259 v.
1548 5208 1629 5258 tt.-
1640 5206 1766 5268 ‘Pacln.,
1777 5221 1833 5272 cap.
1846 5220 1903 5266 xvi,
1916 5220 1939 5255 r.
1952 5203 1986 5254 8.
1998 5217 2040 5242 -·-

423 5304 445 5336 v.
460 5291 501 5338 at.
514 5316 542 5325 -
553 5289 564 5317 ⁴
575 5288 625 5340 ΜΒ.
644 5289 736 5342 llius·
746 5293 796 5344 Per
808 5295 951 5355 septenum
958 5293 1032 5356 sacta
1045 5293 1109 5345 Edit.
1124 5292 1196 5346 tub.
1242 5293 1252 5320 ¹
1267 5295 1329 5356 Ouia
1343 5293 1395 5346 llS.
1408 5293 1476 5346 Eius.
