4510 6108
682 641 730 713 tu
754 641 828 711 uta
854 640 1134 714 remaneres
1158 625 1320 712 sunno.
1721 637 1792 710 aas

209 778 306 852 scitis
325 805 346 852 a
363 781 479 879 prima
498 779 573 870 die,
593 804 665 877 qua
686 781 863 877 ingressus
881 807 961 854 sum
976 783 1014 853 in
1033 783 1168 872 Asiam,
1186 782 1338 881 qualiter
1358 779 1547 852 vobiscum
1564 803 1629 879 per
1646 801 1793 850 omn-em

125 928 127 934 ¹
211 915 352 998 tempus
368 901 509 990 fuerim,
525 901 681 972 serviens
696 902 853 974 Domino
874 927 957 972 cum
978 903 1077 973 omni
1093 902 1311 993 bumilitate,
1329 916 1365 973 et
1380 900 1562 998 lacrymis,
1578 913 1614 969 et
1625 900 1793 970 tentatio·

212 1019 337 1109 nibus,
361 1045 441 1117 quae
462 1019 550 1091 mihi
565 1020 773 1093 acciderunt
788 1046 830 1091 ex
846 1021 982 1093 insidiis
999 1021 1227 1096 ludaeorum:
1248 1020 1435 1118 quomodo
1453 1018 1542 1090 nibil
1558 1017 1794 1090 subtraxerim

210 1139 370 1229 utilium,
390 1141 584 1238 quominus
600 1141 852 1212 annuntiarem
867 1140 987 1234 vobis,
1011 1156 1047 1213 et
1064 1141 1234 1213 docerem
1249 1166 1314 1213 vos
1332 1139 1491 1239 publice,
1511 1154 1547 1210 et
1563 1163 1627 1237 per
1644 1137 1791 1228 domos,

210 1257 402 1331 testificans
417 1259 545 1331 Judaeis
561 1273 597 1330 ct
614 1258 804 1356 gentilibus
817 1261 854 1330 in
871 1264 987 1331 Deum
1006 1259 1271 1359 poenitentiam,
1290 1275 1326 1332 et
1337 1258 1447 1330 fidem
1463 1260 1500 1329 in
1517 1259 1715 1329 Dominum
1727 1283 1793 1329 no-

210 1393 324 1449 strum
349 1383 468 1450 lesum
494 1378 687 1451 Christum.
711 1385 755 1452 Et
771 1405 869 1451 nunc
886 1405 969 1452 ecce
990 1380 1152 1478 alligatus
1173 1408 1239 1479 ego
1256 1381 1383 1480 spiritu
1402 1379 1497 1451 vado
1518 1379 1555 1448 in
1580 1378 1792 1468 Jerusalem,
1812 1464 1816 1474 Ι

210 1498 342 1594 quaein
360 1498 505 1574 mmihi
528 1512 680 1570 ventura
698 1513 783 1570 sunt
802 1500 988 1597 ignorans,
1013 1501 1082 1572 nisi
1098 1501 1198 1599 quod
1214 1501 1365 1600 Spiritus
1381 1514 1524 1570 sanctus
1534 1511 1651 1596 'super
1667 1523 1794 1570 omnes

166 1643 169 1652 ⁴
210 1616 369 1688 civitates
384 1631 601 1714 protestatur
618 1617 705 1688 mihi
719 1617 867 1708 dicens,
891 1619 1064 1716 quoniam
1081 1620 1223 1692 vincula
1239 1633 1276 1691 et
1292 1617 1540 1690 tribulationes
1556 1643 1616 1688 me
1631 1633 1791 1690 manent.

210 1733 280 1804 Sed
305 1734 394 1806 nihil
421 1734 553 1806 horum
580 1725 730 1825 vereor,
760 1760 827 1806 nec
858 1735 948 1808 facio
975 1738 1132 1810 animam
1165 1763 1282 1810 meam
1305 1737 1555 1835 pretiosiorem
1580 1759 1691 1832 quam
1716 1761 1792 1825 me,

210 1851 410 1923 dummodo
429 1877 678 1925 consummem
699 1877 844 1925 cursum
859 1879 998 1944 meum,
1022 1869 1058 1927 et
1074 1857 1311 1928 ministerium
1327 1857 1428 1953 quod
1445 1856 1566 1954 accepi
1589 1878 1611 1925 a
1636 1855 1794 1926 Domino

209 1974 310 2059 Jesu,
335 1970 515 2044 testificari
533 1972 765 2069 Evangelium
782 1975 859 2078 llei.
876 2003 893 2042 n
909 1975 1038 2046 Multas
1054 1990 1128 2047 tarn
1142 1977 1179 2048 in
1196 1978 1346 2074 antiquo
1362 1999 1472 2073 quam
1487 1975 1525 2046 in
1543 1999 1641 2046 novo
1657 1975 1794 2072 populo

208 2091 449 2164 solemnitates
469 2093 647 2165 institutas
670 2093 837 2190 legimus,
860 2120 987 2167 verum
1009 2095 1055 2168 ad
1073 2096 1209 2168 nullam
1224 2121 1350 2169 earum
1365 2097 1594 2194 ierosolymis
1612 2095 1795 2169 celebran-

209 2209 313 2300 dam,
332 2211 388 2282 vel
407 2211 504 2283 hunc
520 2211 741 2310 apostolum,
756 2213 812 2284 vel
828 2228 992 2304 caeteros,
1008 2231 1200 2313 postquam
1216 2217 1262 2288 ad
1279 2232 1402 2313 gentes
1413 2217 1647 2305 transierunt,
1665 2216 1734 2287 nisi
1747 2215 1795 2288 ad

209 2333 330 2420 istam,
355 2346 394 2403 ut
419 2332 588 2422 dicimus,
614 2332 748 2405 redisse
777 2334 956 2406 novimus.
981 2336 1089 2406 Venit
1115 2336 1235 2433 itaque
1270 2336 1398 2409 Paulus
1423 2336 1682 2433 lerosolymam
1711 2361 1794 2407 cum

208 2476 363 2542 summo,
380 2467 419 2524 ut
440 2453 658 2542 dictumest,
677 2453 757 2524 vitae
776 2478 847 2525 suae
865 2453 1085 2545 discrimine,
1103 2457 1269 2554 praescius
1288 2481 1414 2529 eorum
1431 2482 1511 2554 quae
1529 2456 1579 2527 ibi
1598 2470 1790 2554 pateretur.

208 2574 329 2663 Venit,
342 2574 507 2671 inquam,
525 2572 767 2645 celebraturus
785 2578 1038 2666 Pentecosten,
1053 2591 1214 2647 nontam
1225 2591 1384 2648 veterem
1400 2581 1484 2648 cuni
1498 2576 1627 2668 Judaeis
1645 2577 1682 2647 in
1701 2590 1792 2647 tem·

206 2691 286 2790 plu,
314 2718 423 2790 quam
444 2717 576 2765 novam
601 2718 685 2764 cum
713 2693 913 2767 christianis
939 2695 976 2764 in
1002 2695 1201 2768 coenaculo.
1226 2695 1279 2767 lbi
1303 2697 1438 2795 quippe
1461 2695 1628 2768 uberiore
1644 2695 1794 2793 Spiritus

206 2812 320 2884 saneti
352 2813 463 2908 gratia
490 2811 672 2912 discipulis
704 2813 844 2904 infusa,
881 2813 1078 2911 angelicam
1107 2815 1309 2887 custodiam
1336 2815 1383 2887 de
1416 2814 1564 2924 templo·
1581 2816 1793 2911 migrantem

207 2948 357 3006 noverat
372 2935 582 3024 consistere,
598 2950 634 3006 et
645 2936 831 3033 antiquam
846 2934 996 3032 gloriam
1008 2939 1201 3032 Synagogae
1219 2935 1265 3007 ad
1280 2935 1477 3007 novitatem
1492 2933 1658 3007 Ecclesiae
1674 2951 1793 3007 trans-

205 3049 315 3124 latam
342 3079 430 3125 esse.
459 3054 567 3141 Quod
588 3069 623 3126 et
647 3054 781 3126 beatus
798 3079 1086 3127 commemorans
1112 3056 1326 3152 Augustinus
1350 3054 1522 3152 Epistoloe
1550 3058 1698 3128 loannis
1725 3055 1794 3126 bo·
1851 3141 1852 3146 ἵ
1937 3115 1944 3130 .

206 3173 312 3244 melia
332 3175 492 3247 secunda
511 3176 560 3248 sic
585 3177 661 3248 ait:
688 3175 788 3246 «Ubi
808 3175 955 3248 inchoat
977 3175 1150 3266 Ecclesia,
1173 3176 1242 3248 nisi
1262 3175 1327 3248 ubi
1349 3178 1448 3248 venit
1468 3175 1514 3247 de
1534 3175 1625 3248 coelo
1642 3178 1793 3275 Spiritus
1876 3249 1878 3252 ,

204 3307 370 3384 sanctus,
400 3309 434 3366 et
461 3294 622 3393 implevit
647 3309 764 3368 totum
789 3295 932 3386 locum,
960 3311 996 3366 et
1021 3295 1134 3368 sactus
1161 3309 1214 3366 est
1245 3315 1356 3368 sonus
1380 3296 1481 3394 quasi
1514 3295 1664 3370 ferretur
1689 3296 1793 3370 ssatus

204 3413 415 3504 vehemens,
433 3431 469 3487 et
484 3417 613 3513 linguae
628 3416 749 3488 divisae
767 3432 851 3489 sunt
866 3416 965 3489 velut
980 3417 1070 3514 ignis
1080 3420 1094 3489 Ρ
1104 3447 1123 3486 n

253 3537 379 3634 Liquet
391 3537 511 3633 itaque
527 3551 703 3635 quantum
721 3536 807 3609 huie
830 3537 1048 3610 solemnitati
1071 3537 1200 3610 debeat
1216 3537 1390 3626 Ecclesia,
1411 3535 1580 3637 quando,
1599 3553 1639 3609 ut
1655 3538 1792 3610 dictum

203 3669 274 3743 est,
297 3654 464 3726 uberiore
485 3657 597 3752 gratia
620 3670 802 3754 suscepta,
827 3681 938 3755 quam
960 3655 1143 3755 discipulis
1165 3657 1342 3752 Dominus
1365 3659 1595 3756 promiserat,
1626 3657 1790 3729 dicens':

206 3777 309 3845 «Vos
326 3789 447 3846 autem
459 3774 691 3873 baptizamini
701 3775 834 3873 Spiritu
846 3790 971 3847 sancto
986 3799 1061 3846 non
1078 3789 1161 3873 post
1176 3775 1308 3873 multos
1320 3774 1388 3846 bos
1400 3775 1490 3864 dies,
1501 3807 1519 3843 u
1530 3777 1611 3847 vitae
1627 3777 1793 3874 spiritalis

203 3894 355 3992 sumpsit
370 3894 577 3984 exordium,
595 3893 702 3967 donis
717 3894 886 3966 omnibus
902 3893 1099 3984 cumulata,
1118 3907 1219 3965 tauto
1245 3893 1399 3992 proinde
1420 3919 1441 3966 a
1460 3894 1593 3967 carnali
1612 3921 1793 3994 synagoga
1828 3947 1831 3953 -

204 4011 357 4111 amplius
379 4015 548 4104 discreta,
575 3997 712 4112 quanto
736 4013 928 4112 spiritalior
949 4013 1087 4085 effecta.
1119 4018 1158 4083 ln
1184 4012 1290 4108 hujus
1311 4012 1459 4110 quidem
1482 4014 1656 4085 coenaculi
1682 4029 1789 4113 typ0,

202 4132 391 4204 carissimae
412 4159 570 4223 sorores,
596 4149 632 4205 et
654 4135 807 4230 virgines
830 4133 1099 4232 paraclitenses,
1124 4146 1282 4205 vestrum
1303 4133 1501 4203 oratorium
1524 4146 1789 4224 constructum,

202 4267 238 4323 et
254 4252 364 4349 ipsius
379 4255 510 4323 summi
529 4252 692 4325 Paracliti
707 4256 856 4325 nominc
873 4252 1029 4350 glorioso
1045 4253 1274 4349 insignitum,
1293 4267 1428 4350 quanta
1444 4253 1489 4324 sit
1506 4252 1699 4324 devotione
1716 4249 1793 4324 tam*

114 4385 116 4388 ’
201 4370 307 4442 vobis
328 4397 438 4469 quam
465 4373 532 4443 toti
556 4373 692 4471 populo
714 4375 781 4444 Dei
802 4372 1051 4445 venerandum
1070 4372 1301 4471 perpendite,
1324 4387 1501 4468 quantum
1528 4397 1594 4442 vos
1615 4371 1791 4470 spiritales

199 4505 366 4589 oporteat
384 4516 459 4562 esse
473 4516 616 4589 semper
634 4491 806 4563 attendite
828 4519 836 4562 :
855 4517 934 4588 quae
949 4493 1099 4589 Spiritus
1117 4492 1231 4564 sancti
1247 4492 1395 4589 proprio
1417 4490 1571 4590 templo,
1593 4491 1698 4594 eique
1714 4493 1788 4590 spi·

198 4611 350 4684 ritaliter
375 4626 603 4700 consecrato,
630 4636 672 4683 ex
693 4611 915 4710 professione
934 4626 1052 4684 vestra
1074 4612 1156 4684 estis
1177 4610 1314 4682 dicatae.
1345 4611 1401 4682 Sic
1420 4636 1505 4708 ergo
1531 4611 1639 4682 vivite
1659 4611 1697 4681 in
1717 4611 1791 4682 hoc

199 4732 408 4806 manufacto
430 4749 466 4805 et
484 4732 666 4832 corporali
690 4732 845 4832 temp10,
873 4748 913 4805 ut
933 4733 1045 4830 ipsius
1068 4731 1223 4831 spiritale
1249 4731 1423 4830 templum
1450 4731 1543 4803 effici
1566 4733 1787 4804 mereamini.

198 4856 313 4952 Hujus
333 4871 468 4952 quanta
493 4856 538 4927 sit
567 4855 723 4946 oiiensa,
751 4870 786 4926 et
807 4879 916 4952 quam
937 4853 1137 4953 periculosa
1159 4855 1197 4924 in
1224 4878 1304 4925 eam
1326 4855 1557 4951 transgressio
1581 4852 1690 4941 facta,
1714 4855 1791 4952 ipsa

197 4975 340 5046 Veritas
363 4989 531 5064 testatur,
550 4974 673 5046 dicens
693 5002 701 5045 :
725 5003 742 5042 ιι
756 4974 969 5072 Quicunque
989 4973 1116 5044 dixerit
1138 4972 1290 5045 verbum
1310 4989 1437 5046 contra
1459 4972 1587 5044 Filium
1606 4972 1786 5062 hominis,

218 5254 241 5333 '¹
263 5253 321 5303 Aet.
333 5215 428 5316 Aporti,
441 5267 497 5320 cap.
510 5269 534 5316 t,
546 5268 569 5305 ι.
584 5255 608 5305 i.
617 5252 671 5292 -¹
684 5251 780 5312 natu..
794 5265 848 5320 cap.
861 5268 895 5303 ιιι
903 5289 910 5314 ,
924 5267 946 5303 v.
962 5253 1001 5302 ³2.
