<?xml version="1.0" encoding="UTF-8"?>
<!DOCTYPE html PUBLIC "-//W3C//DTD XHTML 1.0 Transitional//EN"
    "http://www.w3.org/TR/xhtml1/DTD/xhtml1-transitional.dtd">
<html xmlns="http://www.w3.org/1999/xhtml" xml:lang="en" lang="en">
 <head>
  <title>
</title>
<meta http-equiv="Content-Type" content="text/html;charset=utf-8" />
  <meta name='ocr-system' content='tesseract 3.04.00' />
  <meta name='ocr-capabilities' content='ocr_page ocr_carea ocr_par ocr_line ocrx_word'/>
</head>
<body>
  <div class='ocr_page' id='page_1' title='image "./petriablardiope01despgoog_0465.png"; bbox 0 0 4510 6108; ppageno 0'>
   <div class='ocr_carea' id='block_1_1' title="bbox 428 559 1415 636">
    <p class='ocr_par' dir='ltr' id='par_1_1' title="bbox 428 559 1415 636">
     <span class='ocr_line' id='line_1_1' title="bbox 428 559 1415 636; baseline -0.002 -2"><span class='ocrx_word' id='word_1_1' title='bbox 428 564 500 636; x_wconf 72' lang='lat'><strong>450</strong></span> <span class='ocrx_word' id='word_1_2' title='bbox 1027 559 1154 632; x_wconf 85' lang='lat' dir='ltr'>PETRI</span> <span class='ocrx_word' id='word_1_3' title='bbox 1180 559 1415 632; x_wconf 74' lang='lat' dir='ltr'><strong>ABAELARDI</strong></span> 
     </span>
    </p>
   </div>
   <div class='ocr_carea' id='block_1_2' title="bbox 338 689 2134 4992">
    <p class='ocr_par' dir='ltr' id='par_1_2' title="bbox 338 689 2134 4992">
     <span class='ocr_line' id='line_1_2' title="bbox 431 689 2014 800; baseline -0.004 -28"><span class='ocrx_word' id='word_1_4' title='bbox 431 725 506 773; x_wconf 91' lang='lat' dir='ltr'><strong>non</strong></span> <span class='ocrx_word' id='word_1_5' title='bbox 524 700 709 791; x_wconf 82' lang='lat' dir='ltr'><strong>differens,</strong></span> <span class='ocrx_word' id='word_1_6' title='bbox 734 699 925 773; x_wconf 88' lang='lat' dir='ltr'><strong>materialis</strong></span> <span class='ocrx_word' id='word_1_7' title='bbox 945 698 1051 796; x_wconf 86' lang='lat' dir='ltr'><strong>gladii</strong></span> <span class='ocrx_word' id='word_1_8' title='bbox 1068 689 1260 774; x_wconf 87' lang='lat' dir='ltr'><strong>vindictam</strong></span> <span class='ocrx_word' id='word_1_9' title='bbox 1282 715 1428 800; x_wconf 84' lang='lat' dir='ltr'><strong>usurpat</strong></span> <span class='ocrx_word' id='word_1_10' title='bbox 1446 699 1512 772; x_wconf 93' lang='lat' dir='ltr'><strong>sibi</strong></span> <span class='ocrx_word' id='word_1_11' title='bbox 1529 721 1755 798; x_wconf 86' lang='lat' dir='ltr'><strong>nequaquam</strong></span> <span class='ocrx_word' id='word_1_12' title='bbox 1771 698 2014 770; x_wconf 84' lang='lat' dir='ltr'><strong>commissam.</strong></span> 
     </span>
     <span class='ocr_line' id='line_1_3' title="bbox 430 819 2022 920; baseline -0.001 -30"><span class='ocrx_word' id='word_1_13' title='bbox 430 819 534 892; x_wconf 87' lang='lat' dir='ltr'><strong>Unde</strong></span> <span class='ocrx_word' id='word_1_14' title='bbox 553 833 588 892; x_wconf 87' lang='lat' dir='ltr'><strong>et</strong></span> <span class='ocrx_word' id='word_1_15' title='bbox 604 845 625 894; x_wconf 89' lang='lat' dir='ltr'><strong>a</strong></span> <span class='ocrx_word' id='word_1_16' title='bbox 640 821 798 891; x_wconf 91' lang='lat' dir='ltr'><strong>Domino</strong></span> <span class='ocrx_word' id='word_1_17' title='bbox 814 819 890 892; x_wconf 89' lang='lat' dir='ltr'><strong>sine</strong></span> <span class='ocrx_word' id='word_1_18' title='bbox 908 844 1010 892; x_wconf 90' lang='lat' dir='ltr'><strong>mora</strong></span> <span class='ocrx_word' id='word_1_19' title='bbox 1029 819 1228 920; x_wconf 83' lang='lat' dir='ltr'><strong>corrigitur.</strong></span> <span class='ocrx_word' id='word_1_20' title='bbox 1245 819 1354 906; x_wconf 89' lang='lat' dir='ltr'><strong>Quod</strong></span> <span class='ocrx_word' id='word_1_21' title='bbox 1372 835 1491 892; x_wconf 86' lang='lat' dir='ltr'><strong>tamen</strong></span> <span class='ocrx_word' id='word_1_22' title='bbox 1507 843 1582 892; x_wconf 91' lang='lat' dir='ltr'><strong>non</strong></span> <span class='ocrx_word' id='word_1_23' title='bbox 1599 833 1694 892; x_wconf 86' lang='lat' dir='ltr'><strong>recte</strong></span> <span class='ocrx_word' id='word_1_24' title='bbox 1711 832 1798 889; x_wconf 89' lang='lat' dir='ltr'><strong>tunc</strong></span> <span class='ocrx_word' id='word_1_25' title='bbox 1811 831 1948 914; x_wconf 88' lang='lat' dir='ltr'><strong>gestum</strong></span> <span class='ocrx_word' id='word_1_26' title='bbox 1960 832 2022 888; x_wconf 86' lang='lat' dir='ltr'><strong>est</strong></span> 
     </span>
     <span class='ocr_line' id='line_1_4' title="bbox 430 937 2022 1040; baseline -0.003 -30"><span class='ocrx_word' id='word_1_27' title='bbox 430 939 467 1010; x_wconf 89' lang='lat' dir='ltr'><strong>in</strong></span> <span class='ocrx_word' id='word_1_28' title='bbox 486 962 595 1037; x_wconf 88' lang='lat' dir='ltr'><strong>opere</strong></span> <span class='ocrx_word' id='word_1_29' title='bbox 607 994 617 1030; x_wconf 93' lang='lat'><strong>,</strong></span> <span class='ocrx_word' id='word_1_30' title='bbox 631 941 668 1012; x_wconf 94' lang='lat' dir='ltr'><strong>in</strong></span> <span class='ocrx_word' id='word_1_31' title='bbox 687 940 855 1036; x_wconf 84' lang='lat' dir='ltr'><strong>mysterio</strong></span> <span class='ocrx_word' id='word_1_32' title='bbox 869 963 1023 1013; x_wconf 84' lang='lat' dir='ltr'><strong>vacuum</strong></span> <span class='ocrx_word' id='word_1_33' title='bbox 1040 955 1094 1014; x_wconf 87' lang='lat' dir='ltr'><strong>est</strong></span> <span class='ocrx_word' id='word_1_34' title='bbox 1111 939 1364 1039; x_wconf 85' lang='lat' dir='ltr'><strong>assumptione.</strong></span> <span class='ocrx_word' id='word_1_35' title='bbox 1380 945 1474 1011; x_wconf 90' lang='lat' dir='ltr'><strong>Luca</strong></span> <span class='ocrx_word' id='word_1_36' title='bbox 1489 941 1624 1040; x_wconf 87' lang='lat' dir='ltr'><strong>quippe</strong></span> <span class='ocrx_word' id='word_1_37' title='bbox 1640 939 1828 1029; x_wconf 82' lang='lat' dir='ltr'><strong>referente,</strong></span> <span class='ocrx_word' id='word_1_38' title='bbox 1848 937 2022 1010; x_wconf 84' lang='lat' dir='ltr'><strong>novimus</strong></span> 
     </span>
     <span class='ocr_line' id='line_1_5' title="bbox 430 1054 2024 1160; baseline -0.002 -31"><span class='ocrx_word' id='word_1_39' title='bbox 430 1058 523 1129; x_wconf 93' lang='lat' dir='ltr'><strong>duos</strong></span> <span class='ocrx_word' id='word_1_40' title='bbox 541 1057 678 1154; x_wconf 88' lang='lat' dir='ltr'><strong>gladios</strong></span> <span class='ocrx_word' id='word_1_41' title='bbox 688 1059 725 1130; x_wconf 92' lang='lat' dir='ltr'><strong>in</strong></span> <span class='ocrx_word' id='word_1_42' title='bbox 743 1083 845 1134; x_wconf 90' lang='lat' dir='ltr'><strong>coena</strong></span> <span class='ocrx_word' id='word_1_43' title='bbox 858 1059 1004 1132; x_wconf 87' lang='lat' dir='ltr'><strong>Domini</strong></span> <span class='ocrx_word' id='word_1_44' title='bbox 1020 1059 1137 1132; x_wconf 84' lang='lat' dir='ltr'><strong>fuisse.</strong></span> <span class='ocrx_word' id='word_1_45' title='bbox 1154 1059 1211 1134; x_wconf 88' lang='lat' dir='ltr'><strong>Sic</strong></span> <span class='ocrx_word' id='word_1_46' title='bbox 1222 1061 1355 1160; x_wconf 88' lang='lat' dir='ltr'><strong>quippe</strong></span> <span class='ocrx_word' id='word_1_47' title='bbox 1367 1060 1539 1158; x_wconf 86' lang='lat' dir='ltr'><strong>scriptum</strong></span> <span class='ocrx_word' id='word_1_48' title='bbox 1550 1073 1604 1132; x_wconf 87' lang='lat' dir='ltr'><strong>est</strong></span> <span class='ocrx_word' id='word_1_49' title='bbox 1615 1057 1849 1147; x_wconf 86' lang='lat' dir='ltr'><strong>deDomino,</strong></span> <span class='ocrx_word' id='word_1_50' title='bbox 1867 1054 2024 1127; x_wconf 89' lang='lat' dir='ltr'><strong>etdisci-</strong></span> 
     </span>
     <span class='ocr_line' id='line_1_6' title="bbox 429 1176 2019 1278; baseline -0.001 -29"><span class='ocrx_word' id='word_1_51' title='bbox 429 1177 543 1275; x_wconf 91' lang='lat' dir='ltr'><strong>pulis:</strong></span> <span class='ocrx_word' id='word_1_52' title='bbox 564 1208 581 1246; x_wconf 79' lang='lat' dir='ltr'><strong>u</strong></span> <span class='ocrx_word' id='word_1_53' title='bbox 597 1182 641 1249; x_wconf 85' lang='lat' dir='ltr'><strong>Et</strong></span> <span class='ocrx_word' id='word_1_54' title='bbox 653 1178 741 1250; x_wconf 81' lang='lat' dir='ltr'><strong>dixit</strong></span> <span class='ocrx_word' id='word_1_55' title='bbox 759 1179 826 1250; x_wconf 88' lang='lat' dir='ltr'><strong>eis¹</strong></span> <span class='ocrx_word' id='word_1_56' title='bbox 843 1205 851 1250; x_wconf 91' lang='lat'>:</span> <span class='ocrx_word' id='word_1_57' title='bbox 868 1179 1057 1266; x_wconf 86' lang='lat' dir='ltr'><strong>«Quando</strong></span> <span class='ocrx_word' id='word_1_58' title='bbox 1076 1180 1156 1252; x_wconf 92' lang='lat' dir='ltr'><strong>misi</strong></span> <span class='ocrx_word' id='word_1_59' title='bbox 1173 1204 1238 1253; x_wconf 83' lang='lat' dir='ltr'><strong>vos</strong></span> <span class='ocrx_word' id='word_1_60' title='bbox 1255 1181 1330 1254; x_wconf 90' lang='lat' dir='ltr'><strong>sine</strong></span> <span class='ocrx_word' id='word_1_61' title='bbox 1349 1180 1512 1272; x_wconf 86' lang='lat' dir='ltr'><strong>sacculo,</strong></span> <span class='ocrx_word' id='word_1_62' title='bbox 1532 1194 1568 1252; x_wconf 91' lang='lat' dir='ltr'><strong>et</strong></span> <span class='ocrx_word' id='word_1_63' title='bbox 1585 1204 1690 1278; x_wconf 87' lang='lat' dir='ltr'><strong>pera,</strong></span> <span class='ocrx_word' id='word_1_64' title='bbox 1711 1193 1747 1251; x_wconf 89' lang='lat' dir='ltr'><strong>et</strong></span> <span class='ocrx_word' id='word_1_65' title='bbox 1762 1176 2019 1264; x_wconf 80' lang='lat' dir='ltr'><strong>calciamentis,</strong></span> 
     </span>
     <span class='ocr_line' id='line_1_7' title="bbox 432 1296 2023 1397; baseline -0.002 -28"><span class='ocrx_word' id='word_1_66' title='bbox 432 1298 623 1396; x_wconf 77' lang='lat' dir='ltr'><strong>«nunquid</strong></span> <span class='ocrx_word' id='word_1_67' title='bbox 636 1299 749 1371; x_wconf 83' lang='lat' dir='ltr'><strong>dehrit</strong></span> <span class='ocrx_word' id='word_1_68' title='bbox 762 1298 913 1372; x_wconf 79' lang='lat' dir='ltr'><strong>&#39;vobislr</strong></span> <span class='ocrx_word' id='word_1_69' title='bbox 926 1304 969 1372; x_wconf 81' lang='lat' dir='ltr'><strong>At</strong></span> <span class='ocrx_word' id='word_1_70' title='bbox 981 1300 1031 1374; x_wconf 92' lang='lat' dir='ltr'><strong>illi</strong></span> <span class='ocrx_word' id='word_1_71' title='bbox 1047 1300 1213 1373; x_wconf 85' lang='lat' dir='ltr'><strong>dixerunt</strong></span> <span class='ocrx_word' id='word_1_72' title='bbox 1228 1328 1236 1371; x_wconf 90' lang='lat'><strong>:</strong></span> <span class='ocrx_word' id='word_1_73' title='bbox 1251 1301 1389 1374; x_wconf 85' lang='lat' dir='ltr'><strong>«Nihil.</strong></span> <span class='ocrx_word' id='word_1_74' title='bbox 1408 1330 1425 1369; x_wconf 79' lang='lat' dir='ltr'><strong>r</strong></span> <span class='ocrx_word' id='word_1_75' title='bbox 1440 1301 1536 1374; x_wconf 82' lang='lat' dir='ltr'><strong>Dixit</strong></span> <span class='ocrx_word' id='word_1_76' title='bbox 1549 1325 1633 1397; x_wconf 88' lang='lat' dir='ltr'><strong>ergo</strong></span> <span class='ocrx_word' id='word_1_77' title='bbox 1646 1300 1712 1371; x_wconf 90' lang='lat' dir='ltr'><strong>cis:</strong></span> <span class='ocrx_word' id='word_1_78' title='bbox 1724 1329 1744 1368; x_wconf 79' lang='lat' dir='ltr'><strong>u</strong></span> <span class='ocrx_word' id='word_1_79' title='bbox 1759 1296 1830 1370; x_wconf 90' lang='lat' dir='ltr'><strong>Sed</strong></span> <span class='ocrx_word' id='word_1_80' title='bbox 1841 1320 1939 1368; x_wconf 92' lang='lat' dir='ltr'><strong>nunc</strong></span> <span class='ocrx_word' id='word_1_81' title='bbox 1952 1297 2023 1392; x_wconf 90' lang='lat' dir='ltr'><strong>qui</strong></span> 
     </span>
     <span class='ocr_line' id='line_1_8' title="bbox 434 1418 2019 1520; baseline 0.001 -34"><span class='ocrx_word' id='word_1_82' title='bbox 434 1448 451 1486; x_wconf 74' lang='lat' dir='ltr'><strong>a</strong></span> <span class='ocrx_word' id='word_1_83' title='bbox 459 1418 569 1492; x_wconf 87' lang='lat' dir='ltr'><strong>habet</strong></span> <span class='ocrx_word' id='word_1_84' title='bbox 579 1419 774 1512; x_wconf 84' lang='lat' dir='ltr'><strong>sacculum,</strong></span> <span class='ocrx_word' id='word_1_85' title='bbox 786 1419 885 1494; x_wconf 88' lang='lat' dir='ltr'><strong>tollat</strong></span> <span class='ocrx_word' id='word_1_86' title='bbox 893 1420 1052 1496; x_wconf 87' lang='lat' dir='ltr'><strong>similiter</strong></span> <span class='ocrx_word' id='word_1_87' title='bbox 1060 1436 1097 1494; x_wconf 90' lang='lat' dir='ltr'><strong>et</strong></span> <span class='ocrx_word' id='word_1_88' title='bbox 1106 1444 1243 1520; x_wconf 87' lang='lat' dir='ltr'><strong>peram,</strong></span> <span class='ocrx_word' id='word_1_89' title='bbox 1253 1422 1356 1519; x_wconf 91' lang='lat' dir='ltr'><strong>etqui</strong></span> <span class='ocrx_word' id='word_1_90' title='bbox 1367 1445 1441 1494; x_wconf 91' lang='lat' dir='ltr'><strong>non</strong></span> <span class='ocrx_word' id='word_1_91' title='bbox 1452 1419 1574 1513; x_wconf 87' lang='lat' dir='ltr'><strong>babet,</strong></span> <span class='ocrx_word' id='word_1_92' title='bbox 1589 1420 1721 1492; x_wconf 87' lang='lat' dir='ltr'><strong>vendat</strong></span> <span class='ocrx_word' id='word_1_93' title='bbox 1730 1420 1889 1492; x_wconf 88' lang='lat' dir='ltr'><strong>tunicam</strong></span> <span class='ocrx_word' id='word_1_94' title='bbox 1898 1439 2019 1506; x_wconf 89' lang='lat' dir='ltr'><strong>suam,</strong></span> 
     </span>
     <span class='ocr_line' id='line_1_9' title="bbox 432 1517 2026 1639; baseline 0.001 -35"><span class='ocrx_word' id='word_1_95' title='bbox 432 1567 450 1605; x_wconf 77' lang='lat' dir='ltr'><strong>a</strong></span> <span class='ocrx_word' id='word_1_96' title='bbox 461 1554 494 1610; x_wconf 91' lang='lat' dir='ltr'><strong>et</strong></span> <span class='ocrx_word' id='word_1_97' title='bbox 514 1555 609 1612; x_wconf 89' lang='lat' dir='ltr'><strong>emat</strong></span> <span class='ocrx_word' id='word_1_98' title='bbox 626 1539 795 1636; x_wconf 84' lang='lat' dir='ltr'><strong>gladium.</strong></span> <span class='ocrx_word' id='word_1_99' title='bbox 817 1541 907 1614; x_wconf 88' lang='lat' dir='ltr'><strong>Dico</strong></span> <span class='ocrx_word' id='word_1_100' title='bbox 923 1541 1018 1613; x_wconf 87' lang='lat' dir='ltr'><strong>enirn</strong></span> <span class='ocrx_word' id='word_1_101' title='bbox 1034 1517 1154 1634; x_wconf 75' lang='lat' dir='ltr'><strong>vobis,</strong></span> <span class='ocrx_word' id='word_1_102' title='bbox 1180 1543 1352 1639; x_wconf 88' lang='lat' dir='ltr'><strong>quoniam</strong></span> <span class='ocrx_word' id='word_1_103' title='bbox 1365 1541 1483 1613; x_wconf 90' lang='lat' dir='ltr'><strong>adbuc</strong></span> <span class='ocrx_word' id='word_1_104' title='bbox 1497 1541 1598 1639; x_wconf 92' lang='lat' dir='ltr'><strong>quod</strong></span> <span class='ocrx_word' id='word_1_105' title='bbox 1615 1541 1787 1638; x_wconf 81' lang='lat' dir='ltr'><strong>scripturn</strong></span> <span class='ocrx_word' id='word_1_106' title='bbox 1804 1553 1858 1609; x_wconf 83' lang='lat' dir='ltr'><strong>est</strong></span> <span class='ocrx_word' id='word_1_107' title='bbox 1874 1549 2026 1634; x_wconf 84' lang='lat' dir='ltr'><strong>oportet</strong></span> 
     </span>
     <span class='ocr_line' id='line_1_10' title="bbox 433 1653 2023 1760; baseline 0.002 -37"><span class='ocrx_word' id='word_1_108' title='bbox 433 1658 601 1757; x_wconf 84' lang='lat' dir='ltr'><strong>«impleri</strong></span> <span class='ocrx_word' id='word_1_109' title='bbox 615 1659 652 1729; x_wconf 94' lang='lat' dir='ltr'><strong>in</strong></span> <span class='ocrx_word' id='word_1_110' title='bbox 668 1683 747 1732; x_wconf 88' lang='lat' dir='ltr'><strong>me:</strong></span> <span class='ocrx_word' id='word_1_111' title='bbox 763 1664 924 1734; x_wconf 85' lang='lat' dir='ltr'><strong>«Etcum</strong></span> <span class='ocrx_word' id='word_1_112' title='bbox 938 1661 1068 1758; x_wconf 90' lang='lat' dir='ltr'><strong>iniquis</strong></span> <span class='ocrx_word' id='word_1_113' title='bbox 1081 1659 1271 1760; x_wconf 88' lang='lat' dir='ltr'><strong>deputatus</strong></span> <span class='ocrx_word' id='word_1_114' title='bbox 1284 1675 1374 1734; x_wconf 86' lang='lat' dir='ltr'><strong>est.»</strong></span> <span class='ocrx_word' id='word_1_115' title='bbox 1389 1663 1530 1734; x_wconf 81' lang='lat' dir='ltr'><strong>Etenim</strong></span> <span class='ocrx_word' id='word_1_116' title='bbox 1541 1685 1583 1733; x_wconf 89' lang='lat' dir='ltr'><strong>ea</strong></span> <span class='ocrx_word' id='word_1_117' title='bbox 1596 1672 1769 1758; x_wconf 75' lang='lat' dir='ltr'><strong>quaesunt</strong></span> <span class='ocrx_word' id='word_1_118' title='bbox 1781 1657 1827 1729; x_wconf 90' lang='lat' dir='ltr'><strong>de</strong></span> <span class='ocrx_word' id='word_1_119' title='bbox 1838 1681 1896 1728; x_wconf 89' lang='lat' dir='ltr'><strong>me</strong></span> <span class='ocrx_word' id='word_1_120' title='bbox 1908 1653 2023 1726; x_wconf 86' lang='lat' dir='ltr'><strong>linem</strong></span> 
     </span>
     <span class='ocr_line' id='line_1_11' title="bbox 433 1777 2027 1878; baseline -0.001 -34"><span class='ocrx_word' id='word_1_121' title='bbox 433 1806 449 1844; x_wconf 76' lang='lat' dir='ltr'><strong>a</strong></span> <span class='ocrx_word' id='word_1_122' title='bbox 459 1777 606 1850; x_wconf 87' lang='lat' dir='ltr'><strong>habent.</strong></span> <span class='ocrx_word' id='word_1_123' title='bbox 614 1807 631 1846; x_wconf 77' lang='lat' dir='ltr'><strong>s</strong></span> <span class='ocrx_word' id='word_1_124' title='bbox 643 1783 686 1851; x_wconf 77' lang='lat' dir='ltr'><strong>tt</strong></span> <span class='ocrx_word' id='word_1_125' title='bbox 700 1777 749 1852; x_wconf 91' lang='lat' dir='ltr'><strong>illi</strong></span> <span class='ocrx_word' id='word_1_126' title='bbox 758 1779 924 1852; x_wconf 85' lang='lat' dir='ltr'><strong>dixerunt</strong></span> <span class='ocrx_word' id='word_1_127' title='bbox 936 1809 949 1864; x_wconf 53' lang='grc' dir='ltr'><strong>ε,</strong></span> <span class='ocrx_word' id='word_1_128' title='bbox 958 1810 974 1847; x_wconf 77' lang='lat' dir='ltr'><strong>u</strong></span> <span class='ocrx_word' id='word_1_129' title='bbox 987 1781 1156 1873; x_wconf 87' lang='lat' dir='ltr'><strong>Domine,</strong></span> <span class='ocrx_word' id='word_1_130' title='bbox 1167 1805 1249 1854; x_wconf 89' lang='lat' dir='ltr'><strong>ecce</strong></span> <span class='ocrx_word' id='word_1_131' title='bbox 1258 1781 1333 1854; x_wconf 92' lang='lat' dir='ltr'><strong>duo</strong></span> <span class='ocrx_word' id='word_1_132' title='bbox 1346 1781 1453 1878; x_wconf 86' lang='lat' dir='ltr'><strong>gladii</strong></span> <span class='ocrx_word' id='word_1_133' title='bbox 1463 1781 1534 1852; x_wconf 89' lang='lat' dir='ltr'><strong>hic.</strong></span> <span class='ocrx_word' id='word_1_134' title='bbox 1552 1811 1570 1848; x_wconf 90' lang='lat'>»</span> <span class='ocrx_word' id='word_1_135' title='bbox 1582 1785 1625 1852; x_wconf 82' lang='lat' dir='ltr'><strong>At</strong></span> <span class='ocrx_word' id='word_1_136' title='bbox 1637 1779 1697 1852; x_wconf 89' lang='lat' dir='ltr'><strong>ille</strong></span> <span class='ocrx_word' id='word_1_137' title='bbox 1710 1778 1799 1850; x_wconf 78' lang='lat' dir='ltr'><strong>dixit</strong></span> <span class='ocrx_word' id='word_1_138' title='bbox 1815 1777 1884 1848; x_wconf 76' lang='lat' dir='ltr'><strong>eisz</strong></span> <span class='ocrx_word' id='word_1_139' title='bbox 1902 1803 1920 1843; x_wconf 80' lang='lat' dir='ltr'><strong>u</strong></span> <span class='ocrx_word' id='word_1_140' title='bbox 1928 1777 2027 1846; x_wconf 83' lang='lat' dir='ltr'><strong>Satis</strong></span> 
     </span>
     <span class='ocr_line' id='line_1_12' title="bbox 432 1894 2024 1994; baseline 0 -31"><span class='ocrx_word' id='word_1_141' title='bbox 432 1926 449 1964; x_wconf 79' lang='lat' dir='ltr'><strong>u</strong></span> <span class='ocrx_word' id='word_1_142' title='bbox 463 1911 526 1968; x_wconf 90' lang='lat' dir='ltr'><strong>est.</strong></span> <span class='ocrx_word' id='word_1_143' title='bbox 535 1901 767 1994; x_wconf 80' lang='lat' dir='ltr'><strong>»Etegressus</strong></span> <span class='ocrx_word' id='word_1_144' title='bbox 778 1898 852 1970; x_wconf 92' lang='lat' dir='ltr'><strong>ibat</strong></span> <span class='ocrx_word' id='word_1_145' title='bbox 864 1898 1063 1972; x_wconf 85' lang='lat' dir='ltr'><strong>secundum</strong></span> <span class='ocrx_word' id='word_1_146' title='bbox 1074 1900 1415 1974; x_wconf 88' lang='lat' dir='ltr'><strong>consuetudinemin</strong></span> <span class='ocrx_word' id='word_1_147' title='bbox 1425 1915 1585 1972; x_wconf 86' lang='lat' dir='ltr'><strong>montem</strong></span> <span class='ocrx_word' id='word_1_148' title='bbox 1595 1899 1792 1972; x_wconf 79' lang='lat' dir='ltr'><strong>Olivarum.</strong></span> <span class='ocrx_word' id='word_1_149' title='bbox 1802 1894 1921 1966; x_wconf 89' lang='lat' dir='ltr'><strong>Secuti</strong></span> <span class='ocrx_word' id='word_1_150' title='bbox 1932 1907 2024 1966; x_wconf 88' lang='lat' dir='ltr'><strong>sunt</strong></span> 
     </span>
     <span class='ocr_line' id='line_1_13' title="bbox 431 2015 2030 2118; baseline -0.003 -31"><span class='ocrx_word' id='word_1_151' title='bbox 431 2031 551 2088; x_wconf 88' lang='lat' dir='ltr'><strong>autem</strong></span> <span class='ocrx_word' id='word_1_152' title='bbox 568 2017 669 2089; x_wconf 91' lang='lat' dir='ltr'><strong>illum</strong></span> <span class='ocrx_word' id='word_1_153' title='bbox 689 2033 722 2089; x_wconf 90' lang='lat' dir='ltr'><strong>et</strong></span> <span class='ocrx_word' id='word_1_154' title='bbox 735 2017 910 2116; x_wconf 89' lang='lat' dir='ltr'><strong>discipuli.</strong></span> <span class='ocrx_word' id='word_1_155' title='bbox 927 2047 947 2088; x_wconf 90' lang='lat'>»</span> <span class='ocrx_word' id='word_1_156' title='bbox 962 2018 1130 2093; x_wconf 85' lang='lat' dir='ltr'><strong>Saeculus</strong></span> <span class='ocrx_word' id='word_1_157' title='bbox 1148 2020 1262 2115; x_wconf 86' lang='lat' dir='ltr'><strong>major</strong></span> <span class='ocrx_word' id='word_1_158' title='bbox 1273 2035 1325 2092; x_wconf 93' lang='lat' dir='ltr'><strong>est</strong></span> <span class='ocrx_word' id='word_1_159' title='bbox 1337 2044 1447 2118; x_wconf 88' lang='lat' dir='ltr'><strong>quam</strong></span> <span class='ocrx_word' id='word_1_160' title='bbox 1461 2043 1566 2118; x_wconf 90' lang='lat' dir='ltr'><strong>pera,</strong></span> <span class='ocrx_word' id='word_1_161' title='bbox 1585 2033 1622 2090; x_wconf 89' lang='lat' dir='ltr'><strong>et</strong></span> <span class='ocrx_word' id='word_1_162' title='bbox 1633 2017 1718 2092; x_wconf 89' lang='lat' dir='ltr'><strong>ideo</strong></span> <span class='ocrx_word' id='word_1_163' title='bbox 1735 2015 1954 2088; x_wconf 87' lang='lat' dir='ltr'><strong>necessarius</strong></span> <span class='ocrx_word' id='word_1_164' title='bbox 1967 2029 2030 2084; x_wconf 88' lang='lat' dir='ltr'><strong>est</strong></span> 
     </span>
     <span class='ocr_line' id='line_1_14' title="bbox 430 2132 2029 2235; baseline 0.001 -32"><span class='ocrx_word' id='word_1_165' title='bbox 430 2132 476 2204; x_wconf 92' lang='lat' dir='ltr'><strong>ad</strong></span> <span class='ocrx_word' id='word_1_166' title='bbox 490 2134 729 2233; x_wconf 89' lang='lat' dir='ltr'><strong>plurimorum</strong></span> <span class='ocrx_word' id='word_1_167' title='bbox 751 2137 919 2210; x_wconf 87' lang='lat' dir='ltr'><strong>viaticum</strong></span> <span class='ocrx_word' id='word_1_168' title='bbox 935 2136 1183 2212; x_wconf 81' lang='lat' dir='ltr'><strong>deferendum.</strong></span> <span class='ocrx_word' id='word_1_169' title='bbox 1201 2142 1290 2212; x_wconf 90' lang='lat' dir='ltr'><strong>Pera</strong></span> <span class='ocrx_word' id='word_1_170' title='bbox 1303 2163 1389 2212; x_wconf 85' lang='lat' dir='ltr'><strong>vero</strong></span> <span class='ocrx_word' id='word_1_171' title='bbox 1404 2137 1551 2235; x_wconf 92' lang='lat' dir='ltr'><strong>singulis</strong></span> <span class='ocrx_word' id='word_1_172' title='bbox 1573 2135 1734 2210; x_wconf 89' lang='lat' dir='ltr'><strong>sufficere</strong></span> <span class='ocrx_word' id='word_1_173' title='bbox 1753 2133 1904 2208; x_wconf 88' lang='lat' dir='ltr'><strong>videtur.</strong></span> <span class='ocrx_word' id='word_1_174' title='bbox 1924 2137 2029 2204; x_wconf 86' lang='lat' dir='ltr'><strong>Bene</strong></span> 
     </span>
     <span class='ocr_line' id='line_1_15' title="bbox 429 2253 2030 2353; baseline 0 -29"><span class='ocrx_word' id='word_1_175' title='bbox 429 2278 514 2349; x_wconf 89' lang='lat' dir='ltr'><strong>ergo</strong></span> <span class='ocrx_word' id='word_1_176' title='bbox 538 2256 731 2344; x_wconf 90' lang='lat' dir='ltr'><strong>Dominus,</strong></span> <span class='ocrx_word' id='word_1_177' title='bbox 751 2254 840 2328; x_wconf 89' lang='lat' dir='ltr'><strong>dum</strong></span> <span class='ocrx_word' id='word_1_178' title='bbox 858 2280 1012 2353; x_wconf 87' lang='lat' dir='ltr'><strong>praesens</strong></span> <span class='ocrx_word' id='word_1_179' title='bbox 1030 2255 1089 2328; x_wconf 93' lang='lat' dir='ltr'><strong>hic</strong></span> <span class='ocrx_word' id='word_1_180' title='bbox 1107 2271 1215 2348; x_wconf 87' lang='lat' dir='ltr'><strong>esset,</strong></span> <span class='ocrx_word' id='word_1_181' title='bbox 1235 2281 1360 2328; x_wconf 93' lang='lat' dir='ltr'><strong>eorum</strong></span> <span class='ocrx_word' id='word_1_182' title='bbox 1377 2256 1699 2330; x_wconf 79' lang='lat' dir='ltr'><strong>necessitudinibus</strong></span> <span class='ocrx_word' id='word_1_183' title='bbox 1725 2255 1876 2327; x_wconf 90' lang='lat' dir='ltr'><strong>omnino</strong></span> <span class='ocrx_word' id='word_1_184' title='bbox 1901 2253 2030 2351; x_wconf 73' lang='lat' dir='ltr'><strong>provi·</strong></span> 
     </span>
     <span class='ocr_line' id='line_1_16' title="bbox 429 2371 2029 2475; baseline -0.001 -31"><span class='ocrx_word' id='word_1_185' title='bbox 429 2371 553 2462; x_wconf 87' lang='lat' dir='ltr'><strong>debat,</strong></span> <span class='ocrx_word' id='word_1_186' title='bbox 570 2399 616 2445; x_wconf 90' lang='lat' dir='ltr'><strong>ne</strong></span> <span class='ocrx_word' id='word_1_187' title='bbox 634 2372 723 2471; x_wconf 94' lang='lat' dir='ltr'><strong>quid</strong></span> <span class='ocrx_word' id='word_1_188' title='bbox 742 2374 845 2445; x_wconf 86' lang='lat' dir='ltr'><strong>eisin</strong></span> <span class='ocrx_word' id='word_1_189' title='bbox 861 2374 918 2444; x_wconf 84' lang='lat' dir='ltr'><strong>via</strong></span> <span class='ocrx_word' id='word_1_190' title='bbox 935 2373 1073 2448; x_wconf 79' lang='lat' dir='ltr'><strong>deleme</strong></span> <span class='ocrx_word' id='word_1_191' title='bbox 1089 2378 1328 2448; x_wconf 87' lang='lat' dir='ltr'><strong>necessarium</strong></span> <span class='ocrx_word' id='word_1_192' title='bbox 1344 2392 1453 2467; x_wconf 87' lang='lat' dir='ltr'><strong>esset,</strong></span> <span class='ocrx_word' id='word_1_193' title='bbox 1470 2391 1511 2448; x_wconf 92' lang='lat' dir='ltr'><strong>ut</strong></span> <span class='ocrx_word' id='word_1_194' title='bbox 1525 2391 1608 2475; x_wconf 92' lang='lat' dir='ltr'><strong>post</strong></span> <span class='ocrx_word' id='word_1_195' title='bbox 1627 2376 1702 2472; x_wconf 86' lang='lat' dir='ltr'><strong>ejus</strong></span> <span class='ocrx_word' id='word_1_196' title='bbox 1722 2397 1901 2446; x_wconf 89' lang='lat' dir='ltr'><strong>recessum</strong></span> <span class='ocrx_word' id='word_1_197' title='bbox 1915 2394 1936 2443; x_wconf 90' lang='lat' dir='ltr'><strong>a</strong></span> <span class='ocrx_word' id='word_1_198' title='bbox 1948 2386 2029 2443; x_wconf 88' lang='lat' dir='ltr'><strong>ter·</strong></span> 
     </span>
     <span class='ocr_line' id='line_1_17' title="bbox 428 2469 2027 2592; baseline 0.001 -31"><span class='ocrx_word' id='word_1_199' title='bbox 428 2493 495 2584; x_wconf 86' lang='lat' dir='ltr'><strong>ris,</strong></span> <span class='ocrx_word' id='word_1_200' title='bbox 513 2507 612 2565; x_wconf 88' lang='lat' dir='ltr'><strong>tanto</strong></span> <span class='ocrx_word' id='word_1_201' title='bbox 632 2493 707 2588; x_wconf 89' lang='lat' dir='ltr'><strong>ejus</strong></span> <span class='ocrx_word' id='word_1_202' title='bbox 720 2494 904 2591; x_wconf 79' lang='lat' dir='ltr'><strong>praesentia</strong></span> <span class='ocrx_word' id='word_1_203' title='bbox 924 2493 1076 2592; x_wconf 89' lang='lat' dir='ltr'><strong>amplius</strong></span> <span class='ocrx_word' id='word_1_204' title='bbox 1094 2510 1272 2566; x_wconf 76' lang='lat' dir='ltr'><strong>mnaretur</strong></span> <span class='ocrx_word' id='word_1_205' title='bbox 1289 2517 1331 2568; x_wconf 89' lang='lat' dir='ltr'><strong>ac</strong></span> <span class='ocrx_word' id='word_1_206' title='bbox 1351 2494 1625 2584; x_wconf 80' lang='lat' dir='ltr'><strong>desideraretur,</strong></span> <span class='ocrx_word' id='word_1_207' title='bbox 1646 2507 1782 2591; x_wconf 91' lang='lat' dir='ltr'><strong>quanto</strong></span> <span class='ocrx_word' id='word_1_208' title='bbox 1799 2491 1839 2564; x_wconf 92' lang='lat' dir='ltr'><strong>hi</strong></span> <span class='ocrx_word' id='word_1_209' title='bbox 1856 2469 1934 2564; x_wconf 77' lang='lat' dir='ltr'><strong>eain</strong></span> <span class='ocrx_word' id='word_1_210' title='bbox 1951 2491 2027 2563; x_wconf 89' lang='lat' dir='ltr'><strong>sibi</strong></span> 
     </span>
     <span class='ocr_line' id='line_1_18' title="bbox 430 2611 2026 2712; baseline 0 -29"><span class='ocrx_word' id='word_1_211' title='bbox 430 2613 540 2708; x_wconf 89' lang='lat' dir='ltr'><strong>magis</strong></span> <span class='ocrx_word' id='word_1_212' title='bbox 553 2611 789 2683; x_wconf 87' lang='lat' dir='ltr'><strong>necessariam</strong></span> <span class='ocrx_word' id='word_1_213' title='bbox 801 2612 936 2712; x_wconf 84' lang='lat' dir='ltr'><strong>experti</strong></span> <span class='ocrx_word' id='word_1_214' title='bbox 949 2611 1099 2684; x_wconf 87' lang='lat' dir='ltr'><strong>fuerant.</strong></span> <span class='ocrx_word' id='word_1_215' title='bbox 1111 2613 1208 2685; x_wconf 88' lang='lat' dir='ltr'><strong>«Sed</strong></span> <span class='ocrx_word' id='word_1_216' title='bbox 1220 2639 1319 2685; x_wconf 93' lang='lat' dir='ltr'><strong>nunc</strong></span> <span class='ocrx_word' id='word_1_217' title='bbox 1333 2615 1395 2711; x_wconf 93' lang='lat' dir='ltr'><strong>qui</strong></span> <span class='ocrx_word' id='word_1_218' title='bbox 1405 2612 1527 2704; x_wconf 88' lang='lat' dir='ltr'><strong>habet,</strong></span> <span class='ocrx_word' id='word_1_219' title='bbox 1543 2613 1640 2686; x_wconf 83' lang='lat' dir='ltr'><strong>»hoc</strong></span> <span class='ocrx_word' id='word_1_220' title='bbox 1650 2613 1755 2685; x_wconf 88' lang='lat' dir='ltr'><strong>etiam</strong></span> <span class='ocrx_word' id='word_1_221' title='bbox 1764 2612 1932 2710; x_wconf 86' lang='lat' dir='ltr'><strong>deinceps</strong></span> <span class='ocrx_word' id='word_1_222' title='bbox 1944 2627 2026 2684; x_wconf 87' lang='lat' dir='ltr'><strong>tam</strong></span> 
     </span>
     <span class='ocr_line' id='line_1_19' title="bbox 428 2729 2134 2831; baseline 0.001 -32"><span class='ocrx_word' id='word_1_223' title='bbox 428 2729 688 2828; x_wconf 86' lang='lat' dir='ltr'><strong>vobismetipsis</strong></span> <span class='ocrx_word' id='word_1_224' title='bbox 703 2755 812 2828; x_wconf 91' lang='lat' dir='ltr'><strong>quam</strong></span> <span class='ocrx_word' id='word_1_225' title='bbox 825 2729 901 2815; x_wconf 86' lang='lat' dir='ltr'><strong>aliis</strong></span> <span class='ocrx_word' id='word_1_226' title='bbox 912 2731 950 2816; x_wconf 84' lang='lat' dir='ltr'><strong>in</strong></span> <span class='ocrx_word' id='word_1_227' title='bbox 963 2755 1049 2829; x_wconf 89' lang='lat' dir='ltr'><strong>pera</strong></span> <span class='ocrx_word' id='word_1_228' title='bbox 1061 2731 1118 2804; x_wconf 85' lang='lat' dir='ltr'><strong>vel</strong></span> <span class='ocrx_word' id='word_1_229' title='bbox 1130 2732 1271 2816; x_wconf 82' lang='lat' dir='ltr'><strong>sacculo</strong></span> <span class='ocrx_word' id='word_1_230' title='bbox 1284 2732 1468 2831; x_wconf 84' lang='lat' dir='ltr'><strong>providete</strong></span> <span class='ocrx_word' id='word_1_231' title='bbox 1482 2731 1662 2806; x_wconf 87' lang='lat' dir='ltr'><strong>sumendo</strong></span> <span class='ocrx_word' id='word_1_232' title='bbox 1678 2758 1686 2802; x_wconf 90' lang='lat'>:</span> <span class='ocrx_word' id='word_1_233' title='bbox 1705 2759 1724 2800; x_wconf 82' lang='grc' dir='ltr'><strong>κ</strong></span> <span class='ocrx_word' id='word_1_234' title='bbox 1737 2745 1774 2802; x_wconf 92' lang='lat' dir='ltr'><strong>et</strong></span> <span class='ocrx_word' id='word_1_235' title='bbox 1789 2731 1936 2828; x_wconf 92' lang='lat' dir='ltr'><strong>quinon</strong></span> <span class='ocrx_word' id='word_1_236' title='bbox 1952 2729 2025 2800; x_wconf 88' lang='lat' dir='ltr'><strong>ha·</strong></span> <span class='ocrx_word' id='word_1_237' title='bbox 2128 2769 2134 2782; x_wconf 95' lang='lat'><em>·</em></span> 
     </span>
     <span class='ocr_line' id='line_1_20' title="bbox 427 2848 2027 2950; baseline -0.001 -28"><span class='ocrx_word' id='word_1_238' title='bbox 427 2850 501 2940; x_wconf 89' lang='lat' dir='ltr'><strong>bet,</strong></span> <span class='ocrx_word' id='word_1_239' title='bbox 516 2879 534 2918; x_wconf 74' lang='lat' dir='ltr'><strong>a</strong></span> <span class='ocrx_word' id='word_1_240' title='bbox 549 2850 701 2923; x_wconf 89' lang='lat' dir='ltr'><strong>subaudi</strong></span> <span class='ocrx_word' id='word_1_241' title='bbox 710 2849 895 2924; x_wconf 85' lang='lat' dir='ltr'><strong>sacculum</strong></span> <span class='ocrx_word' id='word_1_242' title='bbox 906 2848 963 2932; x_wconf 85' lang='lat' dir='ltr'><strong>vel</strong></span> <span class='ocrx_word' id='word_1_243' title='bbox 974 2874 1098 2949; x_wconf 80' lang='lat' dir='ltr'><strong>peram</strong></span> <span class='ocrx_word' id='word_1_244' title='bbox 1112 2849 1209 2922; x_wconf 90' lang='lat' dir='ltr'><strong>unde</strong></span> <span class='ocrx_word' id='word_1_245' title='bbox 1222 2875 1431 2950; x_wconf 85' lang='lat' dir='ltr'><strong>comparare</strong></span> <span class='ocrx_word' id='word_1_246' title='bbox 1444 2851 1601 2949; x_wconf 85' lang='lat' dir='ltr'><strong>gladium</strong></span> <span class='ocrx_word' id='word_1_247' title='bbox 1613 2850 1738 2950; x_wconf 87' lang='lat' dir='ltr'><strong>possit,</strong></span> <span class='ocrx_word' id='word_1_248' title='bbox 1753 2879 1770 2918; x_wconf 77' lang='lat' dir='ltr'><strong>a</strong></span> <span class='ocrx_word' id='word_1_249' title='bbox 1783 2849 1913 2923; x_wconf 90' lang='lat' dir='ltr'><strong>vendat</strong></span> <span class='ocrx_word' id='word_1_250' title='bbox 1921 2849 2027 2921; x_wconf 91' lang='lat' dir='ltr'><strong>tuni-</strong></span> 
     </span>
     <span class='ocr_line' id='line_1_21' title="bbox 428 2969 2030 3068; baseline 0.001 -27"><span class='ocrx_word' id='word_1_251' title='bbox 428 2994 520 3061; x_wconf 88' lang='lat' dir='ltr'><strong>cam,</strong></span> <span class='ocrx_word' id='word_1_252' title='bbox 538 2999 556 3039; x_wconf 80' lang='lat' dir='ltr'><strong>r</strong></span> <span class='ocrx_word' id='word_1_253' title='bbox 574 2995 654 3068; x_wconf 86' lang='lat' dir='ltr'><strong>quac</strong></span> <span class='ocrx_word' id='word_1_254' title='bbox 670 2971 781 3068; x_wconf 84' lang='lat' dir='ltr'><strong>magis</strong></span> <span class='ocrx_word' id='word_1_255' title='bbox 794 2971 991 3044; x_wconf 81' lang='lat' dir='ltr'><strong>necessaria</strong></span> <span class='ocrx_word' id='word_1_256' title='bbox 1011 2970 1165 3062; x_wconf 88' lang='lat' dir='ltr'><strong>videtur,</strong></span> <span class='ocrx_word' id='word_1_257' title='bbox 1187 2985 1227 3042; x_wconf 91' lang='lat' dir='ltr'><strong>ut</strong></span> <span class='ocrx_word' id='word_1_258' title='bbox 1242 2971 1328 3044; x_wconf 91' lang='lat' dir='ltr'><strong>hinc</strong></span> <span class='ocrx_word' id='word_1_259' title='bbox 1347 2996 1430 3044; x_wconf 90' lang='lat' dir='ltr'><strong>eum</strong></span> <span class='ocrx_word' id='word_1_260' title='bbox 1443 2986 1549 3044; x_wconf 89' lang='lat' dir='ltr'><strong>emat.</strong></span> <span class='ocrx_word' id='word_1_261' title='bbox 1570 2969 1679 3059; x_wconf 89' lang='lat' dir='ltr'><strong>Quod</strong></span> <span class='ocrx_word' id='word_1_262' title='bbox 1697 2969 1843 3068; x_wconf 90' lang='lat' dir='ltr'><strong>quidem</strong></span> <span class='ocrx_word' id='word_1_263' title='bbox 1850 2969 1950 3065; x_wconf 81' lang='lat' dir='ltr'><strong>juxta</strong></span> <span class='ocrx_word' id='word_1_264' title='bbox 1965 2969 2030 3042; x_wconf 91' lang='lat' dir='ltr'><strong>lit-</strong></span> 
     </span>
     <span class='ocr_line' id='line_1_22' title="bbox 428 3088 2028 3189; baseline 0.001 -28"><span class='ocrx_word' id='word_1_265' title='bbox 428 3104 558 3182; x_wconf 86' lang='lat' dir='ltr'><strong>teram,</strong></span> <span class='ocrx_word' id='word_1_266' title='bbox 575 3105 615 3162; x_wconf 90' lang='lat' dir='ltr'><strong>ut</strong></span> <span class='ocrx_word' id='word_1_267' title='bbox 628 3091 813 3189; x_wconf 87' lang='lat' dir='ltr'><strong>sequentia</strong></span> <span class='ocrx_word' id='word_1_268' title='bbox 829 3092 1006 3181; x_wconf 91' lang='lat' dir='ltr'><strong>innuunt,</strong></span> <span class='ocrx_word' id='word_1_269' title='bbox 1026 3089 1075 3162; x_wconf 93' lang='lat' dir='ltr'><strong>ob</strong></span> <span class='ocrx_word' id='word_1_270' title='bbox 1092 3091 1163 3163; x_wconf 90' lang='lat' dir='ltr'><strong>hoc</strong></span> <span class='ocrx_word' id='word_1_271' title='bbox 1179 3090 1321 3165; x_wconf 86' lang='lat' dir='ltr'><strong>videtur</strong></span> <span class='ocrx_word' id='word_1_272' title='bbox 1338 3091 1494 3184; x_wconf 91' lang='lat' dir='ltr'><strong>dictum,</strong></span> <span class='ocrx_word' id='word_1_273' title='bbox 1512 3106 1552 3164; x_wconf 90' lang='lat' dir='ltr'><strong>ut</strong></span> <span class='ocrx_word' id='word_1_274' title='bbox 1570 3116 1683 3189; x_wconf 92' lang='lat' dir='ltr'><strong>quum</strong></span> <span class='ocrx_word' id='word_1_275' title='bbox 1697 3091 1824 3163; x_wconf 87' lang='lat' dir='ltr'><strong>armati</strong></span> <span class='ocrx_word' id='word_1_276' title='bbox 1837 3088 1884 3162; x_wconf 88' lang='lat' dir='ltr'><strong>ad</strong></span> <span class='ocrx_word' id='word_1_277' title='bbox 1895 3089 2028 3163; x_wconf 86' lang='lat' dir='ltr'><strong>locum</strong></span> 
     </span>
     <span class='ocr_line' id='line_1_23' title="bbox 428 3210 2031 3310; baseline -0.002 -27"><span class='ocrx_word' id='word_1_278' title='bbox 428 3212 627 3284; x_wconf 89' lang='lat' dir='ltr'><strong>traditionis</strong></span> <span class='ocrx_word' id='word_1_279' title='bbox 645 3211 826 3300; x_wconf 84' lang='lat' dir='ltr'><strong>venirent,</strong></span> <span class='ocrx_word' id='word_1_280' title='bbox 848 3225 948 3284; x_wconf 90' lang='lat' dir='ltr'><strong>tanto</strong></span> <span class='ocrx_word' id='word_1_281' title='bbox 967 3210 1081 3306; x_wconf 89' lang='lat' dir='ltr'><strong>major</strong></span> <span class='ocrx_word' id='word_1_282' title='bbox 1098 3212 1266 3308; x_wconf 86' lang='lat' dir='ltr'><strong>patientia</strong></span> <span class='ocrx_word' id='word_1_283' title='bbox 1283 3212 1429 3299; x_wconf 85' lang='lat' dir='ltr'><strong>Domini</strong></span> <span class='ocrx_word' id='word_1_284' title='bbox 1444 3211 1669 3310; x_wconf 88' lang='lat' dir='ltr'><strong>probaretur,</strong></span> <span class='ocrx_word' id='word_1_285' title='bbox 1684 3225 1820 3308; x_wconf 91' lang='lat' dir='ltr'><strong>quanto</strong></span> <span class='ocrx_word' id='word_1_286' title='bbox 1838 3210 2031 3308; x_wconf 88' lang='lat' dir='ltr'><strong>potentior</strong></span> 
     </span>
     <span class='ocr_line' id='line_1_24' title="bbox 429 3328 2030 3429; baseline 0 -29"><span class='ocrx_word' id='word_1_287' title='bbox 429 3332 504 3429; x_wconf 88' lang='lat' dir='ltr'><strong>ipse</strong></span> <span class='ocrx_word' id='word_1_288' title='bbox 522 3332 660 3420; x_wconf 88' lang='lat' dir='ltr'><strong>veniret</strong></span> <span class='ocrx_word' id='word_1_289' title='bbox 677 3332 715 3401; x_wconf 91' lang='lat' dir='ltr'><strong>in</strong></span> <span class='ocrx_word' id='word_1_290' title='bbox 733 3353 797 3402; x_wconf 88' lang='lat' dir='ltr'><strong>sua</strong></span> <span class='ocrx_word' id='word_1_291' title='bbox 809 3328 1030 3402; x_wconf 84' lang='lat' dir='ltr'><strong>defensione.</strong></span> <span class='ocrx_word' id='word_1_292' title='bbox 1048 3331 1171 3402; x_wconf 87' lang='lat' dir='ltr'><strong>Finem</strong></span> <span class='ocrx_word' id='word_1_293' title='bbox 1189 3329 1344 3422; x_wconf 88' lang='lat' dir='ltr'><strong>habent,</strong></span> <span class='ocrx_word' id='word_1_294' title='bbox 1365 3331 1403 3406; x_wconf 93' lang='lat' dir='ltr'><strong>id</strong></span> <span class='ocrx_word' id='word_1_295' title='bbox 1421 3347 1475 3404; x_wconf 90' lang='lat' dir='ltr'><strong>est</strong></span> <span class='ocrx_word' id='word_1_296' title='bbox 1491 3331 1859 3418; x_wconf 87' lang='lat' dir='ltr'><strong>consummationem,</strong></span> <span class='ocrx_word' id='word_1_297' title='bbox 1885 3343 1924 3401; x_wconf 93' lang='lat' dir='ltr'><strong>ut</strong></span> <span class='ocrx_word' id='word_1_298' title='bbox 1943 3330 2030 3426; x_wconf 83' lang='lat' dir='ltr'><strong>ipsa</strong></span> 
     </span>
     <span class='ocr_line' id='line_1_25' title="bbox 338 3447 2029 3549; baseline 0 -29"><span class='ocrx_word' id='word_1_299' title='bbox 338 3493 340 3498; x_wconf 94' lang='lat'>·</span> <span class='ocrx_word' id='word_1_300' title='bbox 431 3451 552 3522; x_wconf 90' lang='lat' dir='ltr'><strong>omnia</strong></span> <span class='ocrx_word' id='word_1_301' title='bbox 572 3448 803 3549; x_wconf 88' lang='lat' dir='ltr'><strong>perficiantur</strong></span> <span class='ocrx_word' id='word_1_302' title='bbox 824 3449 862 3522; x_wconf 92' lang='lat' dir='ltr'><strong>in</strong></span> <span class='ocrx_word' id='word_1_303' title='bbox 884 3472 942 3520; x_wconf 89' lang='lat' dir='ltr'><strong>me</strong></span> <span class='ocrx_word' id='word_1_304' title='bbox 958 3473 1037 3546; x_wconf 87' lang='lat' dir='ltr'><strong>quae</strong></span> <span class='ocrx_word' id='word_1_305' title='bbox 1057 3451 1187 3548; x_wconf 90' lang='lat' dir='ltr'><strong>scripta</strong></span> <span class='ocrx_word' id='word_1_306' title='bbox 1209 3466 1293 3521; x_wconf 92' lang='lat' dir='ltr'><strong>sunt</strong></span> <span class='ocrx_word' id='word_1_307' title='bbox 1311 3449 1357 3522; x_wconf 90' lang='lat' dir='ltr'><strong>de</strong></span> <span class='ocrx_word' id='word_1_308' title='bbox 1375 3475 1445 3524; x_wconf 85' lang='lat' dir='ltr'><strong>rue.</strong></span> <span class='ocrx_word' id='word_1_309' title='bbox 1462 3455 1543 3522; x_wconf 91' lang='lat' dir='ltr'><strong>Duo</strong></span> <span class='ocrx_word' id='word_1_310' title='bbox 1567 3465 1684 3524; x_wconf 89' lang='lat' dir='ltr'><strong>autem</strong></span> <span class='ocrx_word' id='word_1_311' title='bbox 1705 3447 1812 3546; x_wconf 90' lang='lat' dir='ltr'><strong>gladii</strong></span> <span class='ocrx_word' id='word_1_312' title='bbox 1824 3447 1874 3520; x_wconf 90' lang='lat' dir='ltr'><strong>illi</strong></span> <span class='ocrx_word' id='word_1_313' title='bbox 1890 3448 1963 3520; x_wconf 85' lang='lat' dir='ltr'><strong>sive</strong></span> <span class='ocrx_word' id='word_1_314' title='bbox 1982 3449 2029 3520; x_wconf 91' lang='lat' dir='ltr'><strong>in</strong></span> 
     </span>
     <span class='ocr_line' id='line_1_26' title="bbox 430 3567 2030 3669; baseline 0.001 -31"><span class='ocrx_word' id='word_1_315' title='bbox 430 3595 531 3642; x_wconf 86' lang='lat' dir='ltr'><strong>coena</strong></span> <span class='ocrx_word' id='word_1_316' title='bbox 549 3571 694 3642; x_wconf 90' lang='lat' dir='ltr'><strong>Domini</strong></span> <span class='ocrx_word' id='word_1_317' title='bbox 711 3569 858 3640; x_wconf 85' lang='lat' dir='ltr'><strong>fortuitu</strong></span> <span class='ocrx_word' id='word_1_318' title='bbox 878 3569 1030 3666; x_wconf 89' lang='lat' dir='ltr'><strong>reperti,</strong></span> <span class='ocrx_word' id='word_1_319' title='bbox 1052 3569 1125 3642; x_wconf 85' lang='lat' dir='ltr'><strong>sive</strong></span> <span class='ocrx_word' id='word_1_320' title='bbox 1148 3567 1193 3640; x_wconf 92' lang='lat' dir='ltr'><strong>ab</strong></span> <span class='ocrx_word' id='word_1_321' title='bbox 1217 3569 1392 3666; x_wconf 82' lang='lat' dir='ltr'><strong>aliquibus</strong></span> <span class='ocrx_word' id='word_1_322' title='bbox 1409 3569 1688 3669; x_wconf 86' lang='lat' dir='ltr'><strong>discipulorum,</strong></span> <span class='ocrx_word' id='word_1_323' title='bbox 1709 3569 2030 3666; x_wconf 83' lang='lat' dir='ltr'><strong>imminente&#39;pas·</strong></span> 
     </span>
     <span class='ocr_line' id='line_1_27' title="bbox 431 3685 2028 3788; baseline 0 -28"><span class='ocrx_word' id='word_1_324' title='bbox 431 3690 544 3780; x_wconf 92' lang='lat' dir='ltr'><strong>sione,</strong></span> <span class='ocrx_word' id='word_1_325' title='bbox 559 3690 606 3761; x_wconf 89' lang='lat' dir='ltr'><strong>ad</strong></span> <span class='ocrx_word' id='word_1_326' title='bbox 617 3690 879 3788; x_wconf 90' lang='lat' dir='ltr'><strong>protectionem</strong></span> <span class='ocrx_word' id='word_1_327' title='bbox 890 3685 961 3760; x_wconf 91' lang='lat' dir='ltr'><strong>illic</strong></span> <span class='ocrx_word' id='word_1_328' title='bbox 975 3687 1082 3779; x_wconf 88' lang='lat' dir='ltr'><strong>allati,</strong></span> <span class='ocrx_word' id='word_1_329' title='bbox 1098 3687 1191 3760; x_wconf 92' lang='lat' dir='ltr'><strong>duos</strong></span> <span class='ocrx_word' id='word_1_330' title='bbox 1203 3689 1241 3761; x_wconf 93' lang='lat' dir='ltr'><strong>in</strong></span> <span class='ocrx_word' id='word_1_331' title='bbox 1252 3689 1408 3764; x_wconf 86' lang='lat' dir='ltr'><strong>Ecclesia</strong></span> <span class='ocrx_word' id='word_1_332' title='bbox 1419 3689 1556 3787; x_wconf 89' lang='lat' dir='ltr'><strong>gladios</strong></span> <span class='ocrx_word' id='word_1_333' title='bbox 1569 3687 1788 3788; x_wconf 85' lang='lat' dir='ltr'><strong>significant,</strong></span> <span class='ocrx_word' id='word_1_334' title='bbox 1799 3688 2028 3762; x_wconf 85' lang='lat' dir='ltr'><strong>materialem</strong></span> 
     </span>
     <span class='ocr_line' id='line_1_28' title="bbox 430 3805 2031 3909; baseline -0.001 -28"><span class='ocrx_word' id='word_1_335' title='bbox 430 3834 503 3906; x_wconf 93' lang='lat' dir='ltr'><strong>quo</strong></span> <span class='ocrx_word' id='word_1_336' title='bbox 522 3835 584 3881; x_wconf 84' lang='lat' dir='ltr'><strong>rex</strong></span> <span class='ocrx_word' id='word_1_337' title='bbox 601 3809 710 3880; x_wconf 90' lang='lat' dir='ltr'><strong>utitur</strong></span> <span class='ocrx_word' id='word_1_338' title='bbox 732 3809 770 3882; x_wconf 91' lang='lat' dir='ltr'><strong>in</strong></span> <span class='ocrx_word' id='word_1_339' title='bbox 789 3805 945 3880; x_wconf 87' lang='lat' dir='ltr'><strong>vindicta</strong></span> <span class='ocrx_word' id='word_1_340' title='bbox 962 3808 1161 3906; x_wconf 87' lang='lat' dir='ltr'><strong>corporali,</strong></span> <span class='ocrx_word' id='word_1_341' title='bbox 1182 3823 1217 3880; x_wconf 89' lang='lat' dir='ltr'><strong>et</strong></span> <span class='ocrx_word' id='word_1_342' title='bbox 1232 3808 1426 3909; x_wconf 83' lang='lat' dir='ltr'><strong>spiritalem</strong></span> <span class='ocrx_word' id='word_1_343' title='bbox 1446 3833 1519 3907; x_wconf 91' lang='lat' dir='ltr'><strong>quo</strong></span> <span class='ocrx_word' id='word_1_344' title='bbox 1540 3809 1696 3884; x_wconf 90' lang='lat' dir='ltr'><strong>animam</strong></span> <span class='ocrx_word' id='word_1_345' title='bbox 1710 3807 1875 3882; x_wconf 84' lang='lat' dir='ltr'><strong>sacerdos</strong></span> <span class='ocrx_word' id='word_1_346' title='bbox 1894 3830 2031 3906; x_wconf 75' lang='lat' dir='ltr'><strong>peruu-</strong></span> 
     </span>
     <span class='ocr_line' id='line_1_29' title="bbox 431 3919 2024 4027; baseline 0.001 -29"><span class='ocrx_word' id='word_1_347' title='bbox 431 3929 471 4000; x_wconf 92' lang='lat' dir='ltr'><strong>tit</strong></span> <span class='ocrx_word' id='word_1_348' title='bbox 482 3952 546 4026; x_wconf 92' lang='lat' dir='ltr'><strong>per</strong></span> <span class='ocrx_word' id='word_1_349' title='bbox 560 3927 771 3999; x_wconf 90' lang='lat' dir='ltr'><strong>sententiam</strong></span> <span class='ocrx_word' id='word_1_350' title='bbox 786 3919 1175 4000; x_wconf 84' lang='lat' dir='ltr'><strong>excommunicationis.</strong></span> <span class='ocrx_word' id='word_1_351' title='bbox 1188 3933 1292 4000; x_wconf 89' lang='lat' dir='ltr'><strong>Hunc</strong></span> <span class='ocrx_word' id='word_1_352' title='bbox 1303 3927 1495 4027; x_wconf 88' lang='lat' dir='ltr'><strong>spiritalem</strong></span> <span class='ocrx_word' id='word_1_353' title='bbox 1510 3927 1667 4026; x_wconf 88' lang='lat' dir='ltr'><strong>gladium</strong></span> <span class='ocrx_word' id='word_1_354' title='bbox 1681 3932 1805 4000; x_wconf 89' lang='lat' dir='ltr'><strong>Petrus</strong></span> <span class='ocrx_word' id='word_1_355' title='bbox 1819 3949 2024 4018; x_wconf 86' lang='lat' dir='ltr'><strong>assumens,</strong></span> 
     </span>
     <span class='ocr_line' id='line_1_30' title="bbox 430 4045 2029 4146; baseline 0.001 -28"><span class='ocrx_word' id='word_1_356' title='bbox 430 4047 624 4120; x_wconf 87' lang='lat' dir='ltr'><strong>auriculam</strong></span> <span class='ocrx_word' id='word_1_357' title='bbox 642 4047 718 4142; x_wconf 91' lang='lat' dir='ltr'><strong>ejus</strong></span> <span class='ocrx_word' id='word_1_358' title='bbox 736 4045 896 4119; x_wconf 84' lang='lat' dir='ltr'><strong>dextram</strong></span> <span class='ocrx_word' id='word_1_359' title='bbox 913 4046 1079 4137; x_wconf 90' lang='lat' dir='ltr'><strong>abscidit,</strong></span> <span class='ocrx_word' id='word_1_360' title='bbox 1100 4050 1162 4144; x_wconf 91' lang='lat' dir='ltr'><strong>qui</strong></span> <span class='ocrx_word' id='word_1_361' title='bbox 1183 4046 1352 4120; x_wconf 86' lang='lat' dir='ltr'><strong>adversus</strong></span> <span class='ocrx_word' id='word_1_362' title='bbox 1373 4048 1552 4122; x_wconf 88' lang='lat' dir='ltr'><strong>Christum</strong></span> <span class='ocrx_word' id='word_1_363' title='bbox 1569 4050 1686 4139; x_wconf 88' lang='lat' dir='ltr'><strong>venit,</strong></span> <span class='ocrx_word' id='word_1_364' title='bbox 1706 4049 1792 4146; x_wconf 90' lang='lat' dir='ltr'><strong>quia</strong></span> <span class='ocrx_word' id='word_1_365' title='bbox 1808 4049 1871 4146; x_wconf 92' lang='lat' dir='ltr'><strong>qui</strong></span> <span class='ocrx_word' id='word_1_366' title='bbox 1889 4045 2029 4120; x_wconf 86' lang='lat' dir='ltr'><strong>Christi</strong></span> 
     </span>
     <span class='ocr_line' id='line_1_31' title="bbox 431 4168 2029 4268; baseline 0.001 -27"><span class='ocrx_word' id='word_1_367' title='bbox 431 4171 628 4242; x_wconf 91' lang='lat' dir='ltr'><strong>contrarius</strong></span> <span class='ocrx_word' id='word_1_368' title='bbox 647 4183 700 4239; x_wconf 91' lang='lat' dir='ltr'><strong>est</strong></span> <span class='ocrx_word' id='word_1_369' title='bbox 718 4169 921 4267; x_wconf 78' lang='lat' dir='ltr'><strong>praeceptis,</strong></span> <span class='ocrx_word' id='word_1_370' title='bbox 945 4169 1120 4241; x_wconf 90' lang='lat' dir='ltr'><strong>sententia</strong></span> <span class='ocrx_word' id='word_1_371' title='bbox 1142 4169 1321 4242; x_wconf 84' lang='lat' dir='ltr'><strong>feriendus</strong></span> <span class='ocrx_word' id='word_1_372' title='bbox 1341 4185 1394 4242; x_wconf 87' lang='lat' dir='ltr'><strong>est</strong></span> <span class='ocrx_word' id='word_1_373' title='bbox 1410 4169 1643 4268; x_wconf 85' lang='lat' dir='ltr'><strong>anathematis</strong></span> <span class='ocrx_word' id='word_1_374' title='bbox 1661 4197 1668 4242; x_wconf 82' lang='lat' dir='ltr'><strong>t</strong></span> <span class='ocrx_word' id='word_1_375' title='bbox 1684 4184 1721 4242; x_wconf 89' lang='lat' dir='ltr'><strong>et</strong></span> <span class='ocrx_word' id='word_1_376' title='bbox 1741 4170 1792 4243; x_wconf 90' lang='lat' dir='ltr'><strong>sic</strong></span> <span class='ocrx_word' id='word_1_377' title='bbox 1813 4169 1846 4240; x_wconf 87' lang='lat' dir='ltr'><strong>ei</strong></span> <span class='ocrx_word' id='word_1_378' title='bbox 1860 4168 2029 4242; x_wconf 57' lang='lat' dir='ltr'><strong>,auncula</strong></span> 
     </span>
     <span class='ocr_line' id='line_1_32' title="bbox 432 4287 2031 4390; baseline 0.002 -29"><span class='ocrx_word' id='word_1_379' title='bbox 432 4290 553 4362; x_wconf 85' lang='lat' dir='ltr'><strong>dextra</strong></span> <span class='ocrx_word' id='word_1_380' title='bbox 572 4303 789 4387; x_wconf 87' lang='lat' dir='ltr'><strong>amputatur,</strong></span> <span class='ocrx_word' id='word_1_381' title='bbox 813 4287 901 4359; x_wconf 92' lang='lat' dir='ltr'><strong>dum</strong></span> <span class='ocrx_word' id='word_1_382' title='bbox 927 4312 947 4359; x_wconf 89' lang='lat' dir='ltr'><strong>a</strong></span> <span class='ocrx_word' id='word_1_383' title='bbox 972 4288 1083 4360; x_wconf 89' lang='lat' dir='ltr'><strong>divini</strong></span> <span class='ocrx_word' id='word_1_384' title='bbox 1103 4289 1204 4364; x_wconf 85' lang='lat' dir='ltr'><strong>verbi</strong></span> <span class='ocrx_word' id='word_1_385' title='bbox 1227 4290 1476 4390; x_wconf 74' lang='lat' dir='ltr'><strong>praedicatione</strong></span> <span class='ocrx_word' id='word_1_386' title='bbox 1495 4306 1712 4382; x_wconf 88' lang='lat' dir='ltr'><strong>removetur,</strong></span> <span class='ocrx_word' id='word_1_387' title='bbox 1733 4304 1770 4361; x_wconf 90' lang='lat' dir='ltr'><strong>ct</strong></span> <span class='ocrx_word' id='word_1_388' title='bbox 1798 4290 1830 4361; x_wconf 91' lang='lat' dir='ltr'><strong>ei</strong></span> <span class='ocrx_word' id='word_1_389' title='bbox 1858 4287 2031 4364; x_wconf 75' lang='lat' dir='ltr'><strong>Ecclesiae</strong></span> 
     </span>
     <span class='ocr_line' id='line_1_33' title="bbox 432 4406 2031 4507; baseline 0.001 -26"><span class='ocrx_word' id='word_1_390' title='bbox 432 4409 547 4481; x_wconf 88' lang='lat' dir='ltr'><strong>aditus</strong></span> <span class='ocrx_word' id='word_1_391' title='bbox 561 4407 795 4482; x_wconf 86' lang='lat' dir='ltr'><strong>interdicitur.</strong></span> <span class='ocrx_word' id='word_1_392' title='bbox 813 4407 959 4479; x_wconf 88' lang='lat' dir='ltr'><strong>Sinistra</strong></span> <span class='ocrx_word' id='word_1_393' title='bbox 982 4407 1116 4507; x_wconf 94' lang='lat' dir='ltr'><strong>quippe</strong></span> <span class='ocrx_word' id='word_1_394' title='bbox 1137 4409 1232 4482; x_wconf 90' lang='lat' dir='ltr'><strong>auris</strong></span> <span class='ocrx_word' id='word_1_395' title='bbox 1257 4422 1330 4500; x_wconf 88' lang='lat' dir='ltr'><strong>est,</strong></span> <span class='ocrx_word' id='word_1_396' title='bbox 1349 4431 1421 4507; x_wconf 92' lang='lat' dir='ltr'><strong>qua</strong></span> <span class='ocrx_word' id='word_1_397' title='bbox 1437 4411 1586 4488; x_wconf 86' lang='lat' dir='ltr'><strong>terrenis</strong></span> <span class='ocrx_word' id='word_1_398' title='bbox 1600 4409 1841 4499; x_wconf 84' lang='lat' dir='ltr'><strong>intendimus,</strong></span> <span class='ocrx_word' id='word_1_399' title='bbox 1865 4406 1953 4480; x_wconf 93' lang='lat' dir='ltr'><strong>dum</strong></span> <span class='ocrx_word' id='word_1_400' title='bbox 1974 4408 2031 4482; x_wconf 90' lang='lat' dir='ltr'><strong>de</strong></span> 
     </span>
     <span class='ocr_line' id='line_1_34' title="bbox 432 4525 2030 4628; baseline 0.001 -30"><span class='ocrx_word' id='word_1_401' title='bbox 432 4529 487 4600; x_wconf 90' lang='lat' dir='ltr'><strong>his</strong></span> <span class='ocrx_word' id='word_1_402' title='bbox 505 4529 724 4599; x_wconf 87' lang='lat' dir='ltr'><strong>instruimur.</strong></span> <span class='ocrx_word' id='word_1_403' title='bbox 754 4531 907 4601; x_wconf 83' lang='lat' dir='ltr'><strong>Dextera</strong></span> <span class='ocrx_word' id='word_1_404' title='bbox 928 4551 1014 4602; x_wconf 81' lang='lat' dir='ltr'><strong>vero</strong></span> <span class='ocrx_word' id='word_1_405' title='bbox 1039 4528 1133 4600; x_wconf 88' lang='lat' dir='ltr'><strong>auris</strong></span> <span class='ocrx_word' id='word_1_406' title='bbox 1157 4543 1231 4620; x_wconf 90' lang='lat' dir='ltr'><strong>est,</strong></span> <span class='ocrx_word' id='word_1_407' title='bbox 1257 4553 1338 4626; x_wconf 85' lang='lat' dir='ltr'><strong>quae</strong></span> <span class='ocrx_word' id='word_1_408' title='bbox 1356 4528 1411 4602; x_wconf 90' lang='lat' dir='ltr'><strong>his</strong></span> <span class='ocrx_word' id='word_1_409' title='bbox 1431 4529 1593 4602; x_wconf 91' lang='lat' dir='ltr'><strong>auditum</strong></span> <span class='ocrx_word' id='word_1_410' title='bbox 1602 4528 1770 4628; x_wconf 84' lang='lat' dir='ltr'><strong>praebet,</strong></span> <span class='ocrx_word' id='word_1_411' title='bbox 1790 4553 1869 4626; x_wconf 87' lang='lat' dir='ltr'><strong>quae</strong></span> <span class='ocrx_word' id='word_1_412' title='bbox 1885 4525 1930 4599; x_wconf 89' lang='lat' dir='ltr'><strong>de</strong></span> <span class='ocrx_word' id='word_1_413' title='bbox 1950 4551 2030 4600; x_wconf 77' lang='lat' dir='ltr'><strong>cm-</strong></span> 
     </span>
     <span class='ocr_line' id='line_1_35' title="bbox 431 4647 2031 4751; baseline 0.001 -31"><span class='ocrx_word' id='word_1_414' title='bbox 431 4649 594 4741; x_wconf 86' lang='lat' dir='ltr'><strong>lestibus,</strong></span> <span class='ocrx_word' id='word_1_415' title='bbox 610 4648 667 4721; x_wconf 91' lang='lat' dir='ltr'><strong>vel</strong></span> <span class='ocrx_word' id='word_1_416' title='bbox 683 4672 764 4746; x_wconf 85' lang='lat' dir='ltr'><strong>qnae</strong></span> <span class='ocrx_word' id='word_1_417' title='bbox 786 4647 999 4720; x_wconf 87' lang='lat' dir='ltr'><strong>adsalutem</strong></span> <span class='ocrx_word' id='word_1_418' title='bbox 1020 4649 1146 4722; x_wconf 84' lang='lat' dir='ltr'><strong>animae</strong></span> <span class='ocrx_word' id='word_1_419' title='bbox 1166 4651 1365 4749; x_wconf 87' lang='lat' dir='ltr'><strong>pertinent,</strong></span> <span class='ocrx_word' id='word_1_420' title='bbox 1381 4651 1630 4751; x_wconf 69' lang='lat' dir='ltr'><strong>praedicantia.</strong></span> <span class='ocrx_word' id='word_1_421' title='bbox 1652 4651 1762 4739; x_wconf 89' lang='lat' dir='ltr'><strong>Quod</strong></span> <span class='ocrx_word' id='word_1_422' title='bbox 1786 4653 2031 4748; x_wconf 69' lang='lat' dir='ltr'><strong>ergo,Peuns</strong></span> 
     </span>
     <span class='ocr_line' id='line_1_36' title="bbox 433 4766 2029 4868; baseline -0.001 -26"><span class='ocrx_word' id='word_1_423' title='bbox 433 4771 519 4868; x_wconf 89' lang='lat' dir='ltr'><strong>egit,</strong></span> <span class='ocrx_word' id='word_1_424' title='bbox 538 4768 702 4866; x_wconf 87' lang='lat' dir='ltr'><strong>quamvis</strong></span> <span class='ocrx_word' id='word_1_425' title='bbox 721 4768 759 4856; x_wconf 91' lang='lat' dir='ltr'><strong>in</strong></span> <span class='ocrx_word' id='word_1_426' title='bbox 776 4792 886 4867; x_wconf 89' lang='lat' dir='ltr'><strong>opere</strong></span> <span class='ocrx_word' id='word_1_427' title='bbox 905 4769 950 4841; x_wconf 91' lang='lat' dir='ltr'><strong>sit</strong></span> <span class='ocrx_word' id='word_1_428' title='bbox 966 4767 1325 4867; x_wconf 87' lang='lat' dir='ltr'><strong>reprehendendum,</strong></span> <span class='ocrx_word' id='word_1_429' title='bbox 1344 4772 1380 4844; x_wconf 90' lang='lat' dir='ltr'><strong>in</strong></span> <span class='ocrx_word' id='word_1_430' title='bbox 1400 4772 1568 4868; x_wconf 84' lang='lat' dir='ltr'><strong>mysterio</strong></span> <span class='ocrx_word' id='word_1_431' title='bbox 1591 4785 1710 4842; x_wconf 67' lang='lat' dir='ltr'><strong>umen</strong></span> <span class='ocrx_word' id='word_1_432' title='bbox 1729 4783 1783 4848; x_wconf 81' lang='lat' dir='ltr'><strong>est</strong></span> <span class='ocrx_word' id='word_1_433' title='bbox 1803 4766 2029 4843; x_wconf 86' lang='lat' dir='ltr'><strong>officiosum.</strong></span> 
     </span>
     <span class='ocr_line' id='line_1_37' title="bbox 435 4888 2032 4992; baseline 0.001 -30"><span class='ocrx_word' id='word_1_434' title='bbox 435 4890 601 4962; x_wconf 84' lang='lat' dir='ltr'><strong>Officium</strong></span> <span class='ocrx_word' id='word_1_435' title='bbox 619 4889 753 4987; x_wconf 89' lang='lat' dir='ltr'><strong>quippe</strong></span> <span class='ocrx_word' id='word_1_436' title='bbox 771 4888 901 4965; x_wconf 88' lang='lat' dir='ltr'><strong>dicitur</strong></span> <span class='ocrx_word' id='word_1_437' title='bbox 915 4904 1014 4980; x_wconf 79' lang='lat' dir='ltr'><strong>actus</strong></span> <span class='ocrx_word' id='word_1_438' title='bbox 1027 4890 1156 4988; x_wconf 87' lang='lat' dir='ltr'><strong>cuique</strong></span> <span class='ocrx_word' id='word_1_439' title='bbox 1168 4915 1328 4990; x_wconf 83' lang='lat' dir='ltr'><strong>personae</strong></span> <span class='ocrx_word' id='word_1_440' title='bbox 1341 4916 1533 4992; x_wconf 87' lang='lat' dir='ltr'><strong>congruus.</strong></span> <span class='ocrx_word' id='word_1_441' title='bbox 1545 4897 1645 4968; x_wconf 76' lang='lat' dir='ltr'><strong>,Bene</strong></span> <span class='ocrx_word' id='word_1_442' title='bbox 1659 4907 1777 4964; x_wconf 88' lang='lat' dir='ltr'><strong>autem</strong></span> <span class='ocrx_word' id='word_1_443' title='bbox 1791 4890 1886 4970; x_wconf 85' lang='lat' dir='ltr'><strong>auris</strong></span> <span class='ocrx_word' id='word_1_444' title='bbox 1898 4889 2032 4964; x_wconf 78' lang='lat' dir='ltr'><strong>dextra</strong></span> 
     </span>
    </p>
   </div>
   <div class='ocr_carea' id='block_1_3' title="bbox 1750 5068 1768 5100">
    <p class='ocr_par' dir='ltr' id='par_1_3' title="bbox 1750 5068 1768 5100">
     <span class='ocr_line' id='line_1_38' title="bbox 1750 5068 1768 5100; baseline 0 0"><span class='ocrx_word' id='word_1_445' title='bbox 1750 5068 1768 5100; x_wconf 66' lang='grc' dir='ltr'>ὗ</span> 
     </span>
    </p>
   </div>
   <div class='ocr_carea' id='block_1_4' title="bbox 473 5155 811 5224">
    <p class='ocr_par' dir='ltr' id='par_1_4' title="bbox 473 5155 811 5224">
     <span class='ocr_line' id='line_1_39' title="bbox 473 5155 811 5224; baseline -0.003 -14"><span class='ocrx_word' id='word_1_446' title='bbox 473 5155 480 5182; x_wconf 79' lang='grc'><strong>“</strong></span> <span class='ocrx_word' id='word_1_447' title='bbox 498 5161 571 5222; x_wconf 80' lang='lat' dir='ltr'><strong>Luc,</strong></span> <span class='ocrx_word' id='word_1_448' title='bbox 583 5174 638 5224; x_wconf 86' lang='lat' dir='ltr'><strong>cap.</strong></span> <span class='ocrx_word' id='word_1_449' title='bbox 652 5172 703 5208; x_wconf 74' lang='grc' dir='ltr'>ιιι-ι</span> <span class='ocrx_word' id='word_1_450' title='bbox 716 5171 756 5220; x_wconf 73' lang='lat' dir='ltr'><strong>,u</strong></span> <span class='ocrx_word' id='word_1_451' title='bbox 769 5158 811 5209; x_wconf 73' lang='lat'><strong>85.</strong></span> 
     </span>
    </p>
   </div>
   <div class='ocr_carea' id='block_1_5' title="bbox 0 0 2260 6101">
    <p class='ocr_par' dir='ltr' id='par_1_5' title="bbox 0 0 2260 6101">
     <span class='ocr_line' id='line_1_40' title="bbox 0 0 2260 6101; baseline 0 0"><span class='ocrx_word' id='word_1_452' title='bbox 0 0 2260 6101; x_wconf 95' lang='lat' dir='ltr'><strong> </strong></span> 
     </span>
    </p>
   </div>
  </div>
 </body>
</html>
