4590 6110
965 531 1200 606 APPENDlX.
1803 529 1874 604 705

292 674 383 769 quod
402 673 563 770 plurimas
580 674 712 746 evasisti
733 677 917 770 passiones,
933 676 1056 772 quibus
1072 677 1268 772 frequenter
1282 673 1495 770 quatiuntur,
1509 673 1567 769 qui
1584 671 1651 742 tale
1667 670 1795 768 aliquid
1812 673 1876 742 mi-

292 795 383 864 nime
397 793 639 890 perdiderunt:
651 809 685 864 et
702 795 825 889 quibus
838 820 1052 892 nequaquam
1065 811 1226 867 tenentur
1235 793 1392 881 obnoxii,
1413 808 1452 863 ut
1469 793 1598 888 physici
1615 791 1803 882 ailimrant,
1818 792 1877 888 qui

261 969 265 978 .
291 912 391 1006 hujus
411 915 516 1008 partis
535 915 687 1009 corporis
707 915 897 1010 privatione
919 915 961 984 ab
982 917 1076 986 omni
1097 914 1256 986 felicitate
1273 939 1307 985 se
1325 914 1484 984 cecidisse
1505 911 1719 983 stolidissime
1740 920 1874 1006 putant.

290 1033 425 1104 Deinde
442 1050 553 1105 autem
570 1035 663 1130 quod
681 1035 802 1106 ardore
821 1034 971 1106 libidinis
986 1051 1020 1106 et
1038 1036 1177 1107 luxuriae
1193 1037 1334 1126 lacibus,
1351 1059 1421 1132 quo
1437 1033 1526 1105 malo
1542 1032 1722 1129 aliquando
1735 1047 1879 1129 tangun-

222 1229 225 1236 .
291 1168 348 1224 tur
369 1156 471 1226 etiam
492 1157 616 1244 sancti,
641 1155 767 1226 nullam
788 1182 829 1228 cx
850 1157 916 1228 hoc
933 1158 1003 1252 jam
1025 1158 1089 1229 nisi
1110 1156 1180 1229 sola
1196 1157 1400 1254 cogitatione
1422 1157 1559 1252 patieris
1575 1156 1785 1226 vexationem
1797 1166 1807 1222 t
1820 1153 1878 1223 sed

291 1274 438 1343 extincta
452 1272 564 1344 feralis
578 1273 713 1344 [lamma
729 1275 892 1365 incendii,
908 1277 951 1346 ad
969 1293 1002 1347 te
1014 1277 1130 1347 redeas
1143 1299 1275 1348 necesse
1287 1292 1350 1366 est,
1365 1291 1593 1370 mentemque,
1608 1299 1683 1369 quae
1697 1299 1758 1369 per
1773 1271 1878 1343 multa

291 1405 326 1461 et
343 1391 455 1462 dulcia
471 1390 611 1462 luxuriae
629 1394 757 1464 insania
774 1395 975 1490 vagabatur,
995 1397 1031 1466 in
1049 1394 1194 1466 solidum
1216 1393 1400 1490 recolligas.
1428 1397 1502 1465 lam
1524 1394 1650 1490 poteris
1668 1392 1766 1482 liber,
1787 1391 1879 1462 nulla

292 1527 494 1583 retractante
511 1511 665 1603 libidine,
685 1515 837 1585 omnium
855 1515 924 1592 vias
939 1541 1143 1612 cognoscere
1165 1517 1349 1605 rationum,
1366 1531 1399 1585 et
1415 1540 1543 1614 causas,
1567 1539 1649 1610 quas
1665 1530 1724 1584 aut
1741 1539 1875 1609 parum,

291 1645 350 1700 aut
375 1630 460 1701 nihil
481 1633 696 1727 percipiunt,
719 1634 778 1728 qui
800 1658 863 1728 per
882 1633 1013 1704 diversa
1036 1633 1187 1708 libidinis
1210 1621 1429 1705 incitamenta
1449 1649 1638 1730 raptantur.
1662 1634 1759 1704 Adde
1786 1632 1879 1729 quod

292 1751 435 1846 pecunia
452 1765 523 1841 tua,
540 1752 568 1822 si
585 1778 687 1848 quam
707 1754 770 1824 tibi
791 1753 916 1824 hahere
934 1754 1066 1824 licuerit
1087 1755 1177 1851 (non
1198 1756 1289 1825 enim
1312 1771 1362 1826 est
1382 1755 1627 1826 monachorum
1652 1756 1724 1826 sine
1744 1751 1879 1824 licentia

290 1872 468 1967 proprium
486 1872 568 1968 quid
585 1867 744 1970 habere),
764 1875 940 1956 vexatione
960 1875 1221 1962 distrahentium
1239 1877 1391 1946 nouerit
1409 1875 1567 1946 obnoxia.
1584 1874 1718 1946 almodo
1741 1873 1881 1970 incipies

291 1989 465 2086 possidere
478 1987 569 2086 quod
588 1991 703 2063 multis
716 1991 818 2089 paulo
835 2009 913 2064 ante
930 1995 1179 2066 distrahebatur
1197 1995 1505 2067 eviscerationibus.
1526 1998 1602 2066 Hoc
1615 2019 1751 2091 quoque
1768 1997 1881 2090 magni

290 2113 479 2183 existimare
496 2109 615 2203 debes,
636 2115 728 2210 quod
742 2115 824 2186 nulli
843 2131 1028 2212 suspectus,
1045 2116 1088 2185 ab
1106 2118 1200 2186 omui
1221 2118 1353 2212 hospite
1370 2118 1493 2213 hospes
1510 2117 1674 2188 tutissime
1692 2116 1877 2211 recipiaris.

289 2237 433 2306 Maritus
451 2237 565 2307 uxoris
581 2236 795 2306 violationem
813 2261 854 2306 ex
870 2252 924 2324 te,
943 2235 995 2306 vel
1013 2236 1124 2307 lectuli
1143 2239 1397 2308 concussionem
1417 2238 1556 2308 minime
1575 2235 1786 2308 formidabit.
1812 2238 1883 2305 De-

290 2357 479 2426 centissime
491 2371 688 2426 ornatarum
702 2335 833 2426 turmas
850 2371 1084 2426 matronarum
1098 2353 1338 2426 inviolabiliter
1355 2355 1587 2451 pertransibis.
1607 2355 1789 2448 Virginum
1806 2355 1887 2424 cho·

292 2501 347 2545 ros
364 2475 448 2546 llore
465 2476 653 2571 juventutis
673 2474 941 2572 splendentium,
964 2499 1038 2570 quae
1053 2476 1154 2546 etiam
1173 2499 1268 2546 senes
1281 2476 1352 2570 jam
1364 2473 1477 2549 calore
1492 2474 1604 2545 carnis
1623 2473 1801 2544 destitutos
1818 2476 1885 2544 suis

292 2731 326 2785 et
342 2714 497 2810 laqueos,
515 2741 651 2788 securus
669 2731 703 2786 et
723 2717 795 2786 sine
815 2731 953 2811 peccato
972 2714 1161 2787 miraberis.
1187 2715 1439 2786 Sodomitarum
1457 2729 1603 2786 secretos
1619 2739 1779 2805 recessus,
1799 2740 1885 2811 quos

292 2833 478 2906 detestatur
486 2859 589 2931 super
605 2860 727 2906 ornnes.
735 2835 947 2931 turpissimos
963 2834 1086 2905 divinae
1097 2835 1381 2930 justitiaeveritas,
1394 2849 1555 2904 eteorum
1569 2834 1681 2930 turpia
1692 2848 1726 2906 et
1738 2833 1885 2931 maligna

292 2956 480 3046 consortia,
498 2979 574 3052 quae
588 2955 724 3053 quidem
743 2980 876 3050 semper
893 2955 1012 3042 odisti,
1034 2954 1215 3026 decaetero
1235 2971 1268 3026 te
1289 2955 1361 3026 sinc
1383 2954 1632 3025 intermissione
1648 2954 1755 3038 vitare
1767 2979 1885 3026 verum

291 3053 353 3146 est.
379 3079 424 3146 Et
445 3077 586 3146 omnino
610 3065 687 3173 p'ost
711 3075 774 3146 hos
794 3076 893 3170 hujus
918 3073 1139 3171 fragilissimae
1160 3075 1350 3172 fragilitatis
1372 3075 1500 3164 fluxus,
1523 3069 1616 3170 quod
1638 3099 1798 3172 magnum
1817 3078 1889 3163 Dei

292 3195 408 3292 gratiae
424 3219 547 3268 munus
559 3198 595 3266 in
612 3197 679 3267 hoc
692 3195 813 3266 ordine
831 3195 975 3286 aestimo,
993 3209 1178 3266 nocturnas
1194 3195 1404 3266 somniorum
1422 3192 1595 3266 illusiones
1611 3209 1645 3264 te
1659 3196 1798 3266 minime
1811 3221 1886 3268 seu-

293 3317 357 3386 tire
374 3315 421 3386 ita
437 3331 566 3386 certum
580 3329 642 3405 est,
663 3316 749 3386 sicut
767 3328 897 3386 certum
911 3328 974 3403 est,
993 3315 1155 3408 quorum
1169 3312 1395 3404 voluntatem,
1412 3314 1440 3384 si
1457 3313 1546 3385 forte
1564 3313 1687 3404 aderit,
1707 3313 1819 3386 nullus
1834 3342 1886 3392 ae·

293 3447 417 3530 quetur
433 3433 586 3504 effectus.
605 3433 798 3504 Blanditiae¹
810 3434 937 3521 uxoris,
950 3457 1200 3529 corporumque
1212 3447 1398 3522 contactus,
1412 3434 1484 3503 sinc
1497 3459 1566 3528 quo
1579 3457 1667 3503 uxor
1681 3433 1799 3503 baberi
1815 3459 1886 3504 non
2007 3497 2010 3503 Α

294 3570 424 3650 potest,
448 3580 487 3626 ac
509 3551 696 3625 liberorum
719 3577 801 3625 cura
823 3551 1014 3648 singularis,
1034 3554 1215 3648 quominus
1239 3555 1315 3623 Deo
1337 3552 1468 3648 placeas
1485 3553 1626 3623 minime
1648 3553 1881 3626 retardabunt.

292 3673 404 3762 Quam
423 3699 583 3770 magnum
601 3673 744 3744 aestimas
762 3672 908 3762 bonum,
929 3672 1093 3767 peccandi
1113 3669 1269 3766 periculis
1288 3686 1321 3742 te
1344 3671 1515 3762 subtrahi,
1536 3686 1571 3742 et
1586 3671 1623 3741 in
1636 3696 1706 3742 nou
1723 3673 1885 3768 peccandi

294 3797 472 3866 securitate
497 3793 680 3866 constitui?
704 3794 894 3864 Leoninam
918 3795 1033 3888 itaque
1054 3793 1270 3864 meretricum
1292 3789 1473 3880 ferociam,
1493 3816 1597 3888 quam
1619 3794 1767 3888 primum
1785 3795 1829 3864 ad
1850 3820 1885 3866 se

295 3913 546 3985 introeuntibus
568 3911 768 4004 ostendunt,
792 3913 994 4008 serpentina
1015 3911 1224 4020 deceptionis
1246 3908 1420 3998 astutiam,
1444 3910 1586 4005 captive
1606 3935 1722 3982 earum
1745 3909 1884 3982 luxuria

295 4031 577 4104 incontinentiam
592 4031 720 4127 poteris
735 4029 843 4103 vitare
856 4031 1032 4128 superbus.
1048 4029 1152 4120 Quod
1170 4028 1294 4126 loquor
1307 4026 1425 4098 melius
1441 4028 1483 4098 de
1500 4025 1631 4124 reliquo
1649 4053 1766 4099 rerum
1780 4055 1886 4126 expe·-

296 4151 418 4223 rientia
432 4175 466 4222 es
480 4153 689 4248 cogniturus,
704 4175 806 4248 quam
814 4152 927 4223 verbis
942 4149 1071 4222 valeam
1082 4148 1260 4247 explicare.
1274 4146 1440 4246 Origenes
1453 4145 1523 4238 illc,
1539 4148 1633 4242 cujus
1645 4147 1712 4220 alta
1721 4150 1885 4244 sapientia
1970 4155 1973 4162 '

295 4273 424 4370 ubique
443 4274 648 4370 predicatur
665 4289 700 4344 et
720 4271 860 4363 colitur,
886 4287 1010 4369 praeter
1025 4273 1091 4343 hoc
1113 4271 1206 4368 quod
1226 4269 1381 4366 quaedam
1402 4284 1512 4340 errata
1529 4269 1668 4340 minime
1686 4270 1882 4360 correxerit,

296 4393 445 4464 referens
464 4409 575 4464 tamen
592 4392 727 4491 culpam
740 4394 776 4463 iu
794 4391 1011 4463 Ambrosium
1027 4390 1243 4488 discipulum,
1259 4405 1299 4463 ut
1316 4389 1399 4461 dicit
1416 4389 1533 4460 beatus
1555 4389 1805 4484 Hieronymus,
1826 4393 1885 4486 qui

296 4511 486 4585 clanculum
496 4513 607 4604 edita,
621 4531 700 4585 ante
715 4500 847 4609 tenipus
862 4513 898 4582 in
916 4511 1025 4584 lucem
1039 4509 1237 4608 protulerit,
1255 4509 1331 4602 ille,
1353 4510 1512 4606 inquam,
1534 4510 1718 4606 Origenes¹
1733 4509 1885 4582 devitans

298 4657 434 4703 omnem
451 4628 602 4704 libidinis
618 4633 857 4728 suspicionem,
873 4632 937 4708 hac
952 4645 1048 4728 parte
1066 4630 1220 4726 corporis
1231 4654 1266 4699 se
1283 4643 1403 4724 sponte
1415 4628 1572 4726 privavit.
1591 4630 1739 4698 loannes
1752 4641 1787 4696 et
1799 4628 1886 4697 Pau·

298 4749 363 4842 lus,
379 4755 503 4824 Protus
515 4770 549 4824 et
560 4753 783 4849 Hyacinthus,
799 4750 923 4848 aliique
932 4749 1046 4848 plures
1059 4749 1197 4847 gloriosi
1210 4764 1386 4845 martyres,
1402 4748 1508 4846 gloria
1522 4762 1558 4818 et
1572 4749 1703 4846 honore
1717 4748 1754 4817 in
1771 4772 1887 4843 super-

299 4871 488 4946 coelestibus
506 4875 542 4944 iu
559 4874 737 4970 prasentia
754 4874 819 4944 Dei
837 4873 1007 4961 coronati,
1030 4871 1067 4941 in
1084 4871 1147 4942 hac
1165 4869 1328 4966 temporis
1343 4869 1507 4940 brevitate
1520 4866 1669 4964 gaudent
1685 4865 1887 4962 genitalibus

333 5147 342 5175 ‘
362 5148 438 5200 aliur
451 5150 628 5202 curamenta.
641 5175 673 5186 -
684 5146 695 5176 ¹
707 5147 810 5210 Horeb..
822 5147 883 5199 ittet.
895 5149 992 5207 acta..
1002 5143 1045 5198 ttb.
1060 5143 1106 5206 Vl,
1116 5157 1172 5210 cap.
1185 5155 1228 5194 ιιι.
1749 5227 1769 5286 ⁹

419 5255 431 5300 1
1461 5299 1464 5304 ,
1730 5229 1748 5289 8
