4590 6106
491 663 512 729 2
923 670 1049 740 PETRl
1076 669 1309 742 ABAELARDl
1334 668 1390 738 ΕΤ
1414 667 1638 741 HELOlSSAE

529 803 628 865 llinus
641 806 729 866 etiarn
751 815 803 868 aut
820 808 920 888 potius
949 809 1025 871 nihil
1044 809 1112 891 opis
1125 808 1216 870 nobis
1228 807 1285 869 fuit
1297 807 1327 868 in
1341 805 1528 870 editionibus
1540 805 1721 890 quibusdam
1731 807 1816 887 aliis,
1829 811 1860 870 in
1874 812 1986 892 quibus
1998 817 2070 900 Epi-

489 904 574 965 stolae
587 905 734 970 Abaelardi
749 916 779 970 et
797 909 942 974 Heloissae
960 929 1030 973 curn
1049 910 1159 992 gallica
1177 909 1372 972 translatione
1388 910 1421 970 in
1438 910 1537 971 lucem
1556 909 1769 1000 prodierqnt¹3
1790 911 2067 1000 interpretationem

488 1009 567 1069 enirn
585 1010 684 1104 magis
700 1029 780 1074 curae
792 1010 964 1082 imbuerunt
976 1012 1109 1076 editores
1123 1030 1213 1096 quam
1227 1021 1361 1088 texmm,
1374 1025 1483 1093 quem,
1498 1011 1571 1074 licet
1582 1030 1615 1073 se
1628 1011 1843 1089 emendaturos
1860 1033 1927 1080 esse
1941 1017 2067 1100 polliciti

488 1119 604 1186 essent,
619 1112 744 1176 omnino
758 1113 930 1195 neglexere.
1726 1121 1727 1126 ’

526 1212 617 1290 Spem
626 1211 906 1295 fructusamplioris
915 1214 1006 1276 nobis
1015 1214 1125 1277 lecerat
1135 1214 1174 1276 ab
1182 1215 1294 1276 Orellio
1302 1215 1373 1277 data
1381 1214 1592 1277 calamitatum
1603 1215 1742 1276 Historia
1754 1225 1784 1277 et
1792 1217 1930 1296 priorum
1939 1230 2069 1299 quatuor

486 1315 679 1393 epistolarum
700 1315 848 1378 recensio.
871 1316 924 1377 Vir
939 1325 1041 1377 autem
1062 1315 1284 1377 eruditissimus
1298 1335 1391 1398 quum
1411 1316 1527 1377 nullum
1545 1316 1577 1377 in
1597 1325 1748 1398 potestate
1767 1316 1904 1379 codicem
1926 1317 2065 1394 haberet,

485 1416 713 1482 emendationes
728 1436 796 1499 quae
810 1418 981 1498 potuissent
994 1416 1089 1479 videri
1108 1417 1231 1480 incertae
1250 1418 1369 1493 omisit,
1395 1426 1426 1480 et
1446 1417 1640 1480 solummodo
1655 1435 1779 1499 operam
1795 1417 1881 1480 dedit
1902 1427 1934 1480 ut
1949 1429 2066 1483 textum

485 1518 640 1581 Amboesii
654 1517 784 1582 fideliter
799 1517 1020 1581 transcriberet.

524 1625 626 1702 ltaque
651 1640 746 1702 quum
773 1621 854 1684 nulla
882 1630 962 1682 esset
989 1616 1155 1682 litterarum
1189 1617 1337 1684 Abaelardi
1364 1621 1470 1685 critica
1493 1621 1587 1686 editio
1612 1639 1702 1704 quam
1727 1639 1939 1704 sequeremur,
1967 1633 2067 1686 textus

484 1721 668 1784 emendandi
686 1741 797 1786 munus
812 1741 868 1804 pro
885 1723 965 1785 virili
978 1732 1063 1805 parte
1083 1723 1240 1805 suscipere
1254 1722 1426 1787 debuimus.
1444 1727 1516 1788 Tres
1535 1723 1581 1786 vel
1607 1724 1710 1806 plures
1728 1724 1853 1787 codices
1874 1741 2066 1792 recensuerat

484 1821 662 1884 lmhoesius
685 1851 698 1878 ιι
710 1842 841 1906 quorum
856 1842 950 1885 unum
965 1831 1072 1886 nactus
1087 1833 1150 1886 erat
1164 1825 1196 1886 in
1214 1826 1370 1888 Armorica
1373 1873 1433 1890 .....
1450 1827 1578 1888 alterum
1596 1845 1634 1888 ex
1651 1826 1792 1908 Philippo
1806 1830 1940 1906 Portae,
1958 1828 2066 1891 abbate

484 1925 620 2004 tyronio,
636 1935 726 2006 poeta
737 1927 765 1988 ei
780 1925 981 2004 amicissimo,
997 1925 1120 1987 tertium
1134 1943 1171 1988 ex
1186 1929 1370 2007 moqesterio
1390 1928 1599 2012 paracletensi.
1620 1955 1633 1980 a
1650 1930 1717 2001 Quo
1732 1928 1783 1990 isti
1797 1929 1920 1992 codices
1937 1930 2065 1993 abierint

482 2031 628 2088 incertum
651 2037 714 2103 est,
740 2027 800 2089 nisi
821 2045 900 2089 unus
919 2035 971 2089 aut
991 2027 1067 2090 alter
1084 2027 1167 2090 idem
1185 2029 1225 2090 sit
1245 2048 1281 2090 ac
1300 2029 1397 2092 codex
1420 2031 1525 2110 regius
1545 2031 1643 2104 2544,
1666 2031 1718 2111 qui
1738 2032 1890 2093 Francisci
1911 2031 2064 2096 imboesii

481 2148 590 2191 nomen
607 2129 733 2210 praeiert.
751 2132 862 2190 Praeter
875 2128 1013 2190 codicem
1029 2128 1127 2208 illurn,
1146 2131 1197 2211 qui
1212 2149 1274 2191 non
1289 2129 1409 2193 decimo
1423 2141 1510 2192 sexto
1523 2131 1633 2193 saeculo
1650 2131 1783 2193 anterior
1796 2141 1842 2194 est
1859 2140 1889 2193 et
1900 2131 1954 2195 ubi
1971 2133 2064 2195 multa

479 2233 608 2303 desunt,
625 2230 676 2293 aed
693 2232 725 2292 in
740 2250 801 2313 quo
818 2250 879 2292 uno
893 2249 932 2292 ex
948 2231 987 2292 iis
997 2248 1077 2312 quos
1094 2231 1236 2293 novimus
1249 2233 1353 2312 regula
1366 2233 1630 2296 sanctimonalium
1647 2234 1835 2305 continetur,
1850 2233 1929 2296 duos
1943 2235 2064 2298 codices

479 2335 555 2396 alios
575 2333 809 2414 recognovimus
822 2351 839 2394 c
853 2331 1040 2394 bibliotheca
1059 2333 1142 2411 regia
1159 2333 1320 2413 parisiensi
1331 2335 1411 2399 2515
1424 2341 1454 2396 et
1465 2337 1563 2408 teas,
1582 2342 1614 2396 et
1631 2334 1753 2396 tertium
1773 2336 1898 2415 insuper
1917 2353 1934 2396 e
1952 2334 2063 2397 biblio-

480 2435 567 2500 theca
580 2433 709 2498 trecensi
729 2437 804 2511 802,
823 2435 877 2516 qui
891 2433 1010 2496 videtur
1022 2434 1262 2515 antiquissimus.
1278 2435 1382 2498 Codex
1402 2436 1603 2516 regressam
1622 2435 1776 2499 Francisci
1795 2436 1966 2500 Petrarchae
1987 2437 2061 2515 init,

479 2536 566 2616 cujus
584 2536 675 2601 ctiam
695 2553 788 2608 manu
808 2535 953 2598 nonnulla
973 2535 1061 2596 initio
1077 2545 1199 2598 exarata
1220 2534 1312 2600 luisse
1331 2546 1484 2618 putantur.
1510 2537 1671 2618 Scripturas
1687 2537 1781 2601 decor
1796 2546 1888 2618 atque
1904 2537 2063 2604 emendata

479 2646 579 2714 textus
601 2636 759 2706 sinceritas
776 2635 904 2717 dignum
924 2654 1102 2718 possessore
1114 2637 1244 2718 antiquo
1264 2646 1393 2718 praestat.
1417 2640 1500 2700 Duos
1517 2637 1609 2709 habet
1630 2636 1756 2720 insuper
1777 2636 1962 2702 bibliotheca
1981 2641 2063 2720 regia

478 2739 601 2836 codipes
624 2755 917 2820 setigermauenses5
941 2737 995 2803 sed
1018 2738 1056 2815 ad
1084 2738 1248 2821 septimum
1272 2739 1424 2804 decimum
1449 2740 1593 2807 seculum
1613 2740 1660 2804 uel
1682 2740 1720 2804 sd
1741 2739 1832 2802 finem
1853 2743 1933 2804 sexti
1952 2739 2063 2807 decimi

479 2841 626 2915 referendi
645 2850 734 2916 sunt,
757 2851 787 2904 et
805 2841 984 2907 auctoritate
1006 2851 1118 2906 carent.
1140 2845 1214 2903 Post
1228 2842 1392 2904 nonnullas
1404 2843 1532 2924 paginas
1545 2843 1695 2924 perlectas
1709 2842 1916 2904 recensionem
1934 2841 2061 2920 horum,

478 2953 511 3004 ut
540 2943 703 3021 inutilem,
735 2942 994 3024 pretermisimus.
1020 2947 1066 3006 lu
1098 2943 1213 3008 notulis
1241 2954 1271 3007 et
1301 2945 1391 3011 uariis
1417 2943 1600 3014 lectionibus
1628 2963 1736 3014 omnes
1766 2943 1888 3006 codices
1916 2944 1961 3008 sic
1992 2955 2064 3009 suut

477 3044 627 3126 designati
643 3072 651 3108 a
667 3045 779 3108 Littera
797 3047 821 3109 Α
840 3043 955 3111 indicat
970 3044 1109 3108 codicem
1133 3047 1229 3119 seim
1244 3050 1268 3108 B
1284 3045 1353 3108 cod.
1375 3047 1469 3119 2545,
1490 3048 1512 3108 C
1532 3045 1600 3108 cod.
1622 3049 1717 3118 seam
1734 3048 1769 3114 ll.
1785 3043 1853 3106 cod.
1877 3054 2060 3119 trecensem;

477 3146 564 3208 emb.
580 3148 642 3210 its.
658 3147 758 3208 varias
777 3145 931 3210 Amboesii
953 3147 1117 3220 lectiones,
1134 3149 1223 3210 litis.
1237 3165 1290 3210 eas
1304 3165 1380 3228 quas
1393 3149 1569 3215 Raulinsoa
1588 3148 1757 3228 proposuit.
1774 3145 1925 3220 Quasdam
1942 3166 2062 3229 quoque

476 3246 597 3310 notulas
617 3244 706 3310 nobis
725 3245 932 3326 suppeditavit
944 3245 1046 3308 codex
1065 3245 1194 3326 gallicus
1206 3265 1224 3308 e
1238 3245 1423 3311 bibliotheca
1436 3249 1520 3328 regia
1533 3251 1642 3322 72732,
1658 3248 1689 3308 in
1706 3265 1767 3328 quo
1783 3247 2060 3328 interpretationem

476 3349 643 3412 litterarum
656 3345 805 3408 tbaelardi
819 3345 926 3408 ioanni
939 3355 1053 3428 poetae,
1066 3347 1157 3426 vulgo
1174 3350 1246 3410 iean
1264 3347 1303 3422 de
1314 3351 1442 3430 Mcung,
1458 3348 1619 3429 ascriptam
1637 3356 1667 3408 et
1687 3346 1824 3410 nondum
1838 3349 1870 3410 iu
1882 3348 1980 3412 lucem
1993 3349 2060 3412 edi-

478 3461 539 3514 tam
553 3449 698 3512 invenias.

516 3556 644 3618 Litteris
657 3553 813 3616 athelardi
825 3557 855 3614 et
867 3553 1014 3616 Heloirroe
1029 3552 1187 3616 addiderat
1199 3553 1382 3618 tmhoeaiua
1398 3563 1594 3635 argumenta,
1614 3571 1683 3636 quae
1695 3555 1727 3616 in
1742 3563 1877 3618 nostram
1896 3553 2059 3620 editionem

476 3656 641 3720 retulimus.
653 3654 838 3718 luculentas
848 3653 1078 3718 etiam'Andreae
1091 3657 1271 3730 Quercetani
1285 3667 1374 3720 notas
1384 3657 1423 3719 de
1432 3659 1572 3719 Historia
1587 3659 1824 3731 calamitatum,
1840 3661 1979 3740 quamvis
1991 3660 2059 3722 lou·

477 3761 578 3838 giores
591 3759 671 3834 sint,
685 3757 882 3833 inseruimus,
899 3757 1080 3838 quibusdam
1100 3767 1202 3822 mmen
1221 3759 1391 3822 emendatis
1409 3767 1440 3821 et
1462 3758 1600 3839 catalogo
1621 3758 1841 3824 abbatissarum
1865 3761 2010 3827 Paracleti
2029 3763 2059 3822 iu

477 3861 677 3946 appendicem
689 3860 812 3941 rejecto.

517 3963 621 4029 iliram
635 3962 796 4043 quamdam
811 3961 941 4027 Orellius
954 3962 1130 4044 opinionem
1151 3963 1251 4025 attulit
1268 3980 1360 4044 quam
1380 3962 1421 4026 ob
1438 3965 1570 4028 auctoris
1584 3983 1697 4028 nomen
1718 3981 1780 4026 nou
1799 3981 1963 4044 possumus
1982 3984 2059 4046 prae-

478 4065 577 4128 terire.
593 4065 762 4130 Arbitratur
776 4067 944 4128 Historiam
959 4066 1179 4128 Catameitum
1193 4066 1337 4147 scriptam
1352 4066 1457 4148 utique
1476 4067 1515 4130 ab
1529 4067 1687 4130 Abaelardo
1708 4067 1889 4148 plenamque
1906 4067 1949 4128 illi
1969 4067 2059 4128 fidem

479 4185 546 4231 essa
555 4165 745 4230 tribuendam
756 4193 763 4241 ;
776 4165 828 4228 sed
841 4168 976 4238 Litteras
984 4165 1156 4230 subdititiae
1163 4183 1232 4230 esse
1239 4184 1330 4246 posse
1337 4167 1643 4248 suspicatur.Quibus
1652 4167 1772 4230 allatam
1783 4165 1961 4246 opinionem
1970 4185 2061 4246 argu-

479 4269 590 4333 mentis
603 4267 783 4332 confirmare
799 4267 896 4349 possit
911 4267 1110 4348 gravissimus
1121 4266 1234 4350 judex,
1250 4268 1414 4332 nescimus.
1431 4266 1562 4333 Obstant
1578 4289 1642 4332 non
1660 4268 1753 4332 modo
1767 4265 1907 4333 codicum
1923 4268 2060 4333 testimo·

474 4406 488 4447 l

513 4493 519 4516 ⁴
539 4491 582 4541 les
595 4492 721 4541 amiciter
737 4489 824 4540 lateas
843 4489 1026 4540 ddeoiiiordet
1038 4488 1248 4546 tremerem
1284 4489 1595 4552 ddeoilordetd'lleioire,
1607 4491 1672 4543 trad
1684 4488 2057 4556 pardaLongohampsatpuhl.

477 4577 533 4626 ri'rttr
545 4580 630 4626 anaim
643 4577 773 4626 mammarii
783 4577 845 4624 tatia
855 4577 936 4624 trouve
946 4577 1040 4624 daneta
1050 4573 1207 4638 bibliotheque
1218 4577 1248 4624 de
1283 4589 1328 4639 par
1339 4575 1370 4626 d.
1380 4573 1412 4626 de
1423 4574 1586 4642 Puybarlaud.
1605 4575 1687 4636 Paris,
1700 4576 1798 4636 1823,2
1811 4573 1859 4624 rol.
1872 4573 1946 4624 iri-8⁰.
1957 4575 2058 4622 -Διαι-

478 4662 591 4719 Froncois
602 4657 748 4716 demerim,
761 4662 885 4708 casteller
894 4645 991 4715 d'lt‘tat,
1003 4655 1120 4707 traduites
1129 4674 1173 4723 par
1183 4658 1249 4708 l'au-
1283 4662 1339 4708 iord
1350 4671 1373 4710 et
1386 4661 1495 4720 Helaira,
1514 4677 1571 4712 avec
1587 4676 1618 4710 un
1632 4675 1719 4722 aperpu
1737 4662 1769 4707 du
1787 4665 1832 4706 111⁸
1844 4661 1931 4718 siecle,
1944 4668 2001 4716 etc„
2014 4673 2059 4724 par

478 4757 531 4796 taur
541 4743 573 4793 da
583 4743 636 4794 laur
648 4742 686 4792 rie
699 4741 741 4803 rh.
754 4741 890 4806 Garmias),
900 4755 959 4791 arec
967 4739 1011 4790 des
1023 4752 1091 4793 notes
1103 4740 1248 4808 historiques
1282 4741 1311 4791 F.
1323 4743 1351 4793 C.
1363 4743 1457 4794 Turlot.
1474 4743 1551 4803 Paris,
1568 4745 1629 4792 1823
1641 4780 1649 4804 ,
1660 4743 1738 4792 in-st.
1752 4768 1771 4779 -
1779 4731 1869 4791 batres
1882 4741 2024 4790 d'Aiuiicrd
2037 4753 2060 4789 et

477 4841 502 4879 et
516 4827 630 4894 critiquas
645 4826 836 4876 tres-curiense.
852 4825 935 4884 Paris,
950 4826 1030 4884 1723,
1046 4825 1122 4875 2rol.
1137 4826 1250 4875 in-12.-
1285 4827 1419 4886 d'lleioise,
1432 4827 1549 4878 tradoites
1558 4843 1599 4877 sur
1612 4826 1648 4876 les
1662 4825 1806 4876 manuscrits
1817 4824 1849 4888 de
1858 4825 1881 4874 la
1892 4823 2059 4889 bibliotheque

478 4915 566 4964 lettres
579 4910 697 4962 d'lliloise
707 4921 730 4960 et
739 4909 883 4960 &deuitare
890 4947 899 4969 ,
909 4908 1021 4983 nouvelle
1030 4909 1165 4960 traduction
1174 4947 1180 4972 ,
1190 4925 1249 4960 arae
1283 4911 1376 4977 royale,
1388 4927 1433 4977 par
1445 4909 1474 4960 E.
1482 4909 1586 4960 0ddoul.
1602 4909 1678 4968 Paris,
1695 4911 1767 4967 1811),
1777 4909 1791 4956 2
1803 4907 1852 4960 vol.
1860 4907 2056 4958 inea—terrra

476 4999 500 5048 lc
515 5007 580 5048 texta
594 4995 607 5045 i
621 4996 691 5054 cete,
705 5010 750 5060 par
763 4993 786 5044 i.
801 4993 841 5044 rr.
857 4993 962 5044 Bratien.
978 4993 1058 5052 Paria,
1076 4995 1154 5054 irat,
1169 4995 1183 5042 2
1198 4996 1246 5047 vol.
1284 4995 1427 5046 d'eeaiiard
1443 5007 1465 5046 et
1482 4995 1614 5054 d'lltioiae,
1628 4992 1766 5046 traduction
1779 4991 1884 5044 litterale
1895 5007 1940 5057 par
1956 4991 1980 5041 la
1995 4987 2055 5039 bibl.

477 5077 1118 5136 ιιι-’1124111221ἄΗιιοιιεει2221111νά,Μίιίοη
1134 5079 1248 5131 orneeda
1282 5080 1374 5142 Jacob,
1397 5079 1515 5147 precedes
1535 5078 1608 5133 d'une
1627 5079 1709 5131 notice
1728 5077 1859 5138 littc'raira,
1883 5073 2015 5140 historique
2032 5083 2057 5122 et

476 5166 528 5216 buit
540 5165 636 5230 ligures,
652 5172 699 5212 etc.
713 5159 790 5220 Paris,
803 5163 899 5234 tremit
913 5161 961 5212 rol.
971 5161 1247 5215 tnta-tritemoria-
1283 5162 1493 5232 bibliographique
1502 5202 1509 5228 ,
1529 5179 1574 5232 par
1591 5161 1625 5214 lt.
1643 5161 1776 5214 Villanare.
1796 5161 1876 5222 Paris,
1892 5159 1963 5218 1810,
1980 5163 1989 5208 1
2007 5157 2056 5206 rol.

475 5254 550 5309 iotae,
562 5250 693 5298 manuscrit
704 5238 875 5296 nouveliement
884 5235 992 5298 remorre
1006 5249 1047 5297 des
1059 5250 1139 5298 lettres
1150 5251 1249 5300 mediter
1283 5248 1363 5299 iuti.
