4496 6102
743 685 787 757 lN
812 683 974 758 NATALl
998 681 1157 754 DOMlNl
1183 681 1347 753 SERMO.
1770 675 1840 750 367
1957 712 1961 721 ·

250 839 404 898 mortem
416 821 550 894 donec¹
564 823 701 896 videret
719 823 900 897 Christum
911 825 1069 898 Domini.
1091 853 1108 892 u
1127 828 1182 896 De
1194 824 1254 896 his
1274 845 1420 921 quoque
1438 837 1646 894 sanctorum
1660 819 1844 894 desideriis

251 964 286 1021 et
303 946 616 1019 vehementissimo
632 947 791 1020 clamore
803 949 922 1022 cordis
936 947 1026 1020 illud
1043 963 1097 1020 est
1109 949 1247 1020 lsaiae’:
1272 975 1286 1014 r·
1304 944 1518 1018 Clamabunt
1529 943 1576 1016 ad
1587 948 1704 1018 Deum
1721 943 1842 1016 alacie

251 1066 468 1159 tribulantis,
489 1082 526 1140 et
540 1067 656 1140 mittet
669 1069 719 1140 eis
739 1067 976 1161 salvatorem,
998 1085 1066 1142 etc.
1085 1097 1103 1136 ι)
1122 1069 1222 1154 Tales
1240 1069 1346 1166 igitur
1365 1067 1540 1139 clamores
1557 1064 1614 1137 vel
1633 1065 1783 1162 gemitus
1800 1064 1841 1136 fr·

252 1189 404 1280 delium,
424 1189 526 1287 quasi
547 1187 711 1286 quaedam
730 1205 831 1261 erant
851 1189 1092 1262 exhalationes
1108 1191 1298 1262 terrarum.
1321 1188 1375 1259 Ad
1387 1212 1543 1285 quorum
1561 1185 1708 1283 quidem
1721 1201 1842 1285 postu·

251 1309 422 1402 lationem
435 1322 471 1379 et
489 1308 806 1408 exspectationem,
828 1309 882 1381 sol
901 1309 968 1382 sibi
982 1334 1088 1382 verus
1099 1333 1235 1407 vapore
1249 1332 1315 1380 suo
1327 1307 1462 1380 nubem
1476 1307 1632 1396 attraxit,
1651 1305 1739 1377 dum
1759 1331 1844 1404 ope·

252 1429 388 1502 ratione
401 1429 552 1528 Spiritus
561 1429 673 1500 sancti
683 1428 843 1502 Verbum
852 1432 917 1504 Dei
927 1430 973 1503 de
985 1431 1130 1529 Virgine
1141 1454 1287 1502 carnem
1299 1429 1447 1527 accepit.
1463 1431 1517 1498 De
1533 1451 1605 1525 qua
1618 1426 1725 1498 etiam
1735 1451 1843 1498 carne

253 1563 427 1646 tanquam·
435 1547 483 1618 de
494 1545 592 1620 nube
609 1547 768 1646 pluviam
782 1549 899 1642 dedit,
917 1576 1031 1649 quum
1044 1549 1299 1623 incarnationis
1310 1549 1404 1645 ejus³
1421 1547 1629 1645 mysterium
1638 1545 1842 1647 praedicatio

251 1669 352 1740 terris
377 1665 546 1740 omnibus
575 1670 769 1762 nuntiavit,
798 1686 834 1742 et
859 1669 943 1744 fidei
962 1672 1123 1768 ¹fructum
1147 1670 1232 1742 inde
1257 1669 1392 1742 extulit.
1416 1673 1507 1741 Cum
1533 1667 1601 1740 hac
1629 1668 1769 1765 itaque,
1804 1681 1844 1737 ut

252 1787 388 1860 dictum
405 1801 478 1876 est,
499 1811 625 1878 carne,
650 1788 728 1886 ipso
754 1790 791 1860 in
811 1793 1004 1890 AEgyptum
1024 1791 1206 1881 veniente,
1227 1803 1326 1861 mota
1351 1803 1436 1861 sunt
1459 1788 1647 1860 simulacra
1669 1789 1839 1885 AEgypti‘,

251 1907 336 2003 quia
353 1904 438 1978 inde
452 1921 591 1978 remota
607 1922 658 1979 est
671 1907 889 2002 idololatria,
913 1911 1095 1982 conversis
1110 1909 1290 2008 adipsum
1310 1908 1486 2006 gentibus.
1512 1911 1557 1980 Et
1578 1922 1664 1979 tune
1681 1906 1843 2006 profecto

248 2027 348 2122 juxta
367 2024 582 2118 Danielem³,
607 2043 725 2126 statua
749 2032 988 2121 comminuta,
1016 2030 1105 2130 lapis
1130 2030 1188 2102 ille
1210 2031 1248 2102 in
1268 2045 1430 2102 montem
1448 2053 1620 2126 magnum
1646 2029 1778 2117 crevit,
1809 2043 1844 2099 et

242 2149 455 2222 *universam
469 2164 600 2222 terram
611 2151 780 2251 replevit:
809 2155 892 2252 quia
911 2155 987 2252 ejus
997 2178 1130 2254 corpus
1146 2179 1220 2227 nou
1238 2153 1356 2226 solum
1366 2153 1461 2226 hanc
1478 2153 1728 2244 morientium,
1743 2153 1843 2251 quod

252 2284 304 2340 est
321 2269 504 2361 Ecclesiae,
528 2270 589 2342 ubi
605 2287 781 2345 terrarum
805 2273 911 2364 fides,
932 2274 1113 2365 dilatavit,
1133 2299 1247 2372 quum
1263 2274 1509 2346 infidelitatem
1528 2272 1714 2373 expulerit.
1735 2272 1843 2360 Quod

252 2389 407 2488 denique
419 2416 551 2490 corpus
559 2416 634 2464 nou
645 2394 763 2466 solum
770 2394 864 2467 hauc
871 2397 1120 2488 morientium,
1134 2395 1199 2468 sed
1211 2396 1321 2495 magis
1329 2395 1427 2468 illam
1440 2395 1638 2468 viventium
1647 2409 1701 2466 est
1712 2409 1844 2466 terram

253 2511 483 2611 repleturum.
497 2513 563 2584 Hic
574 2529 627 2585 est
639 2539 747 2587 mons
763 2515 822 2588 ille
840 2519 986 2590 Domini
1002 2533 1219 2617 praeparatus
1230 2520 1268 2590 in
1280 2520 1411 2592 vertice
1425 2517 1623 2607 montium,
1643 2515 1706 2614 qui
1714 2541 1780 2614 per
1788 2515 1844 2588 di·

251 2631 406 2703 vinitatis
419 2633 648 2705 eminentiam
663 2636 827 2707 omnium
847 2637 1065 2709 transcendit
1081 2640 1270 2710 cacumina
1288 2652 1509 2710 sanctorum.
1526 2636 1597 2723 Qui
1612 2636 1717 2708 nobis
1733 2635 1844 2708 hodie

251 2751 353 2847 quasi
370 2749 417 2822 de
435 2749 524 2823 valle
538 2754 708 2846 nascitur,
727 2757 811 2852 quia
827 2755 873 2827 de
887 2757 1045 2828 inferiori
1063 2782 1149 2828 sexu
1163 2773 1199 2829 et
1214 2757 1414 2829 humillima
1432 2759 1585 2856 virgine,
1607 2783 1768 2830 summus
1787 2757 1844 2828 ille

250 2869 379 2943 divinae
401 2872 593 2968 majestatis
617 2872 789 2971 splendor
808 2873 855 2946 ad
873 2874 1052 2946 humanos
1073 2874 1184 2945 hodie
1204 2876 1327 2974 prodit
1344 2875 1509 2967 obtutus,
1529 2879 1646 2948 carnis
1667 2877 1843 2950 velamine

249 2988 504 3081 obumbratus,
525 3006 565 3063 ut
580 2992 617 3062 in
637 3008 759 3064 nostra
776 2992 920 3065 saltem⁶
933 2993 1045 3066 videri
1062 2995 1174 3093 possit
1187 2993 1401 3084 substantia,
1418 2996 1481 3092 qui
1493 2994 1677 3068 invisibilis
1688 2999 1844 3095 persistit

250 3135 287 3182 rn
306 3134 381 3182 sua.

300 3236 385 3304 Haec
410 3230 468 3304 illa
495 3233 630 3332 species
652 3231 791 3323 electri,
815 3257 923 3330 quam
946 3233 1121 3306 Ezechieli
1139 3231 1324 3333 prophetae
1341 3234 1491 3333 legimus
1511 3234 1730 3308 revelatam².
1764 3237 1842 3308 Ele-

250 3367 367 3424 etrum
381 3353 518 3452 quippe
539 3352 701 3450 quaedam
725 3369 776 3425 est
795 3355 873 3426 auri
896 3370 933 3427 et
954 3356 1091 3453 argenti
1110 3355 1278 3446 mixtura,
1299 3356 1337 3426 in
1359 3370 1484 3453 quaet
1502 3371 1689 3453 argentum
1709 3355 1755 3426 ad
1774 3357 1861 3428 cla·'

250 3473 393 3544 ritatem
416 3471 558 3573 prolicit
583 3471 739 3545 melioris
764 3473 983 3548 admixtione
1002 3474 1168 3572 metalli,
1184 3491 1220 3548 et
1245 3500 1373 3548 aurum
1400 3501 1422 3547 a
1449 3500 1515 3547 suo
1542 3475 1680 3574 fulgore
1709 3491 1844 3574 tempe·

249 3607 361 3682 ratur,
386 3592 475 3666 dum
495 3592 655 3666 inferiori
674 3594 819 3666 metallo
836 3597 1004 3668 sociatur.
1030 3597 1088 3667 Sic
1106 3611 1142 3668 et
1160 3596 1340 3668 Christum
1359 3619 1469 3668 unam
1487 3621 1530 3668 ex
1551 3595 1690 3668 duabus
1710 3599 1844 3668 naturis

250 3713 478 3812 intelligimus
490 3738 700 3813 personam,
721 3715 759 3786 in
779 3740 852 3812 quo
872 3715 1039 3788 divinitas
1060 3740 1168 3806 auro,
1194 3717 1399 3789 humanitas
1416 3741 1503 3788 vero
1520 3717 1680 3789 inferiori
1697 3741 1843 3817 compa-

248 3847 350 3905 ratur
366 3834 522 3906 metallo.
540 3839 580 3906 lu
594 3834 662 3907 hac
684 3836 789 3933 igitur
806 3860 980 3934 persona,
1008 3861 1087 3934 quae
1105 3837 1265 3908 Christus
1285 3851 1355 3926 est,
1377 3837 1448 3908 hoc
1465 3852 1519 3910 est
1538 3842 1635 3909 Deus
1652 3852 1687 3909 et
1706 3837 1840 3928 homo,
1907 3827 1913 3839 ’

248 3956 301 4028 sic
318 3955 387 4028 sibi
400 3955 520 4028 divina
541 3971 577 4028 et
593 3956 751 4028 humana
768 3957 968 4053 conjunctae
986 3972 1071 4029 sunt
1088 3971 1240 4047 naturae,
1264 3971 1305 4027 ut
1324 3955 1383 4028 ille
1401 3933 1773 4055 incomprehensibilis
1791 3958 1844 4027 di·

245 4079 340 4148 virrae
352 4077 518 4150 claritatis
531 4076 659 4176 fulgor,
675 4079 791 4150 carnis
803 4077 979 4150 velamine
991 4077 1246 4168 obumbratus,
1260 4077 1427 4149 humanis
1439 4102 1477 4149 se
1488 4076 1601 4149 oculis
1615 4093 1841 4175 temperaret,

242 4210 461 4295 etsuscepta
479 4197 681 4270 humanitas
700 4197 746 4269 ad
764 4197 960 4271 claritatem
984 4197 1192 4297 proliceret,
1217 4221 1330 4295 quum
1356 4195 1520 4269 videlicet
1537 4197 1649 4292 homo
1667 4195 1726 4268 ille
1744 4201 1844 4294 quasi

241 4315 415 4412 quaedam
441 4317 536 4391 lutea
558 4333 668 4411 testa,
703 4321 883 4419 sapientiae
912 4345 1074 4418 supernae
1102 4320 1215 4409 illius,
1243 4321 1301 4391 cui
1331 4333 1385 4391 est
1409 4319 1549 4408 unitus,
1573 4316 1843 4417 incomparabili

239 4437 330 4508 luce
343 4461 532 4530 accensus,
548 4443 708 4512 nostras⁸
726 4439 931 4513 illuminans
944 4441 1129 4532 tenebras,
1147 4457 1219 4514 tarn
1230 4441 1346 4514 serbis
1358 4463 1467 4538 quam
1477 4438 1666 4539 exemplis,
1680 4441 1843 4514 omnium

238 4555 356 4628 nobis
368 4555 628 4656 plenitudinem
642 4559 813 4632 virtutum
826 4561 1026 4653 exhiberet,
1051 4576 1088 4633 et
1105 4561 1212 4658 longe
1231 4561 1413 4660 puriorem
1434 4574 1470 4632 et
1483 4557 1715 4658 intelligentia
1726 4561 1843 4659 potio·

237 4699 345 4766 rem,
377 4701 487 4774 quam
504 4679 542 4750 io
568 4679 734 4773 paradiso
759 4697 877 4753 creatu
904 4697 1017 4772 esset,
1049 4697 1208 4754 nostram
1241 4673 1421 4780 repararet
1451 4693 1629 4752 naturam.
1655 4685 1701 4752 Ut
1723 4696 1843 4755 autem

238 4795 410 4868 Verbum
427 4799 494 4870 Dei
511 4823 656 4872 carnem
678 4799 723 4873 de
741 4801 886 4899 Virgine
903 4826 1067 4893 sumens,
1094 4801 1166 4874 hoc
1191 4827 1228 4875 se
1252 4801 1429 4874 velamine
1448 4798 1698 4892 obumbraret,
1728 4802 1842 4900 ipsam

230 4941 396 5014 quoque
407 4919 608 5016 Virginem⁹
625 4922 722 5018 prius
736 4921 971 4994 obumbrasse
990 4922 1132 5015 dicitur,
1153 4937 1192 4995 ut
1202 4922 1438 5022 postmodum
1455 4947 1499 4994 ex
1516 4921 1576 4993 illa
1589 4923 1640 4994 sic
1652 4921 1842 4995 obumbra-

277 5137 289 5166 ¹
314 5139 366 5190 Νὶει·
376 5139 427 5192 llS.
439 5139 507 5193 llius.
522 5168 552 5178 -
566 5140 656 5193 'isaie
671 5105 729 5208 cap.
746 5159 804 5204 xix,
814 5158 838 5193 r.
850 5143 893 5193 20.
903 5167 931 5182 -
943 5142 955 5171 ⁸
967 5143 1026 5195 Sao
1067 5141 1140 5196 ⁸18.
1149 5143 1350 5196 him-Nostro·
1363 5143 1473 5193 tenebras
1484 5137 1530 5192 lid.
1546 5139 1615 5194 hmb.
1627 5141 1739 5194 -·ttS.
1751 5142 1841 5193 Eion·
1870 5171 1872 5178 ,

228 5224 299 5278 HS.
315 5224 419 5276 Eius.-—
431 5225 601 5292 ‘haiaibid.‚
613 5244 636 5278 r.
651 5233 705 5278 t.-
714 5227 724 5256 ⁸
734 5228 830 5288 Daniel,
841 5243 897 5296 cap.
910 5245 940 5292 rr,
950 5231 1024 5282 mo.
1066 5234 1148 5294 Ipttux
1160 5229 1253 5294 aarum
1265 5231 1357 5293 Viror'rn'
1366 5227 1413 5280 Ed.
1428 5225 1500 5279 trah.

227 5335 273 5352 -·
286 5307 303 5337 ⁸
317 5308 499 5372 lmeritorfidei
509 5313 559 5365 HS.
572 5312 639 5364 Eine.
649 5311 702 5355 -'
713 5312 816 5377 Erech,
828 5330 881 5380 cap
895 5331 918 5377 r,
928 5331 952 5366 r.
966 5319 1023 5366 t.-
