<?xml version="1.0" encoding="UTF-8"?>
<!DOCTYPE html PUBLIC "-//W3C//DTD XHTML 1.0 Transitional//EN"
    "http://www.w3.org/TR/xhtml1/DTD/xhtml1-transitional.dtd">
<html xmlns="http://www.w3.org/1999/xhtml" xml:lang="en" lang="en">
 <head>
  <title>
</title>
<meta http-equiv="Content-Type" content="text/html;charset=utf-8" />
  <meta name='ocr-system' content='tesseract 3.04.00' />
  <meta name='ocr-capabilities' content='ocr_page ocr_carea ocr_par ocr_line ocrx_word'/>
</head>
<body>
  <div class='ocr_page' id='page_1' title='image "./petriablardiope01despgoog_0560.png"; bbox 0 0 4510 6108; ppageno 0'>
   <div class='ocr_carea' id='block_1_1' title="bbox 671 557 1799 634">
    <p class='ocr_par' dir='ltr' id='par_1_1' title="bbox 671 557 1799 634">
     <span class='ocr_line' id='line_1_1' title="bbox 671 557 1799 634; baseline 0.002 -4"><span class='ocrx_word' id='word_1_1' title='bbox 671 559 730 630; x_wconf 85' lang='lat' dir='ltr'><strong>DE</strong></span> <span class='ocrx_word' id='word_1_2' title='bbox 755 557 924 632; x_wconf 74' lang='lat' dir='ltr'><strong>SANCTA</strong></span> <span class='ocrx_word' id='word_1_3' title='bbox 949 558 1147 632; x_wconf 76' lang='lat' dir='ltr'><strong>sustuna</strong></span> <span class='ocrx_word' id='word_1_4' title='bbox 1172 559 1335 631; x_wconf 74' lang='lat' dir='ltr'><strong>stulto.</strong></span> <span class='ocrx_word' id='word_1_5' title='bbox 1730 561 1799 634; x_wconf 71' lang='lat'><strong>545</strong></span> 
     </span>
    </p>
   </div>
   <div class='ocr_carea' id='block_1_2' title="bbox 161 697 1811 4970">
    <p class='ocr_par' dir='ltr' id='par_1_2' title="bbox 170 697 1802 1388">
     <span class='ocr_line' id='line_1_2' title="bbox 215 697 1802 797; baseline 0.002 -27"><span class='ocrx_word' id='word_1_6' title='bbox 215 698 299 770; x_wconf 90' lang='lat' dir='ltr'><strong>dem</strong></span> <span class='ocrx_word' id='word_1_7' title='bbox 323 697 468 797; x_wconf 92' lang='lat' dir='ltr'><strong>spiritus</strong></span> <span class='ocrx_word' id='word_1_8' title='bbox 490 697 720 768; x_wconf 77' lang='lat' dir='ltr'><strong>suscitatione</strong></span> <span class='ocrx_word' id='word_1_9' title='bbox 741 697 788 769; x_wconf 93' lang='lat' dir='ltr'><strong>ad</strong></span> <span class='ocrx_word' id='word_1_10' title='bbox 810 697 966 795; x_wconf 89' lang='lat' dir='ltr'><strong>pudicae,</strong></span> <span class='ocrx_word' id='word_1_11' title='bbox 985 713 1027 769; x_wconf 89' lang='lat' dir='ltr'><strong>ut</strong></span> <span class='ocrx_word' id='word_1_12' title='bbox 1041 698 1178 771; x_wconf 86' lang='lat' dir='ltr'><strong>dictum</strong></span> <span class='ocrx_word' id='word_1_13' title='bbox 1194 714 1264 788; x_wconf 91' lang='lat' dir='ltr'><strong>est,</strong></span> <span class='ocrx_word' id='word_1_14' title='bbox 1288 698 1535 770; x_wconf 81' lang='lat' dir='ltr'><strong>defensionem</strong></span> <span class='ocrx_word' id='word_1_15' title='bbox 1555 714 1746 788; x_wconf 69' lang='lat' dir='ltr'><strong>matronas,</strong></span> <span class='ocrx_word' id='word_1_16' title='bbox 1766 718 1802 774; x_wconf 89' lang='lat' dir='ltr'><strong>et</strong></span> 
     </span>
     <span class='ocr_line' id='line_1_3' title="bbox 215 815 1801 915; baseline 0.001 -27"><span class='ocrx_word' id='word_1_17' title='bbox 215 817 561 890; x_wconf 81' lang='lat' dir='ltr'><strong>condemnationem</strong></span> <span class='ocrx_word' id='word_1_18' title='bbox 576 816 844 913; x_wconf 90' lang='lat' dir='ltr'><strong>impudicorum</strong></span> <span class='ocrx_word' id='word_1_19' title='bbox 859 841 999 906; x_wconf 89' lang='lat' dir='ltr'><strong>senum,</strong></span> <span class='ocrx_word' id='word_1_20' title='bbox 1011 817 1049 887; x_wconf 94' lang='lat' dir='ltr'><strong>id</strong></span> <span class='ocrx_word' id='word_1_21' title='bbox 1066 842 1140 888; x_wconf 94' lang='lat' dir='ltr'><strong>non</strong></span> <span class='ocrx_word' id='word_1_22' title='bbox 1158 819 1337 888; x_wconf 90' lang='lat' dir='ltr'><strong>immerito</strong></span> <span class='ocrx_word' id='word_1_23' title='bbox 1351 841 1504 915; x_wconf 89' lang='lat' dir='ltr'><strong>puerum</strong></span> <span class='ocrx_word' id='word_1_24' title='bbox 1515 815 1614 887; x_wconf 91' lang='lat' dir='ltr'><strong>huuc</strong></span> <span class='ocrx_word' id='word_1_25' title='bbox 1630 819 1801 890; x_wconf 90' lang='lat' dir='ltr'><strong>meruisse</strong></span> 
     </span>
     <span class='ocr_line' id='line_1_4' title="bbox 214 935 1800 1034; baseline 0.002 -28"><span class='ocrx_word' id='word_1_26' title='bbox 214 935 408 1024; x_wconf 90' lang='lat' dir='ltr'><strong>credimus,</strong></span> <span class='ocrx_word' id='word_1_27' title='bbox 427 950 467 1006; x_wconf 90' lang='lat' dir='ltr'><strong>ut</strong></span> <span class='ocrx_word' id='word_1_28' title='bbox 481 949 663 1033; x_wconf 68' lang='lat' dir='ltr'><strong>perpetuae</strong></span> <span class='ocrx_word' id='word_1_29' title='bbox 677 935 886 1030; x_wconf 90' lang='lat' dir='ltr'><strong>virginitatis</strong></span> <span class='ocrx_word' id='word_1_30' title='bbox 903 935 1030 1007; x_wconf 86' lang='lat' dir='ltr'><strong>florem</strong></span> <span class='ocrx_word' id='word_1_31' title='bbox 1046 935 1236 1009; x_wconf 90' lang='lat' dir='ltr'><strong>obtineret.</strong></span> <span class='ocrx_word' id='word_1_32' title='bbox 1256 938 1348 1008; x_wconf 91' lang='lat' dir='ltr'><strong>Hinc</strong></span> <span class='ocrx_word' id='word_1_33' title='bbox 1360 961 1505 1034; x_wconf 91' lang='lat' dir='ltr'><strong>quoque</strong></span> <span class='ocrx_word' id='word_1_34' title='bbox 1517 961 1592 1008; x_wconf 92' lang='lat' dir='ltr'><strong>uon</strong></span> <span class='ocrx_word' id='word_1_35' title='bbox 1604 938 1800 1034; x_wconf 87' lang='lat' dir='ltr'><strong>incongrue</strong></span> 
     </span>
     <span class='ocr_line' id='line_1_5' title="bbox 170 1053 1802 1154; baseline 0.003 -30"><span class='ocrx_word' id='word_1_36' title='bbox 170 1103 171 1108; x_wconf 23' lang='grc' dir='ltr'><strong><em>ι</em></strong></span> <span class='ocrx_word' id='word_1_37' title='bbox 215 1054 398 1126; x_wconf 92' lang='lat' dir='ltr'><strong>credimus</strong></span> <span class='ocrx_word' id='word_1_38' title='bbox 413 1055 450 1124; x_wconf 93' lang='lat' dir='ltr'><strong>in</strong></span> <span class='ocrx_word' id='word_1_39' title='bbox 468 1067 606 1154; x_wconf 82' lang='lat' dir='ltr'><strong>tantam</strong></span> <span class='ocrx_word' id='word_1_40' title='bbox 623 1077 774 1150; x_wconf 92' lang='lat' dir='ltr'><strong>puerum</strong></span> <span class='ocrx_word' id='word_1_41' title='bbox 792 1053 924 1126; x_wconf 84' lang='lat' dir='ltr'><strong>famam</strong></span> <span class='ocrx_word' id='word_1_42' title='bbox 941 1079 983 1125; x_wconf 88' lang='lat' dir='ltr'><strong>ex</strong></span> <span class='ocrx_word' id='word_1_43' title='bbox 999 1054 1070 1126; x_wconf 93' lang='lat' dir='ltr'><strong>hoc</strong></span> <span class='ocrx_word' id='word_1_44' title='bbox 1086 1070 1160 1126; x_wconf 91' lang='lat' dir='ltr'><strong>tam</strong></span> <span class='ocrx_word' id='word_1_45' title='bbox 1176 1055 1331 1128; x_wconf 89' lang='lat' dir='ltr'><strong>mirabili</strong></span> <span class='ocrx_word' id='word_1_46' title='bbox 1343 1056 1480 1152; x_wconf 89' lang='lat' dir='ltr'><strong>judicio</strong></span> <span class='ocrx_word' id='word_1_47' title='bbox 1496 1081 1561 1128; x_wconf 90' lang='lat' dir='ltr'><strong>suo</strong></span> <span class='ocrx_word' id='word_1_48' title='bbox 1579 1057 1743 1148; x_wconf 86' lang='lat' dir='ltr'><strong>crevisse,</strong></span> <span class='ocrx_word' id='word_1_49' title='bbox 1763 1074 1802 1130; x_wconf 91' lang='lat' dir='ltr'><strong>ut</strong></span> 
     </span>
     <span class='ocr_line' id='line_1_6' title="bbox 216 1170 1801 1273; baseline 0.003 -32"><span class='ocrx_word' id='word_1_50' title='bbox 216 1173 292 1269; x_wconf 91' lang='lat' dir='ltr'><strong>ipse</strong></span> <span class='ocrx_word' id='word_1_51' title='bbox 309 1170 454 1271; x_wconf 79' lang='lat' dir='ltr'><strong>quoque</strong></span> <span class='ocrx_word' id='word_1_52' title='bbox 471 1171 821 1261; x_wconf 84' lang='lat' dir='ltr'><strong>Nabuchodonosor,</strong></span> <span class='ocrx_word' id='word_1_53' title='bbox 833 1173 897 1269; x_wconf 93' lang='lat' dir='ltr'><strong>qui</strong></span> <span class='ocrx_word' id='word_1_54' title='bbox 912 1198 995 1262; x_wconf 86' lang='lat' dir='ltr'><strong>eum</strong></span> <span class='ocrx_word' id='word_1_55' title='bbox 1010 1173 1265 1272; x_wconf 80' lang='lat' dir='ltr'><strong>captivaverat,</strong></span> <span class='ocrx_word' id='word_1_56' title='bbox 1277 1199 1360 1246; x_wconf 91' lang='lat' dir='ltr'><strong>cum</strong></span> <span class='ocrx_word' id='word_1_57' title='bbox 1375 1175 1509 1246; x_wconf 84' lang='lat' dir='ltr'><strong>caeteris</strong></span> <span class='ocrx_word' id='word_1_58' title='bbox 1525 1200 1608 1246; x_wconf 88' lang='lat' dir='ltr'><strong>eum</strong></span> <span class='ocrx_word' id='word_1_59' title='bbox 1624 1177 1801 1273; x_wconf 83' lang='lat' dir='ltr'><strong>praecipue</strong></span> 
     </span>
     <span class='ocr_line' id='line_1_7' title="bbox 218 1289 1034 1388; baseline 0.006 -29"><span class='ocrx_word' id='word_1_60' title='bbox 218 1291 284 1362; x_wconf 90' lang='lat' dir='ltr'><strong>toti</strong></span> <span class='ocrx_word' id='word_1_61' title='bbox 300 1305 403 1363; x_wconf 88' lang='lat' dir='ltr'><strong>terrae</strong></span> <span class='ocrx_word' id='word_1_62' title='bbox 419 1314 490 1361; x_wconf 76' lang='lat' dir='ltr'><strong>suae</strong></span> <span class='ocrx_word' id='word_1_63' title='bbox 505 1291 608 1388; x_wconf 91' lang='lat' dir='ltr'><strong>quasi</strong></span> <span class='ocrx_word' id='word_1_64' title='bbox 619 1290 781 1386; x_wconf 89' lang='lat' dir='ltr'><strong>judicem</strong></span> <span class='ocrx_word' id='word_1_65' title='bbox 796 1289 1002 1388; x_wconf 81' lang='lat' dir='ltr'><strong>praeficeret.</strong></span> <span class='ocrx_word' id='word_1_66' title='bbox 1032 1359 1034 1364; x_wconf 79' lang='grc'>,</span> 
     </span>
    </p>

    <p class='ocr_par' dir='ltr' id='par_1_3' title="bbox 161 1407 1811 4970">
     <span class='ocr_line' id='line_1_8' title="bbox 271 1407 1802 1510; baseline 0.007 -35"><span class='ocrx_word' id='word_1_67' title='bbox 271 1437 289 1475; x_wconf 95' lang='grc' dir='ltr'><strong>ιι</strong></span> <span class='ocrx_word' id='word_1_68' title='bbox 311 1407 531 1480; x_wconf 85' lang='lat' dir='ltr'><strong>Exclamavit</strong></span> <span class='ocrx_word' id='word_1_69' title='bbox 554 1423 675 1482; x_wconf 89' lang='lat' dir='ltr'><strong>autem</strong></span> <span class='ocrx_word' id='word_1_70' title='bbox 690 1433 779 1480; x_wconf 93' lang='lat' dir='ltr'><strong>voce</strong></span> <span class='ocrx_word' id='word_1_71' title='bbox 804 1433 953 1504; x_wconf 89' lang='lat' dir='ltr'><strong>magna,</strong></span> <span class='ocrx_word' id='word_1_72' title='bbox 977 1425 1013 1482; x_wconf 90' lang='lat' dir='ltr'><strong>et</strong></span> <span class='ocrx_word' id='word_1_73' title='bbox 1033 1410 1137 1482; x_wconf 79' lang='lat' dir='ltr'><strong>dixit¹</strong></span> <span class='ocrx_word' id='word_1_74' title='bbox 1158 1439 1166 1482; x_wconf 93' lang='lat'><strong>:</strong></span> <span class='ocrx_word' id='word_1_75' title='bbox 1189 1440 1206 1478; x_wconf 92' lang='grc' dir='ltr'><strong>ιι</strong></span> <span class='ocrx_word' id='word_1_76' title='bbox 1221 1412 1376 1485; x_wconf 87' lang='lat' dir='ltr'><strong>Mundus</strong></span> <span class='ocrx_word' id='word_1_77' title='bbox 1397 1439 1463 1510; x_wconf 92' lang='lat' dir='ltr'><strong>ego</strong></span> <span class='ocrx_word' id='word_1_78' title='bbox 1488 1434 1568 1484; x_wconf 92' lang='lat' dir='ltr'><strong>sum</strong></span> <span class='ocrx_word' id='word_1_79' title='bbox 1589 1438 1610 1486; x_wconf 89' lang='lat' dir='ltr'><strong>a</strong></span> <span class='ocrx_word' id='word_1_80' title='bbox 1630 1416 1802 1510; x_wconf 90' lang='lat' dir='ltr'><strong>sanguine</strong></span> 
     </span>
     <span class='ocr_line' id='line_1_9' title="bbox 221 1527 1802 1631; baseline 0.009 -40"><span class='ocrx_word' id='word_1_81' title='bbox 221 1555 239 1592; x_wconf 95' lang='grc' dir='ltr'><strong>ιι</strong></span> <span class='ocrx_word' id='word_1_82' title='bbox 252 1527 370 1622; x_wconf 88' lang='lat' dir='ltr'><strong>hujus.</strong></span> <span class='ocrx_word' id='word_1_83' title='bbox 385 1555 402 1596; x_wconf 79' lang='lat' dir='ltr'><strong>n</strong></span> <span class='ocrx_word' id='word_1_84' title='bbox 420 1533 464 1598; x_wconf 86' lang='lat' dir='ltr'><strong>Et</strong></span> <span class='ocrx_word' id='word_1_85' title='bbox 478 1552 673 1600; x_wconf 87' lang='lat' dir='ltr'><strong>conversus</strong></span> <span class='ocrx_word' id='word_1_86' title='bbox 686 1530 804 1600; x_wconf 91' lang='lat' dir='ltr'><strong>omnis</strong></span> <span class='ocrx_word' id='word_1_87' title='bbox 817 1529 973 1627; x_wconf 90' lang='lat' dir='ltr'><strong>populus</strong></span> <span class='ocrx_word' id='word_1_88' title='bbox 987 1529 1141 1621; x_wconf 87' lang='lat' dir='ltr'><strong>adeum,</strong></span> <span class='ocrx_word' id='word_1_89' title='bbox 1156 1531 1265 1604; x_wconf 77' lang='lat' dir='ltr'><strong>dixit:</strong></span> <span class='ocrx_word' id='word_1_90' title='bbox 1281 1560 1298 1600; x_wconf 91' lang='grc' dir='ltr'><strong>ιι</strong></span> <span class='ocrx_word' id='word_1_91' title='bbox 1312 1533 1400 1619; x_wconf 90' lang='lat' dir='ltr'><strong>Quis</strong></span> <span class='ocrx_word' id='word_1_92' title='bbox 1416 1539 1469 1605; x_wconf 89' lang='lat' dir='ltr'><strong>est</strong></span> <span class='ocrx_word' id='word_1_93' title='bbox 1485 1533 1549 1605; x_wconf 91' lang='lat' dir='ltr'><strong>iste</strong></span> <span class='ocrx_word' id='word_1_94' title='bbox 1561 1557 1679 1605; x_wconf 90' lang='lat' dir='ltr'><strong>sermo</strong></span> <span class='ocrx_word' id='word_1_95' title='bbox 1693 1559 1802 1631; x_wconf 91' lang='lat' dir='ltr'><strong>quem</strong></span> 
     </span>
     <span class='ocr_line' id='line_1_10' title="bbox 221 1645 1801 1744; baseline 0.008 -33"><span class='ocrx_word' id='word_1_96' title='bbox 221 1675 238 1712; x_wconf 95' lang='grc' dir='ltr'><strong>ιι</strong></span> <span class='ocrx_word' id='word_1_97' title='bbox 252 1645 391 1718; x_wconf 91' lang='lat' dir='ltr'><strong>loeutus</strong></span> <span class='ocrx_word' id='word_1_98' title='bbox 408 1649 465 1718; x_wconf 81' lang='lat' dir='ltr'><strong>es?</strong></span> <span class='ocrx_word' id='word_1_99' title='bbox 477 1675 495 1714; x_wconf 83' lang='lat' dir='ltr'><strong>n</strong></span> <span class='ocrx_word' id='word_1_100' title='bbox 515 1648 586 1733; x_wconf 92' lang='lat' dir='ltr'><strong>Qui</strong></span> <span class='ocrx_word' id='word_1_101' title='bbox 605 1672 719 1744; x_wconf 92' lang='lat' dir='ltr'><strong>quum</strong></span> <span class='ocrx_word' id='word_1_102' title='bbox 735 1662 844 1720; x_wconf 88' lang='lat' dir='ltr'><strong>staret</strong></span> <span class='ocrx_word' id='word_1_103' title='bbox 859 1649 897 1719; x_wconf 92' lang='lat' dir='ltr'><strong>in</strong></span> <span class='ocrx_word' id='word_1_104' title='bbox 914 1649 1036 1720; x_wconf 93' lang='lat' dir='ltr'><strong>medio</strong></span> <span class='ocrx_word' id='word_1_105' title='bbox 1052 1673 1179 1720; x_wconf 91' lang='lat' dir='ltr'><strong>eorum</strong></span> <span class='ocrx_word' id='word_1_106' title='bbox 1195 1651 1244 1722; x_wconf 91' lang='lat' dir='ltr'><strong>ait</strong></span> <span class='ocrx_word' id='word_1_107' title='bbox 1264 1679 1271 1721; x_wconf 91' lang='lat'><strong>:</strong></span> <span class='ocrx_word' id='word_1_108' title='bbox 1294 1679 1312 1718; x_wconf 90' lang='grc' dir='ltr'><strong>ιι</strong></span> <span class='ocrx_word' id='word_1_109' title='bbox 1324 1653 1381 1721; x_wconf 91' lang='lat' dir='ltr'><strong>Sic</strong></span> <span class='ocrx_word' id='word_1_110' title='bbox 1398 1651 1485 1723; x_wconf 80' lang='lat' dir='ltr'><strong>fatui</strong></span> <span class='ocrx_word' id='word_1_111' title='bbox 1501 1654 1567 1723; x_wconf 88' lang='lat' dir='ltr'><strong>viri</strong></span> <span class='ocrx_word' id='word_1_112' title='bbox 1584 1652 1706 1742; x_wconf 89' lang='lat' dir='ltr'><strong>lsrael,</strong></span> <span class='ocrx_word' id='word_1_113' title='bbox 1726 1679 1801 1724; x_wconf 95' lang='lat' dir='ltr'><strong>non</strong></span> 
     </span>
     <span class='ocr_line' id='line_1_11' title="bbox 222 1766 1802 1866; baseline 0.006 -33"><span class='ocrx_word' id='word_1_114' title='bbox 222 1795 238 1832; x_wconf 92' lang='grc' dir='ltr'><strong>ιι</strong></span> <span class='ocrx_word' id='word_1_115' title='bbox 253 1766 472 1862; x_wconf 84' lang='lat' dir='ltr'><strong>judicantes,</strong></span> <span class='ocrx_word' id='word_1_116' title='bbox 491 1791 608 1864; x_wconf 91' lang='lat' dir='ltr'><strong>neque</strong></span> <span class='ocrx_word' id='word_1_117' title='bbox 624 1768 724 1864; x_wconf 92' lang='lat' dir='ltr'><strong>quod</strong></span> <span class='ocrx_word' id='word_1_118' title='bbox 745 1793 872 1866; x_wconf 88' lang='lat' dir='ltr'><strong>verum</strong></span> <span class='ocrx_word' id='word_1_119' title='bbox 891 1783 945 1840; x_wconf 91' lang='lat' dir='ltr'><strong>est</strong></span> <span class='ocrx_word' id='word_1_120' title='bbox 964 1783 1244 1864; x_wconf 83' lang='lat' dir='ltr'><strong>cognoscentes,</strong></span> <span class='ocrx_word' id='word_1_121' title='bbox 1263 1771 1530 1842; x_wconf 86' lang='lat' dir='ltr'><strong>condemnastis</strong></span> <span class='ocrx_word' id='word_1_122' title='bbox 1546 1771 1656 1842; x_wconf 84' lang='lat' dir='ltr'><strong>filiam</strong></span> <span class='ocrx_word' id='word_1_123' title='bbox 1676 1772 1802 1844; x_wconf 84' lang='lat' dir='ltr'><strong>lsrael?</strong></span> 
     </span>
     <span class='ocr_line' id='line_1_12' title="bbox 222 1887 1800 1984; baseline 0.004 -32"><span class='ocrx_word' id='word_1_124' title='bbox 222 1915 241 1952; x_wconf 97' lang='grc' dir='ltr'><strong>ιι</strong></span> <span class='ocrx_word' id='word_1_125' title='bbox 253 1889 483 1959; x_wconf 88' lang='lat' dir='ltr'><strong>Revertimini</strong></span> <span class='ocrx_word' id='word_1_126' title='bbox 500 1888 546 1960; x_wconf 92' lang='lat' dir='ltr'><strong>ad</strong></span> <span class='ocrx_word' id='word_1_127' title='bbox 561 1887 756 1983; x_wconf 86' lang='lat' dir='ltr'><strong>judicium,</strong></span> <span class='ocrx_word' id='word_1_128' title='bbox 773 1889 858 1984; x_wconf 89' lang='lat' dir='ltr'><strong>quia</strong></span> <span class='ocrx_word' id='word_1_129' title='bbox 871 1887 999 1960; x_wconf 88' lang='lat' dir='ltr'><strong>salsum</strong></span> <span class='ocrx_word' id='word_1_130' title='bbox 1015 1889 1259 1960; x_wconf 89' lang='lat' dir='ltr'><strong>testimonium</strong></span> <span class='ocrx_word' id='word_1_131' title='bbox 1271 1888 1381 1960; x_wconf 92' lang='lat' dir='ltr'><strong>locuti</strong></span> <span class='ocrx_word' id='word_1_132' title='bbox 1391 1904 1476 1960; x_wconf 91' lang='lat' dir='ltr'><strong>sunt</strong></span> <span class='ocrx_word' id='word_1_133' title='bbox 1491 1889 1661 1960; x_wconf 88' lang='lat' dir='ltr'><strong>adversus</strong></span> <span class='ocrx_word' id='word_1_134' title='bbox 1677 1915 1768 1962; x_wconf 88' lang='lat' dir='ltr'><strong>eam.</strong></span> <span class='ocrx_word' id='word_1_135' title='bbox 1783 1921 1800 1958; x_wconf 79' lang='lat' dir='ltr'><strong>n</strong></span> 
     </span>
     <span class='ocr_line' id='line_1_13' title="bbox 221 2004 1803 2104; baseline 0.003 -30"><span class='ocrx_word' id='word_1_136' title='bbox 221 2008 393 2075; x_wconf 86' lang='lat' dir='ltr'><strong>Reversus</strong></span> <span class='ocrx_word' id='word_1_137' title='bbox 414 2019 467 2076; x_wconf 92' lang='lat' dir='ltr'><strong>est</strong></span> <span class='ocrx_word' id='word_1_138' title='bbox 487 2028 572 2101; x_wconf 87' lang='lat' dir='ltr'><strong>ergo</strong></span> <span class='ocrx_word' id='word_1_139' title='bbox 594 2004 749 2103; x_wconf 94' lang='lat' dir='ltr'><strong>populus</strong></span> <span class='ocrx_word' id='word_1_140' title='bbox 769 2029 852 2076; x_wconf 91' lang='lat' dir='ltr'><strong>cum</strong></span> <span class='ocrx_word' id='word_1_141' title='bbox 873 2004 1112 2080; x_wconf 80' lang='lat' dir='ltr'><strong>festinatione.</strong></span> <span class='ocrx_word' id='word_1_142' title='bbox 1141 2005 1249 2104; x_wconf 84' lang='lat' dir='ltr'><strong>Quod</strong></span> <span class='ocrx_word' id='word_1_143' title='bbox 1264 2029 1351 2076; x_wconf 90' lang='lat' dir='ltr'><strong>vero</strong></span> <span class='ocrx_word' id='word_1_144' title='bbox 1368 2020 1442 2077; x_wconf 87' lang='lat' dir='ltr'><strong>tam</strong></span> <span class='ocrx_word' id='word_1_145' title='bbox 1458 2004 1638 2095; x_wconf 89' lang='lat' dir='ltr'><strong>mirabile,</strong></span> <span class='ocrx_word' id='word_1_146' title='bbox 1657 2006 1713 2078; x_wconf 93' lang='lat' dir='ltr'><strong>vel</strong></span> <span class='ocrx_word' id='word_1_147' title='bbox 1729 2022 1803 2079; x_wconf 90' lang='lat' dir='ltr'><strong>tam</strong></span> 
     </span>
     <span class='ocr_line' id='line_1_14' title="bbox 221 2124 1805 2224; baseline 0.003 -30"><span class='ocrx_word' id='word_1_148' title='bbox 221 2124 350 2196; x_wconf 88' lang='lat' dir='ltr'><strong>divinae</strong></span> <span class='ocrx_word' id='word_1_149' title='bbox 367 2125 508 2196; x_wconf 90' lang='lat' dir='ltr'><strong>virtutis</strong></span> <span class='ocrx_word' id='word_1_150' title='bbox 532 2125 762 2197; x_wconf 86' lang='lat' dir='ltr'><strong>manifestum</strong></span> <span class='ocrx_word' id='word_1_151' title='bbox 781 2126 941 2221; x_wconf 87' lang='lat' dir='ltr'><strong>signum,</strong></span> <span class='ocrx_word' id='word_1_152' title='bbox 964 2140 1099 2198; x_wconf 90' lang='lat' dir='ltr'><strong>uttam</strong></span> <span class='ocrx_word' id='word_1_153' title='bbox 1119 2126 1191 2196; x_wconf 92' lang='lat' dir='ltr'><strong>cito</strong></span> <span class='ocrx_word' id='word_1_154' title='bbox 1212 2125 1259 2198; x_wconf 87' lang='lat' dir='ltr'><strong>ad</strong></span> <span class='ocrx_word' id='word_1_155' title='bbox 1279 2127 1385 2196; x_wconf 91' lang='lat' dir='ltr'><strong>unius</strong></span> <span class='ocrx_word' id='word_1_156' title='bbox 1400 2128 1503 2224; x_wconf 90' lang='lat' dir='ltr'><strong>pueri</strong></span> <span class='ocrx_word' id='word_1_157' title='bbox 1522 2127 1678 2199; x_wconf 90' lang='lat' dir='ltr'><strong>subitam</strong></span> <span class='ocrx_word' id='word_1_158' title='bbox 1694 2129 1805 2199; x_wconf 91' lang='lat' dir='ltr'><strong>inore·</strong></span> 
     </span>
     <span class='ocr_line' id='line_1_15' title="bbox 222 2241 1803 2340; baseline 0 -26"><span class='ocrx_word' id='word_1_159' title='bbox 222 2243 406 2338; x_wconf 81' lang='lat' dir='ltr'><strong>partionem</strong></span> <span class='ocrx_word' id='word_1_160' title='bbox 427 2257 524 2314; x_wconf 91' lang='lat' dir='ltr'><strong>totus</strong></span> <span class='ocrx_word' id='word_1_161' title='bbox 541 2242 749 2314; x_wconf 87' lang='lat' dir='ltr'><strong>subsisteret</strong></span> <span class='ocrx_word' id='word_1_162' title='bbox 768 2242 941 2340; x_wconf 90' lang='lat' dir='ltr'><strong>populus,</strong></span> <span class='ocrx_word' id='word_1_163' title='bbox 964 2257 1000 2314; x_wconf 91' lang='lat' dir='ltr'><strong>et</strong></span> <span class='ocrx_word' id='word_1_164' title='bbox 1016 2267 1060 2314; x_wconf 90' lang='lat' dir='ltr'><strong>eo</strong></span> <span class='ocrx_word' id='word_1_165' title='bbox 1078 2241 1266 2339; x_wconf 88' lang='lat' dir='ltr'><strong>diligenter</strong></span> <span class='ocrx_word' id='word_1_166' title='bbox 1282 2242 1424 2332; x_wconf 90' lang='lat' dir='ltr'><strong>audit0,</strong></span> <span class='ocrx_word' id='word_1_167' title='bbox 1447 2241 1494 2314; x_wconf 89' lang='lat' dir='ltr'><strong>ad</strong></span> <span class='ocrx_word' id='word_1_168' title='bbox 1511 2244 1686 2340; x_wconf 90' lang='lat' dir='ltr'><strong>judicium</strong></span> <span class='ocrx_word' id='word_1_169' title='bbox 1707 2245 1803 2316; x_wconf 90' lang='lat' dir='ltr'><strong>sesti·</strong></span> 
     </span>
     <span class='ocr_line' id='line_1_16' title="bbox 222 2363 1806 2463; baseline -0.001 -24"><span class='ocrx_word' id='word_1_170' title='bbox 222 2381 351 2439; x_wconf 89' lang='lat' dir='ltr'><strong>nanter</strong></span> <span class='ocrx_word' id='word_1_171' title='bbox 366 2363 518 2436; x_wconf 84' lang='lat' dir='ltr'><strong>rediret?</strong></span> <span class='ocrx_word' id='word_1_172' title='bbox 534 2364 630 2451; x_wconf 91' lang='lat' dir='ltr'><strong>Quid</strong></span> <span class='ocrx_word' id='word_1_173' title='bbox 646 2365 684 2436; x_wconf 89' lang='lat' dir='ltr'><strong>iu</strong></span> <span class='ocrx_word' id='word_1_174' title='bbox 701 2389 745 2436; x_wconf 93' lang='lat' dir='ltr'><strong>eo</strong></span> <span class='ocrx_word' id='word_1_175' title='bbox 762 2363 949 2453; x_wconf 83' lang='lat' dir='ltr'><strong>cernebat,</strong></span> <span class='ocrx_word' id='word_1_176' title='bbox 966 2388 1076 2461; x_wconf 91' lang='lat' dir='ltr'><strong>quem</strong></span> <span class='ocrx_word' id='word_1_177' title='bbox 1091 2379 1175 2436; x_wconf 87' lang='lat' dir='ltr'><strong>aetas</strong></span> <span class='ocrx_word' id='word_1_178' title='bbox 1191 2364 1380 2462; x_wconf 90' lang='lat' dir='ltr'><strong>parvulum</strong></span> <span class='ocrx_word' id='word_1_179' title='bbox 1401 2365 1626 2436; x_wconf 88' lang='lat' dir='ltr'><strong>monstrabat</strong></span> <span class='ocrx_word' id='word_1_180' title='bbox 1641 2380 1676 2436; x_wconf 90' lang='lat' dir='ltr'><strong>et</strong></span> <span class='ocrx_word' id='word_1_181' title='bbox 1692 2365 1806 2463; x_wconf 90' lang='lat' dir='ltr'><strong>despi-</strong></span> 
     </span>
     <span class='ocr_line' id='line_1_17' title="bbox 222 2483 1809 2580; baseline -0.001 -27"><span class='ocrx_word' id='word_1_182' title='bbox 222 2486 390 2576; x_wconf 88' lang='lat' dir='ltr'><strong>cabilem,</strong></span> <span class='ocrx_word' id='word_1_183' title='bbox 420 2507 488 2556; x_wconf 90' lang='lat' dir='ltr'><strong>nec</strong></span> <span class='ocrx_word' id='word_1_184' title='bbox 510 2485 661 2555; x_wconf 90' lang='lat' dir='ltr'><strong>omnino</strong></span> <span class='ocrx_word' id='word_1_185' title='bbox 682 2483 729 2556; x_wconf 92' lang='lat' dir='ltr'><strong>ad</strong></span> <span class='ocrx_word' id='word_1_186' title='bbox 753 2497 894 2556; x_wconf 89' lang='lat' dir='ltr'><strong>tantum</strong></span> <span class='ocrx_word' id='word_1_187' title='bbox 915 2485 1099 2580; x_wconf 88' lang='lat' dir='ltr'><strong>negotium</strong></span> <span class='ocrx_word' id='word_1_188' title='bbox 1124 2484 1360 2556; x_wconf 87' lang='lat' dir='ltr'><strong>sufficientem</strong></span> <span class='ocrx_word' id='word_1_189' title='bbox 1385 2483 1617 2556; x_wconf 83' lang='lat' dir='ltr'><strong>ostendebat?</strong></span> <span class='ocrx_word' id='word_1_190' title='bbox 1642 2485 1809 2556; x_wconf 63' lang='lat' dir='ltr'><strong>Proiecto.</strong></span> 
     </span>
     <span class='ocr_line' id='line_1_18' title="bbox 222 2601 1804 2700; baseline 0 -26"><span class='ocrx_word' id='word_1_191' title='bbox 222 2619 368 2676; x_wconf 89' lang='lat' dir='ltr'><strong>nonest</strong></span> <span class='ocrx_word' id='word_1_192' title='bbox 383 2602 640 2698; x_wconf 82' lang='lat' dir='ltr'><strong>ambigendum</strong></span> <span class='ocrx_word' id='word_1_193' title='bbox 660 2627 744 2673; x_wconf 90' lang='lat' dir='ltr'><strong>eum</strong></span> <span class='ocrx_word' id='word_1_194' title='bbox 764 2627 838 2699; x_wconf 93' lang='lat' dir='ltr'><strong>quo</strong></span> <span class='ocrx_word' id='word_1_195' title='bbox 860 2601 1015 2700; x_wconf 90' lang='lat' dir='ltr'><strong>repletus</strong></span> <span class='ocrx_word' id='word_1_196' title='bbox 1032 2617 1102 2692; x_wconf 90' lang='lat' dir='ltr'><strong>est,</strong></span> <span class='ocrx_word' id='word_1_197' title='bbox 1121 2603 1285 2700; x_wconf 90' lang='lat' dir='ltr'><strong>spiritum</strong></span> <span class='ocrx_word' id='word_1_198' title='bbox 1302 2601 1422 2698; x_wconf 90' lang='lat' dir='ltr'><strong>aliquo</strong></span> <span class='ocrx_word' id='word_1_199' title='bbox 1444 2601 1633 2674; x_wconf 78' lang='lat' dir='ltr'><strong>manifesto</strong></span> <span class='ocrx_word' id='word_1_200' title='bbox 1648 2603 1751 2698; x_wconf 92' lang='lat' dir='ltr'><strong>signo</strong></span> <span class='ocrx_word' id='word_1_201' title='bbox 1767 2606 1804 2674; x_wconf 92' lang='lat' dir='ltr'><strong>in</strong></span> 
     </span>
     <span class='ocr_line' id='line_1_19' title="bbox 223 2719 1805 2819; baseline 0 -25"><span class='ocrx_word' id='word_1_202' title='bbox 223 2747 267 2794; x_wconf 91' lang='lat' dir='ltr'><strong>eo</strong></span> <span class='ocrx_word' id='word_1_203' title='bbox 284 2747 360 2794; x_wconf 89' lang='lat' dir='ltr'><strong>esse</strong></span> <span class='ocrx_word' id='word_1_204' title='bbox 376 2723 507 2809; x_wconf 93' lang='lat' dir='ltr'><strong>visum,</strong></span> <span class='ocrx_word' id='word_1_205' title='bbox 525 2736 563 2792; x_wconf 91' lang='lat' dir='ltr'><strong>et</strong></span> <span class='ocrx_word' id='word_1_206' title='bbox 577 2720 751 2819; x_wconf 89' lang='lat' dir='ltr'><strong>quiddam</strong></span> <span class='ocrx_word' id='word_1_207' title='bbox 768 2721 931 2804; x_wconf 80' lang='lat' dir='ltr'><strong>divinum</strong></span> <span class='ocrx_word' id='word_1_208' title='bbox 946 2721 984 2792; x_wconf 93' lang='lat' dir='ltr'><strong>in</strong></span> <span class='ocrx_word' id='word_1_209' title='bbox 1001 2720 1103 2792; x_wconf 93' lang='lat' dir='ltr'><strong>vultu</strong></span> <span class='ocrx_word' id='word_1_210' title='bbox 1119 2721 1195 2816; x_wconf 90' lang='lat' dir='ltr'><strong>ejus</strong></span> <span class='ocrx_word' id='word_1_211' title='bbox 1211 2719 1268 2792; x_wconf 90' lang='lat' dir='ltr'><strong>vel</strong></span> <span class='ocrx_word' id='word_1_212' title='bbox 1279 2719 1405 2792; x_wconf 91' lang='lat' dir='ltr'><strong>habitu</strong></span> <span class='ocrx_word' id='word_1_213' title='bbox 1421 2721 1639 2819; x_wconf 87' lang='lat' dir='ltr'><strong>apparuisse,</strong></span> <span class='ocrx_word' id='word_1_214' title='bbox 1653 2722 1743 2792; x_wconf 89' lang='lat' dir='ltr'><strong>sicut</strong></span> <span class='ocrx_word' id='word_1_215' title='bbox 1759 2723 1805 2794; x_wconf 88' lang='lat' dir='ltr'><strong>de</strong></span> 
     </span>
     <span class='ocr_line' id='line_1_20' title="bbox 222 2838 1805 2937; baseline 0 -24"><span class='ocrx_word' id='word_1_216' title='bbox 222 2843 381 2913; x_wconf 87' lang='lat' dir='ltr'><strong>Domino</strong></span> <span class='ocrx_word' id='word_1_217' title='bbox 398 2840 569 2928; x_wconf 88' lang='lat' dir='ltr'><strong>creditur,</strong></span> <span class='ocrx_word' id='word_1_218' title='bbox 588 2863 701 2937; x_wconf 92' lang='lat' dir='ltr'><strong>quum</strong></span> <span class='ocrx_word' id='word_1_219' title='bbox 717 2841 793 2937; x_wconf 91' lang='lat' dir='ltr'><strong>ipse</strong></span> <span class='ocrx_word' id='word_1_220' title='bbox 809 2838 906 2912; x_wconf 90' lang='lat' dir='ltr'><strong>solus</strong></span> <span class='ocrx_word' id='word_1_221' title='bbox 922 2863 1049 2910; x_wconf 89' lang='lat' dir='ltr'><strong>omnes</strong></span> <span class='ocrx_word' id='word_1_222' title='bbox 1064 2839 1198 2937; x_wconf 88' lang='lat' dir='ltr'><strong>pariter</strong></span> <span class='ocrx_word' id='word_1_223' title='bbox 1215 2853 1288 2910; x_wconf 90' lang='lat' dir='ltr'><strong>tam</strong></span> <span class='ocrx_word' id='word_1_224' title='bbox 1304 2854 1464 2911; x_wconf 89' lang='lat' dir='ltr'><strong>ementes</strong></span> <span class='ocrx_word' id='word_1_225' title='bbox 1484 2863 1594 2936; x_wconf 85' lang='lat' dir='ltr'><strong>quam</strong></span> <span class='ocrx_word' id='word_1_226' title='bbox 1610 2841 1805 2914; x_wconf 83' lang='lat' dir='ltr'><strong>vendentes</strong></span> 
     </span>
     <span class='ocr_line' id='line_1_21' title="bbox 222 2957 1806 3059; baseline -0.001 -26"><span class='ocrx_word' id='word_1_227' title='bbox 222 2959 269 3033; x_wconf 92' lang='lat' dir='ltr'><strong>de</strong></span> <span class='ocrx_word' id='word_1_228' title='bbox 285 2959 421 3058; x_wconf 93' lang='lat' dir='ltr'><strong>templo</strong></span> <span class='ocrx_word' id='word_1_229' title='bbox 437 2959 592 3054; x_wconf 89' lang='lat' dir='ltr'><strong>ejiceret.</strong></span> <span class='ocrx_word' id='word_1_230' title='bbox 612 2963 765 3031; x_wconf 83' lang='lat' dir='ltr'><strong>Reverso</strong></span> <span class='ocrx_word' id='word_1_231' title='bbox 782 2974 903 3031; x_wconf 90' lang='lat' dir='ltr'><strong>autem</strong></span> <span class='ocrx_word' id='word_1_232' title='bbox 918 2957 965 3030; x_wconf 91' lang='lat' dir='ltr'><strong>ad</strong></span> <span class='ocrx_word' id='word_1_233' title='bbox 976 2958 1153 3055; x_wconf 87' lang='lat' dir='ltr'><strong>judicium</strong></span> <span class='ocrx_word' id='word_1_234' title='bbox 1169 2958 1319 3059; x_wconf 90' lang='lat' dir='ltr'><strong>populo,</strong></span> <span class='ocrx_word' id='word_1_235' title='bbox 1338 2981 1448 3055; x_wconf 78' lang='lat' dir='ltr'><strong>quam</strong></span> <span class='ocrx_word' id='word_1_236' title='bbox 1463 2973 1682 3049; x_wconf 87' lang='lat' dir='ltr'><strong>constanter,</strong></span> <span class='ocrx_word' id='word_1_237' title='bbox 1696 2984 1806 3057; x_wconf 89' lang='lat' dir='ltr'><strong>quam</strong></span> 
     </span>
     <span class='ocr_line' id='line_1_22' title="bbox 222 3076 1802 3176; baseline 0 -26"><span class='ocrx_word' id='word_1_238' title='bbox 222 3079 402 3176; x_wconf 86' lang='lat' dir='ltr'><strong>sapienter</strong></span> <span class='ocrx_word' id='word_1_239' title='bbox 413 3076 523 3173; x_wconf 86' lang='lat' dir='ltr'><strong>judex</strong></span> <span class='ocrx_word' id='word_1_240' title='bbox 539 3101 666 3149; x_wconf 91' lang='lat' dir='ltr'><strong>senum</strong></span> <span class='ocrx_word' id='word_1_241' title='bbox 682 3101 785 3175; x_wconf 87' lang='lat' dir='ltr'><strong>puer,</strong></span> <span class='ocrx_word' id='word_1_242' title='bbox 795 3077 870 3148; x_wconf 90' lang='lat' dir='ltr'><strong>imo</strong></span> <span class='ocrx_word' id='word_1_243' title='bbox 886 3077 923 3147; x_wconf 93' lang='lat' dir='ltr'><strong>in</strong></span> <span class='ocrx_word' id='word_1_244' title='bbox 940 3101 1054 3175; x_wconf 90' lang='lat' dir='ltr'><strong>puero</strong></span> <span class='ocrx_word' id='word_1_245' title='bbox 1073 3077 1223 3175; x_wconf 91' lang='lat' dir='ltr'><strong>Spiritus</strong></span> <span class='ocrx_word' id='word_1_246' title='bbox 1234 3091 1379 3148; x_wconf 87' lang='lat' dir='ltr'><strong>sanctus</strong></span> <span class='ocrx_word' id='word_1_247' title='bbox 1395 3076 1562 3174; x_wconf 90' lang='lat' dir='ltr'><strong>loquatur</strong></span> <span class='ocrx_word' id='word_1_248' title='bbox 1578 3078 1802 3150; x_wconf 83' lang='lat' dir='ltr'><strong>audiamus¹:</strong></span> 
     </span>
     <span class='ocr_line' id='line_1_23' title="bbox 226 3195 1806 3296; baseline 0.003 -32"><span class='ocrx_word' id='word_1_249' title='bbox 226 3225 244 3264; x_wconf 93' lang='grc' dir='ltr'><strong>ιι</strong></span> <span class='ocrx_word' id='word_1_250' title='bbox 263 3199 432 3295; x_wconf 89' lang='lat' dir='ltr'><strong>Separate</strong></span> <span class='ocrx_word' id='word_1_251' title='bbox 448 3221 511 3268; x_wconf 92' lang='lat' dir='ltr'><strong>eos</strong></span> <span class='ocrx_word' id='word_1_252' title='bbox 526 3196 573 3269; x_wconf 89' lang='lat' dir='ltr'><strong>ab</strong></span> <span class='ocrx_word' id='word_1_253' title='bbox 590 3195 896 3296; x_wconf 90' lang='lat' dir='ltr'><strong>invicemprocul,</strong></span> <span class='ocrx_word' id='word_1_254' title='bbox 915 3211 951 3268; x_wconf 91' lang='lat' dir='ltr'><strong>et</strong></span> <span class='ocrx_word' id='word_1_255' title='bbox 967 3195 1173 3292; x_wconf 89' lang='lat' dir='ltr'><strong>dijudicabo</strong></span> <span class='ocrx_word' id='word_1_256' title='bbox 1184 3219 1260 3266; x_wconf 91' lang='lat' dir='ltr'><strong>eos.</strong></span> <span class='ocrx_word' id='word_1_257' title='bbox 1274 3224 1292 3263; x_wconf 73' lang='grc' dir='ltr'><strong>ιι</strong></span> <span class='ocrx_word' id='word_1_258' title='bbox 1310 3201 1355 3266; x_wconf 85' lang='lat' dir='ltr'><strong>Et</strong></span> <span class='ocrx_word' id='word_1_259' title='bbox 1366 3196 1483 3293; x_wconf 90' lang='lat' dir='ltr'><strong>primo</strong></span> <span class='ocrx_word' id='word_1_260' title='bbox 1495 3195 1643 3293; x_wconf 91' lang='lat' dir='ltr'><strong>quidem</strong></span> <span class='ocrx_word' id='word_1_261' title='bbox 1654 3199 1806 3293; x_wconf 86' lang='lat' dir='ltr'><strong>graviter</strong></span> 
     </span>
     <span class='ocr_line' id='line_1_24' title="bbox 224 3312 1803 3412; baseline 0.001 -26"><span class='ocrx_word' id='word_1_262' title='bbox 224 3313 446 3412; x_wconf 85' lang='lat' dir='ltr'><strong>increpando</strong></span> <span class='ocrx_word' id='word_1_263' title='bbox 467 3329 574 3412; x_wconf 91' lang='lat' dir='ltr'><strong>atque</strong></span> <span class='ocrx_word' id='word_1_264' title='bbox 598 3315 784 3410; x_wconf 89' lang='lat' dir='ltr'><strong>arguendo</strong></span> <span class='ocrx_word' id='word_1_265' title='bbox 806 3339 868 3386; x_wconf 90' lang='lat' dir='ltr'><strong>eos</strong></span> <span class='ocrx_word' id='word_1_266' title='bbox 885 3314 1021 3392; x_wconf 84' lang='lat' dir='ltr'><strong>dixerat</strong></span> <span class='ocrx_word' id='word_1_267' title='bbox 1039 3342 1048 3384; x_wconf 76' lang='grc' dir='ltr'><strong><em>ε</em></strong></span> <span class='ocrx_word' id='word_1_268' title='bbox 1070 3343 1088 3382; x_wconf 92' lang='grc' dir='ltr'><strong>ιι</strong></span> <span class='ocrx_word' id='word_1_269' title='bbox 1101 3314 1158 3384; x_wconf 94' lang='lat' dir='ltr'><strong>Sic</strong></span> <span class='ocrx_word' id='word_1_270' title='bbox 1175 3313 1262 3386; x_wconf 81' lang='lat' dir='ltr'><strong>latui</strong></span> <span class='ocrx_word' id='word_1_271' title='bbox 1280 3312 1343 3385; x_wconf 86' lang='lat' dir='ltr'><strong>filii</strong></span> <span class='ocrx_word' id='word_1_272' title='bbox 1358 3314 1482 3402; x_wconf 88' lang='lat' dir='ltr'><strong>lsrael,</strong></span> <span class='ocrx_word' id='word_1_273' title='bbox 1502 3339 1576 3386; x_wconf 91' lang='lat' dir='ltr'><strong>non</strong></span> <span class='ocrx_word' id='word_1_274' title='bbox 1589 3315 1803 3412; x_wconf 87' lang='lat' dir='ltr'><strong>judicantes,</strong></span> 
     </span>
     <span class='ocr_line' id='line_1_25' title="bbox 224 3433 1809 3540; baseline 0.001 -34"><span class='ocrx_word' id='word_1_275' title='bbox 224 3457 342 3532; x_wconf 88' lang='lat' dir='ltr'><strong>neque</strong></span> <span class='ocrx_word' id='word_1_276' title='bbox 358 3433 458 3532; x_wconf 92' lang='lat' dir='ltr'><strong>quod</strong></span> <span class='ocrx_word' id='word_1_277' title='bbox 474 3458 601 3505; x_wconf 91' lang='lat' dir='ltr'><strong>verum</strong></span> <span class='ocrx_word' id='word_1_278' title='bbox 615 3449 669 3506; x_wconf 90' lang='lat' dir='ltr'><strong>est</strong></span> <span class='ocrx_word' id='word_1_279' title='bbox 684 3449 955 3530; x_wconf 87' lang='lat' dir='ltr'><strong>cognoscentes,</strong></span> <span class='ocrx_word' id='word_1_280' title='bbox 977 3448 1046 3506; x_wconf 93' lang='lat' dir='ltr'><strong>etc.</strong></span> <span class='ocrx_word' id='word_1_281' title='bbox 1062 3462 1080 3501; x_wconf 83' lang='grc' dir='ltr'><strong>ιι</strong></span> <span class='ocrx_word' id='word_1_282' title='bbox 1104 3437 1191 3521; x_wconf 76' lang='lat' dir='ltr'><strong>Quae</strong></span> <span class='ocrx_word' id='word_1_283' title='bbox 1211 3448 1266 3506; x_wconf 89' lang='lat' dir='ltr'><strong>est</strong></span> <span class='ocrx_word' id='word_1_284' title='bbox 1288 3435 1372 3522; x_wconf 89' lang='lat' dir='ltr'><strong>ista,</strong></span> <span class='ocrx_word' id='word_1_285' title='bbox 1396 3433 1565 3524; x_wconf 87' lang='lat' dir='ltr'><strong>obsecro,</strong></span> <span class='ocrx_word' id='word_1_286' title='bbox 1589 3434 1809 3540; x_wconf 83' lang='lat' dir='ltr'><strong>confidentia</strong></span> 
     </span>
     <span class='ocr_line' id='line_1_26' title="bbox 224 3554 1808 3655; baseline 0.001 -27"><span class='ocrx_word' id='word_1_287' title='bbox 224 3557 318 3652; x_wconf 83' lang='lat' dir='ltr'><strong>ejus,</strong></span> <span class='ocrx_word' id='word_1_288' title='bbox 337 3556 401 3653; x_wconf 92' lang='lat' dir='ltr'><strong>qui</strong></span> <span class='ocrx_word' id='word_1_289' title='bbox 416 3579 491 3628; x_wconf 92' lang='lat' dir='ltr'><strong>non</strong></span> <span class='ocrx_word' id='word_1_290' title='bbox 507 3554 626 3628; x_wconf 90' lang='lat' dir='ltr'><strong>solum</strong></span> <span class='ocrx_word' id='word_1_291' title='bbox 641 3580 744 3655; x_wconf 90' lang='lat' dir='ltr'><strong>puer,</strong></span> <span class='ocrx_word' id='word_1_292' title='bbox 763 3555 826 3628; x_wconf 91' lang='lat' dir='ltr'><strong>sed</strong></span> <span class='ocrx_word' id='word_1_293' title='bbox 842 3570 878 3628; x_wconf 86' lang='lat' dir='ltr'><strong>et</strong></span> <span class='ocrx_word' id='word_1_294' title='bbox 893 3556 1018 3652; x_wconf 88' lang='lat' dir='ltr'><strong>junior</strong></span> <span class='ocrx_word' id='word_1_295' title='bbox 1039 3571 1276 3646; x_wconf 87' lang='lat' dir='ltr'><strong>memoratur,</strong></span> <span class='ocrx_word' id='word_1_296' title='bbox 1300 3570 1339 3627; x_wconf 93' lang='lat' dir='ltr'><strong>ut</strong></span> <span class='ocrx_word' id='word_1_297' title='bbox 1360 3580 1453 3627; x_wconf 92' lang='lat' dir='ltr'><strong>unus</strong></span> <span class='ocrx_word' id='word_1_298' title='bbox 1474 3555 1566 3628; x_wconf 90' lang='lat' dir='ltr'><strong>duos</strong></span> <span class='ocrx_word' id='word_1_299' title='bbox 1586 3571 1660 3628; x_wconf 90' lang='lat' dir='ltr'><strong>tam</strong></span> <span class='ocrx_word' id='word_1_300' title='bbox 1681 3560 1808 3630; x_wconf 88' lang='lat' dir='ltr'><strong>acriter</strong></span> 
     </span>
     <span class='ocr_line' id='line_1_27' title="bbox 225 3675 1810 3775; baseline 0 -27"><span class='ocrx_word' id='word_1_301' title='bbox 225 3690 367 3773; x_wconf 86' lang='lat' dir='ltr'><strong>arguat,</strong></span> <span class='ocrx_word' id='word_1_302' title='bbox 397 3691 472 3750; x_wconf 87' lang='lat' dir='ltr'><strong>tam</strong></span> <span class='ocrx_word' id='word_1_303' title='bbox 501 3675 645 3774; x_wconf 88' lang='lat' dir='ltr'><strong>publice</strong></span> <span class='ocrx_word' id='word_1_304' title='bbox 674 3701 763 3774; x_wconf 93' lang='lat' dir='ltr'><strong>puer</strong></span> <span class='ocrx_word' id='word_1_305' title='bbox 789 3678 950 3775; x_wconf 91' lang='lat' dir='ltr'><strong>increpet</strong></span> <span class='ocrx_word' id='word_1_306' title='bbox 971 3677 1146 3766; x_wconf 89' lang='lat' dir='ltr'><strong>seniores,</strong></span> <span class='ocrx_word' id='word_1_307' title='bbox 1170 3690 1207 3747; x_wconf 92' lang='lat' dir='ltr'><strong>et</strong></span> <span class='ocrx_word' id='word_1_308' title='bbox 1228 3691 1301 3746; x_wconf 89' lang='lat' dir='ltr'><strong>tam</strong></span> <span class='ocrx_word' id='word_1_309' title='bbox 1328 3677 1400 3747; x_wconf 90' lang='lat' dir='ltr'><strong>cito</strong></span> <span class='ocrx_word' id='word_1_310' title='bbox 1419 3677 1594 3772; x_wconf 92' lang='lat' dir='ltr'><strong>judicium</strong></span> <span class='ocrx_word' id='word_1_311' title='bbox 1625 3678 1700 3775; x_wconf 92' lang='lat' dir='ltr'><strong>ipse</strong></span> <span class='ocrx_word' id='word_1_312' title='bbox 1727 3705 1810 3750; x_wconf 86' lang='lat' dir='ltr'><strong>con·.</strong></span> 
     </span>
     <span class='ocr_line' id='line_1_28' title="bbox 225 3795 1810 3895; baseline 0.001 -27"><span class='ocrx_word' id='word_1_313' title='bbox 225 3797 399 3869; x_wconf 87' lang='lat' dir='ltr'><strong>summet?</strong></span> <span class='ocrx_word' id='word_1_314' title='bbox 415 3796 570 3868; x_wconf 77' lang='lat' dir='ltr'><strong>Audistis</strong></span> <span class='ocrx_word' id='word_1_315' title='bbox 585 3798 687 3895; x_wconf 85' lang='lat' dir='ltr'><strong>pueri</strong></span> <span class='ocrx_word' id='word_1_316' title='bbox 702 3798 955 3885; x_wconf 87' lang='lat' dir='ltr'><strong>constantiam,</strong></span> <span class='ocrx_word' id='word_1_317' title='bbox 973 3795 1037 3867; x_wconf 93' lang='lat' dir='ltr'><strong>sed</strong></span> <span class='ocrx_word' id='word_1_318' title='bbox 1052 3796 1232 3867; x_wconf 89' lang='lat' dir='ltr'><strong>miramini</strong></span> <span class='ocrx_word' id='word_1_319' title='bbox 1242 3796 1483 3893; x_wconf 89' lang='lat' dir='ltr'><strong>prudentiam,</strong></span> <span class='ocrx_word' id='word_1_320' title='bbox 1498 3796 1545 3869; x_wconf 90' lang='lat' dir='ltr'><strong>de</strong></span> <span class='ocrx_word' id='word_1_321' title='bbox 1554 3799 1671 3895; x_wconf 90' lang='lat' dir='ltr'><strong>quain</strong></span> <span class='ocrx_word' id='word_1_322' title='bbox 1683 3800 1810 3870; x_wconf 85' lang='lat' dir='ltr'><strong>exauri-</strong></span> 
     </span>
     <span class='ocr_line' id='line_1_29' title="bbox 226 3911 1809 4016; baseline -0.001 -26"><span class='ocrx_word' id='word_1_323' title='bbox 226 3917 355 3990; x_wconf 87' lang='lat' dir='ltr'><strong>nandis</strong></span> <span class='ocrx_word' id='word_1_324' title='bbox 371 3916 521 3988; x_wconf 90' lang='lat' dir='ltr'><strong>testibus</strong></span> <span class='ocrx_word' id='word_1_325' title='bbox 537 3917 702 3988; x_wconf 91' lang='lat' dir='ltr'><strong>universa</strong></span> <span class='ocrx_word' id='word_1_326' title='bbox 717 3941 782 4016; x_wconf 90' lang='lat' dir='ltr'><strong>per</strong></span> <span class='ocrx_word' id='word_1_327' title='bbox 797 3915 924 3989; x_wconf 89' lang='lat' dir='ltr'><strong>orbem</strong></span> <span class='ocrx_word' id='word_1_328' title='bbox 939 3911 1097 3988; x_wconf 89' lang='lat' dir='ltr'><strong>Ecclesia</strong></span> <span class='ocrx_word' id='word_1_329' title='bbox 1110 3915 1262 4013; x_wconf 88' lang='lat' dir='ltr'><strong>sumpsit</strong></span> <span class='ocrx_word' id='word_1_330' title='bbox 1278 3916 1538 3987; x_wconf 89' lang='lat' dir='ltr'><strong>auctoritatem.</strong></span> <span class='ocrx_word' id='word_1_331' title='bbox 1560 3921 1650 3986; x_wconf 91' lang='lat' dir='ltr'><strong>Puer</strong></span> <span class='ocrx_word' id='word_1_332' title='bbox 1666 3934 1755 4006; x_wconf 87' lang='lat' dir='ltr'><strong>erat,</strong></span> <span class='ocrx_word' id='word_1_333' title='bbox 1774 3934 1809 3988; x_wconf 93' lang='lat' dir='ltr'><strong>et</strong></span> 
     </span>
     <span class='ocr_line' id='line_1_30' title="bbox 226 4031 1806 4136; baseline -0.002 -27"><span class='ocrx_word' id='word_1_334' title='bbox 226 4031 406 4136; x_wconf 81' lang='lat' dir='ltr'><strong>captivus,</strong></span> <span class='ocrx_word' id='word_1_335' title='bbox 429 4037 536 4108; x_wconf 89' lang='lat' dir='ltr'><strong>etiam</strong></span> <span class='ocrx_word' id='word_1_336' title='bbox 562 4035 725 4108; x_wconf 82' lang='lat' dir='ltr'><strong>Ecclesiae</strong></span> <span class='ocrx_word' id='word_1_337' title='bbox 745 4035 860 4132; x_wconf 90' lang='lat' dir='ltr'><strong>legem</strong></span> <span class='ocrx_word' id='word_1_338' title='bbox 880 4061 955 4106; x_wconf 90' lang='lat' dir='ltr'><strong>non</strong></span> <span class='ocrx_word' id='word_1_339' title='bbox 976 4036 1127 4133; x_wconf 82' lang='lat' dir='ltr'><strong>scripto,</strong></span> <span class='ocrx_word' id='word_1_340' title='bbox 1146 4033 1210 4105; x_wconf 91' lang='lat' dir='ltr'><strong>sed</strong></span> <span class='ocrx_word' id='word_1_341' title='bbox 1230 4033 1325 4106; x_wconf 81' lang='lat' dir='ltr'><strong>iacto</strong></span> <span class='ocrx_word' id='word_1_342' title='bbox 1341 4033 1604 4132; x_wconf 88' lang='lat' dir='ltr'><strong>promulgabat.</strong></span> <span class='ocrx_word' id='word_1_343' title='bbox 1628 4035 1724 4121; x_wconf 90' lang='lat' dir='ltr'><strong>Quid</strong></span> <span class='ocrx_word' id='word_1_344' title='bbox 1741 4052 1806 4124; x_wconf 88' lang='lat' dir='ltr'><strong>est,</strong></span> 
     </span>
     <span class='ocr_line' id='line_1_31' title="bbox 226 4155 1806 4255; baseline -0.001 -27"><span class='ocrx_word' id='word_1_345' title='bbox 226 4183 334 4255; x_wconf 89' lang='lat' dir='ltr'><strong>puer,</strong></span> <span class='ocrx_word' id='word_1_346' title='bbox 357 4156 457 4254; x_wconf 93' lang='lat' dir='ltr'><strong>quod</strong></span> <span class='ocrx_word' id='word_1_347' title='bbox 483 4155 593 4228; x_wconf 90' lang='lat' dir='ltr'><strong>audes</strong></span> <span class='ocrx_word' id='word_1_348' title='bbox 612 4180 843 4255; x_wconf 85' lang='lat' dir='ltr'><strong>praesumere,</strong></span> <span class='ocrx_word' id='word_1_349' title='bbox 866 4172 903 4229; x_wconf 89' lang='lat' dir='ltr'><strong>et</strong></span> <span class='ocrx_word' id='word_1_350' title='bbox 921 4179 1029 4254; x_wconf 90' lang='lat' dir='ltr'><strong>supra</strong></span> <span class='ocrx_word' id='word_1_351' title='bbox 1046 4170 1185 4227; x_wconf 78' lang='lat' dir='ltr'><strong>aetatem</strong></span> <span class='ocrx_word' id='word_1_352' title='bbox 1206 4155 1325 4253; x_wconf 89' lang='lat' dir='ltr'><strong>pueri,</strong></span> <span class='ocrx_word' id='word_1_353' title='bbox 1348 4168 1385 4226; x_wconf 90' lang='lat' dir='ltr'><strong>et</strong></span> <span class='ocrx_word' id='word_1_354' title='bbox 1405 4179 1479 4225; x_wconf 90' lang='lat' dir='ltr'><strong>non</strong></span> <span class='ocrx_word' id='word_1_355' title='bbox 1496 4155 1653 4252; x_wconf 89' lang='lat' dir='ltr'><strong>trepidas</strong></span> <span class='ocrx_word' id='word_1_356' title='bbox 1669 4155 1806 4228; x_wconf 87' lang='lat' dir='ltr'><strong>dicere:</strong></span> 
     </span>
     <span class='ocr_line' id='line_1_32' title="bbox 230 4274 1810 4374; baseline 0.003 -33"><span class='ocrx_word' id='word_1_357' title='bbox 230 4305 248 4342; x_wconf 92' lang='grc' dir='ltr'><strong>ιι</strong></span> <span class='ocrx_word' id='word_1_358' title='bbox 267 4276 481 4374; x_wconf 88' lang='lat' dir='ltr'><strong>Dijudicabo</strong></span> <span class='ocrx_word' id='word_1_359' title='bbox 507 4277 590 4348; x_wconf 78' lang='lat' dir='ltr'><strong>eos?</strong></span> <span class='ocrx_word' id='word_1_360' title='bbox 604 4303 623 4344; x_wconf 76' lang='lat' dir='ltr'><strong>r&gt;</strong></span> <span class='ocrx_word' id='word_1_361' title='bbox 649 4277 716 4348; x_wconf 88' lang='lat' dir='ltr'><strong>Dic</strong></span> <span class='ocrx_word' id='word_1_362' title='bbox 736 4276 884 4349; x_wconf 87' lang='lat' dir='ltr'><strong>saltem:</strong></span> <span class='ocrx_word' id='word_1_363' title='bbox 904 4275 1123 4372; x_wconf 90' lang='lat' dir='ltr'><strong>Dijudicabit</strong></span> <span class='ocrx_word' id='word_1_364' title='bbox 1151 4299 1214 4346; x_wconf 91' lang='lat' dir='ltr'><strong>eos</strong></span> <span class='ocrx_word' id='word_1_365' title='bbox 1243 4276 1432 4346; x_wconf 90' lang='lat' dir='ltr'><strong>Dominus.</strong></span> <span class='ocrx_word' id='word_1_366' title='bbox 1461 4274 1532 4345; x_wconf 91' lang='lat' dir='ltr'><strong>Sed</strong></span> <span class='ocrx_word' id='word_1_367' title='bbox 1559 4276 1660 4371; x_wconf 90' lang='lat' dir='ltr'><strong>quia,</strong></span> <span class='ocrx_word' id='word_1_368' title='bbox 1693 4289 1733 4346; x_wconf 92' lang='lat' dir='ltr'><strong>ut</strong></span> <span class='ocrx_word' id='word_1_369' title='bbox 1761 4277 1810 4347; x_wconf 87' lang='lat' dir='ltr'><strong>ait</strong></span> 
     </span>
     <span class='ocr_line' id='line_1_33' title="bbox 228 4391 1810 4494; baseline 0 -28"><span class='ocrx_word' id='word_1_370' title='bbox 228 4395 465 4494; x_wconf 80' lang='lat' dir='ltr'><strong>Apostolus³:</strong></span> <span class='ocrx_word' id='word_1_371' title='bbox 488 4423 505 4464; x_wconf 91' lang='grc' dir='ltr'><strong>ιι</strong></span> <span class='ocrx_word' id='word_1_372' title='bbox 518 4396 588 4482; x_wconf 87' lang='lat' dir='ltr'><strong>Qui</strong></span> <span class='ocrx_word' id='word_1_373' title='bbox 606 4394 763 4468; x_wconf 76' lang='lat' dir='ltr'><strong>adhaeret</strong></span> <span class='ocrx_word' id='word_1_374' title='bbox 784 4401 862 4468; x_wconf 89' lang='lat' dir='ltr'><strong>Deo</strong></span> <span class='ocrx_word' id='word_1_375' title='bbox 885 4421 978 4467; x_wconf 90' lang='lat' dir='ltr'><strong>unus</strong></span> <span class='ocrx_word' id='word_1_376' title='bbox 998 4395 1142 4494; x_wconf 89' lang='lat' dir='ltr'><strong>spiritus</strong></span> <span class='ocrx_word' id='word_1_377' title='bbox 1162 4408 1229 4484; x_wconf 90' lang='lat' dir='ltr'><strong>est,</strong></span> <span class='ocrx_word' id='word_1_378' title='bbox 1245 4422 1263 4462; x_wconf 81' lang='lat' dir='ltr'><strong>u</strong></span> <span class='ocrx_word' id='word_1_379' title='bbox 1284 4418 1409 4465; x_wconf 89' lang='lat' dir='ltr'><strong>secure</strong></span> <span class='ocrx_word' id='word_1_380' title='bbox 1428 4391 1606 4491; x_wconf 86' lang='lat' dir='ltr'><strong>profiteris</strong></span> <span class='ocrx_word' id='word_1_381' title='bbox 1625 4394 1725 4490; x_wconf 94' lang='lat' dir='ltr'><strong>quod</strong></span> <span class='ocrx_word' id='word_1_382' title='bbox 1748 4419 1810 4492; x_wconf 88' lang='lat' dir='ltr'><strong>per</strong></span> 
     </span>
     <span class='ocr_line' id='line_1_34' title="bbox 228 4513 1806 4613; baseline -0.001 -27"><span class='ocrx_word' id='word_1_383' title='bbox 228 4515 392 4586; x_wconf 90' lang='lat' dir='ltr'><strong>divinum</strong></span> <span class='ocrx_word' id='word_1_384' title='bbox 418 4528 561 4611; x_wconf 90' lang='lat' dir='ltr'><strong>agatur,</strong></span> <span class='ocrx_word' id='word_1_385' title='bbox 585 4539 649 4612; x_wconf 92' lang='lat' dir='ltr'><strong>per</strong></span> <span class='ocrx_word' id='word_1_386' title='bbox 670 4529 773 4586; x_wconf 93' lang='lat' dir='ltr'><strong>tuum</strong></span> <span class='ocrx_word' id='word_1_387' title='bbox 796 4514 874 4586; x_wconf 89' lang='lat' dir='ltr'><strong>lieri</strong></span> <span class='ocrx_word' id='word_1_388' title='bbox 890 4516 1075 4613; x_wconf 79' lang='lat' dir='ltr'><strong>spiritum3</strong></span> <span class='ocrx_word' id='word_1_389' title='bbox 1103 4514 1298 4612; x_wconf 80' lang='lat' dir='ltr'><strong>praesertim</strong></span> <span class='ocrx_word' id='word_1_390' title='bbox 1317 4536 1430 4610; x_wconf 92' lang='lat' dir='ltr'><strong>quum</strong></span> <span class='ocrx_word' id='word_1_391' title='bbox 1451 4527 1487 4584; x_wconf 88' lang='lat' dir='ltr'><strong>et</strong></span> <span class='ocrx_word' id='word_1_392' title='bbox 1508 4513 1643 4585; x_wconf 89' lang='lat' dir='ltr'><strong>Veritas</strong></span> <span class='ocrx_word' id='word_1_393' title='bbox 1664 4513 1806 4585; x_wconf 79' lang='lat' dir='ltr'><strong>dicat‘:</strong></span> 
     </span>
     <span class='ocr_line' id='line_1_35' title="bbox 231 4632 1808 4732; baseline 0.002 -32"><span class='ocrx_word' id='word_1_394' title='bbox 231 4663 249 4701; x_wconf 97' lang='grc' dir='ltr'><strong>ιι</strong></span> <span class='ocrx_word' id='word_1_395' title='bbox 270 4637 352 4704; x_wconf 90' lang='lat' dir='ltr'><strong>Non</strong></span> <span class='ocrx_word' id='word_1_396' title='bbox 372 4633 468 4705; x_wconf 90' lang='lat' dir='ltr'><strong>enim</strong></span> <span class='ocrx_word' id='word_1_397' title='bbox 490 4657 555 4705; x_wconf 94' lang='lat' dir='ltr'><strong>vos</strong></span> <span class='ocrx_word' id='word_1_398' title='bbox 575 4633 658 4705; x_wconf 88' lang='lat' dir='ltr'><strong>estis</strong></span> <span class='ocrx_word' id='word_1_399' title='bbox 678 4634 741 4731; x_wconf 94' lang='lat' dir='ltr'><strong>qui</strong></span> <span class='ocrx_word' id='word_1_400' title='bbox 761 4633 968 4732; x_wconf 91' lang='lat' dir='ltr'><strong>loquimini,</strong></span> <span class='ocrx_word' id='word_1_401' title='bbox 991 4632 1054 4704; x_wconf 90' lang='lat' dir='ltr'><strong>sed</strong></span> <span class='ocrx_word' id='word_1_402' title='bbox 1071 4633 1219 4731; x_wconf 87' lang='lat' dir='ltr'><strong>spiritus</strong></span> <span class='ocrx_word' id='word_1_403' title='bbox 1241 4633 1353 4704; x_wconf 89' lang='lat' dir='ltr'><strong>Patris</strong></span> <span class='ocrx_word' id='word_1_404' title='bbox 1373 4634 1479 4703; x_wconf 88' lang='lat' dir='ltr'><strong>vestri</strong></span> <span class='ocrx_word' id='word_1_405' title='bbox 1504 4633 1567 4730; x_wconf 91' lang='lat' dir='ltr'><strong>qui</strong></span> <span class='ocrx_word' id='word_1_406' title='bbox 1592 4632 1750 4728; x_wconf 86' lang='lat' dir='ltr'><strong>loquitur</strong></span> <span class='ocrx_word' id='word_1_407' title='bbox 1773 4634 1808 4703; x_wconf 94' lang='lat' dir='ltr'><strong>in</strong></span> 
     </span>
     <span class='ocr_line' id='line_1_36' title="bbox 161 4749 386 4824; baseline -0.013 -1"><span class='ocrx_word' id='word_1_408' title='bbox 161 4799 165 4803; x_wconf 94' lang='lat'>·</span> <span class='ocrx_word' id='word_1_409' title='bbox 229 4749 346 4824; x_wconf 85' lang='lat' dir='ltr'><strong>vobis.</strong></span> <span class='ocrx_word' id='word_1_410' title='bbox 368 4780 386 4820; x_wconf 85' lang='lat' dir='ltr'><strong>n</strong></span> 
     </span>
     <span class='ocr_line' id='line_1_37' title="bbox 280 4871 1811 4970; baseline 0.001 -28"><span class='ocrx_word' id='word_1_411' title='bbox 280 4871 376 4959; x_wconf 91' lang='lat' dir='ltr'><strong>Quid</strong></span> <span class='ocrx_word' id='word_1_412' title='bbox 393 4873 536 4944; x_wconf 88' lang='lat' dir='ltr'><strong>interim</strong></span> <span class='ocrx_word' id='word_1_413' title='bbox 552 4874 643 4968; x_wconf 86' lang='lat' dir='ltr'><strong>agis,</strong></span> <span class='ocrx_word' id='word_1_414' title='bbox 671 4897 693 4943; x_wconf 98' lang='lat' dir='ltr'><strong>o</strong></span> <span class='ocrx_word' id='word_1_415' title='bbox 720 4874 904 4946; x_wconf 81' lang='lat' dir='ltr'><strong>Susanna?</strong></span> <span class='ocrx_word' id='word_1_416' title='bbox 925 4887 1058 4970; x_wconf 88' lang='lat' dir='ltr'><strong>quanta</strong></span> <span class='ocrx_word' id='word_1_417' title='bbox 1075 4873 1235 4945; x_wconf 89' lang='lat' dir='ltr'><strong>subsistis</strong></span> <span class='ocrx_word' id='word_1_418' title='bbox 1251 4872 1489 4944; x_wconf 88' lang='lat' dir='ltr'><strong>admiratione</strong></span> <span class='ocrx_word' id='word_1_419' title='bbox 1505 4871 1695 4969; x_wconf 73' lang='lat' dir='ltr'><strong>suspensa?</strong></span> <span class='ocrx_word' id='word_1_420' title='bbox 1712 4872 1811 4967; x_wconf 93' lang='lat' dir='ltr'><strong>quod</strong></span> 
     </span>
    </p>
   </div>
   <div class='ocr_carea' id='block_1_3' title="bbox 264 5141 1727 5293">
    <p class='ocr_par' dir='ltr' id='par_1_4' title="bbox 264 5141 1727 5293">
     <span class='ocr_line' id='line_1_38' title="bbox 264 5141 1727 5213; baseline 0.001 -21"><span class='ocrx_word' id='word_1_421' title='bbox 264 5141 271 5169; x_wconf 80' lang='lat'><strong>⁴</strong></span> <span class='ocrx_word' id='word_1_422' title='bbox 293 5142 367 5204; x_wconf 80' lang='lat' dir='ltr'><strong>llam,</strong></span> <span class='ocrx_word' id='word_1_423' title='bbox 378 5157 435 5210; x_wconf 78' lang='lat' dir='ltr'><strong>cap.</strong></span> <span class='ocrx_word' id='word_1_424' title='bbox 446 5159 504 5206; x_wconf 82' lang='lat' dir='ltr'><strong>xtrr,</strong></span> <span class='ocrx_word' id='word_1_425' title='bbox 514 5159 539 5193; x_wconf 80' lang='lat' dir='ltr'><strong>v.</strong></span> <span class='ocrx_word' id='word_1_426' title='bbox 551 5143 650 5195; x_wconf 70' lang='lat' dir='ltr'><strong>lit-¹</strong></span> <span class='ocrx_word' id='word_1_427' title='bbox 666 5143 740 5208; x_wconf 72' lang='lat' dir='ltr'><strong>thid,</strong></span> <span class='ocrx_word' id='word_1_428' title='bbox 752 5163 775 5198; x_wconf 84' lang='lat' dir='ltr'><strong>v.</strong></span> <span class='ocrx_word' id='word_1_429' title='bbox 786 5147 826 5196; x_wconf 85' lang='lat' dir='ltr'><strong>tt.</strong></span> <span class='ocrx_word' id='word_1_430' title='bbox 839 5171 869 5182; x_wconf 82' lang='lat'>-</span> <span class='ocrx_word' id='word_1_431' title='bbox 880 5145 891 5173; x_wconf 83' lang='lat'>⁸</span> <span class='ocrx_word' id='word_1_432' title='bbox 904 5146 1010 5197; x_wconf 65' lang='lat' dir='ltr'><strong>canath.</strong></span> <span class='ocrx_word' id='word_1_433' title='bbox 1024 5147 1050 5206; x_wconf 88' lang='lat' dir='ltr'><strong>l,</strong></span> <span class='ocrx_word' id='word_1_434' title='bbox 1061 5161 1116 5213; x_wconf 85' lang='lat' dir='ltr'><strong>cap.</strong></span> <span class='ocrx_word' id='word_1_435' title='bbox 1129 5163 1166 5209; x_wconf 83' lang='lat' dir='ltr'><strong>n,</strong></span> <span class='ocrx_word' id='word_1_436' title='bbox 1179 5163 1203 5196; x_wconf 88' lang='lat' dir='ltr'><strong>v.</strong></span> <span class='ocrx_word' id='word_1_437' title='bbox 1219 5149 1256 5196; x_wconf 85' lang='grc'><strong>17.</strong></span> <span class='ocrx_word' id='word_1_438' title='bbox 1269 5172 1300 5184; x_wconf 89' lang='lat'><em>-</em></span> <span class='ocrx_word' id='word_1_439' title='bbox 1313 5145 1323 5171; x_wconf 79' lang='lat'><strong>⁴</strong></span> <span class='ocrx_word' id='word_1_440' title='bbox 1334 5145 1429 5208; x_wconf 59' lang='lat' dir='ltr'><strong>Mettis„</strong></span> <span class='ocrx_word' id='word_1_441' title='bbox 1444 5159 1499 5211; x_wconf 84' lang='lat' dir='ltr'><strong>cap.</strong></span> <span class='ocrx_word' id='word_1_442' title='bbox 1513 5160 1579 5207; x_wconf 83' lang='lat' dir='ltr'><strong>x,v.</strong></span> <span class='ocrx_word' id='word_1_443' title='bbox 1591 5148 1631 5194; x_wconf 77' lang='lat'><strong>20.</strong></span> <span class='ocrx_word' id='word_1_444' title='bbox 1725 5163 1727 5168; x_wconf 95' lang='lat'>·</span> 
     </span>
     <span class='ocr_line' id='line_1_39' title="bbox 353 5234 1692 5293; baseline 0.001 -3"><span class='ocrx_word' id='word_1_445' title='bbox 353 5245 364 5290; x_wconf 90' lang='lat' dir='ltr'><strong>r</strong></span> <span class='ocrx_word' id='word_1_446' title='bbox 1652 5234 1692 5293; x_wconf 80' lang='lat'><strong>69</strong></span> 
     </span>
    </p>
   </div>
   <div class='ocr_carea' id='block_1_4' title="bbox 0 0 2274 6100">
    <p class='ocr_par' dir='ltr' id='par_1_5' title="bbox 0 0 2274 6100">
     <span class='ocr_line' id='line_1_40' title="bbox 0 0 2274 6100; baseline 0 0"><span class='ocrx_word' id='word_1_447' title='bbox 0 0 2274 6100; x_wconf 95' lang='lat' dir='ltr'><strong> </strong></span> 
     </span>
    </p>
   </div>
  </div>
 </body>
</html>
