4520 6104
906 631 1140 706 Et‘tsrotm.
1166 632 1169 642 “
1266 668 1270 677 ·
1747 632 1820 704 4¹9ss

243 769 388 842 multus.
410 773 482 841 Nec
505 769 620 840 solnm
639 770 701 867 qui
724 770 836 869 legem
857 765 1021 872 suscipit,
1042 773 1107 844 ¹scd
1125 775 1185 870 qui
1204 762 1317 868 legem
1340 761 1517 870 imponit,
1542 765 1734 872 provideat·
1750 797 1816 862 ne,

179 898 188 914 '
245 889 483 988 multiplicatis
496 891 695 988 praeceptis,
711 893 1004 988 transgressiones
1019 889 1240 990 multiplicet
1254 891 1410 964 Verbum
1428 894 1492 964 Dei
1506 897 1652 965 veniens
1670 893 1818 964 verbum

242 1010 486 1082 abbreviatum
515 1010 597 1082 lecit
618 1036 726 1109 super
755 1026 896 1084 terram.
927 1012 1033 1084 Multa
1055 1015 1192 1108 Moyses
1205 1012 1353 1083 ‘locutus
1380 1028 1457 1100 est‚·
1483 1029 1679 1102 ettamen,
1710 1029 1748 1084 nt
1773 1013 1821 1084 ait

248 1127 479 1226 Apostolus¹‚
512 1156 529 1196 n
547 1129 635 1199 nihil
653 1129 700 1200 ad
717 1129 912 1228 perlectum
929 1129 1081 1201 adduxit
1100 1130 1168 1200 lex.
1190 1159 1207 1196 u
1235 1129 1343 1202 Multa
1373 1131 1531 1228 prolecto
1558 1147 1592 1203 et
1619 1133 1654 1202 in
1681 1116 1815 1204 tantdm

244 1248 382 1344 gravia,
407 1262 444 1319 ut
463 1247 644 1344 apostolus
665 1251 1066 1346 Petrusejuspraecepta
1080 1250 1260 1320 neminem
1272 1249 1431 1348 potuisse
1445 1264 1587 1345 portare
1599 1249 1819 1349 profiteatur,

246 1369 408 1439 dieens²z
428 1368 534 1438 «Viri
560 1367 704 1458 fratres,
736 1369 822 1464 quid
849 1371 989 1440 tentatis
1007 1371 1143 1457 Deum,
1172 1371 1356 1466 imponere
1374 1369 1499 1466 jugum
1522 1395 1628 1468 super
1650 1373 1823 1443 cervicem

245 1487 524 1585 discipulorum,
551 1487 650 1584 quod
679 1513 746 1560 nec
773 1503 889 1585 patres
910 1489 1021 1558 nostri
1041 1512 1159 1585 neque
1183 1509 1250 1560 nos
1275 1502 1417 1586 portare
1435 1489 1642 1588 potuimus?
1668 1489 1825 1588 sed¹¹per

246 1607 395 1703 gratiam
413 1607 557 1677 Domini
571 1611 651 1678 lesu
666 1606 844 1678 credimus
861 1607 986 1677 salvari
1005 1606 1310 1703 quemadmodum
1330 1621 1368 1678 et
1393 1606 1455 1678 illi.
1476 1637 1500 1672 ›r-
1521 1609 1643 1678 Paucis
1669 1607 1826 1680 Christus

247 1727 292 1797 de
322 1725 554 1798 aediliceticne
576 1751 717 1798 morum
743 1741 778 1796 et
793 1727 977 1797 sanctitate
997 1727 1076 1800 ritae
1096 1726 1280 1823 apostolos
1299 1727 1484 1815 instruxit,
1505 1733 1548 1798 let
1574 1727 1826 1826 perfectionem

246 1846 381 1918 docuit.
404 1851 548 1917 Austera
571 1868 760 1917 removens
781 1862 815 1917 et
840 1847 978 1942 gravia,
1001 1847 1123 1918 suavia
1143 1847 1308 1945 praecepit
1330 1861 1365 1917 et
1391 1845 1480 1917 levia
1493 1881 1508 1935 ‚=
1526 1845 1655 1942 quibus
1682 1871 1826 1918 omnem

247 1967 509 2038 consummarit
526 1966 732 2062 religionem
751 1995 757 2034 :
777 1967 958 2055 «Venite,
978 1995 995 2033 u
1017 1967 1172 2062 inquid,
1196 1966 1282 2038 «ad-
1296 1989 1355 2036 me
1370 1989 1496 2038 omnes
1522 1969 1583 2062 qui
1608 1965 1773 2037 laboratis
1794 1983 1827 2038 et

248 2086 387 2156 onerati
418 2086 522 2174 estis,
555 2101 590 2156 et
613 2109 680 2181 ego
713 2084 869 2157 reficiam
900 2109 977 2155 ros.
1007 2083 1131 2156 Tollite
1159 2085 1284 2180 jugum
1314 2109 1433 2155 meum
1462 2108 1571 2182 super
1600 2109 1682 2174 vos,
1718 2099 1753 2156 et
1777 2086 1829 2158 dit

249 2206 335 2276 scite
354 2229 375 2276 a
396 2229 477 2292 me,
499 2204 582 2300 quia
600 2205 693 2276 mitis
711 2229 791 2276 sum
815 2218 851 2275 et
874 2203 1024 2274 humilis¹
1043 2203 1176 2292 corde3
1198 2219 1236 2274 et
1250 2204 1439 2277 invenietis
1464 2207 1625 2301 requiem
1643 2205 1829 2275 animabus

250 2327 385 2396 vestris.
413 2329 542 2422 Jugum
560 2326 655 2426 enim
675 2347 793 2395 meum
814 2347 920 2394 suave
946 2339 1016 2413 est,
1037 2339 1072 2396 et
1091 2319 1323 2396 citusmeum
1340 2325 1427 2396 lere.
1449 2353 1464 2392 r
1490 2326 1549 2395 Sic
1566 2327 1660 2395 enim
1684 2349 1776 2424 saepe
1794 2328 1828 2395 in

251 2443 423 2542 operibus
437 2444 565 2532 bonis,
587 2447 678 2515 sicut
696 2445 732 2515 in
751 2444 907 2541 negotiis
922 2446 1035 2540 agitur
1053 2443 1185 2544 seculi„
1198 2443 1296 2515 Multi
1315 2445 1448 2542 quippe
1469 2445 1503 2516 in
1524 2446 1667 2540 negotio
1686 2446 1765 2543 plus
1784 2446 1831 2516 la-

250 2564 381 2636 borant
398 2581 433 2636 et
448 2566 565 2636 minus
584 2564 779 2654 lucrantur,
795 2578 830 2635 et
848 2564 950 2634 multi
967 2565 1118 2634 exterius
1135 2563 1287 2661 amplius
1302 2563 1525 2660 affliguntur,
1548 2578 1582 2635 ct
1606 2567 1722 2635 minus
1745 2565 1832 2636 inte-

252 2686 327 2756 rius
346 2685 442 2782 apud
462 2689 575 2755 Deum
595 2683 810 2782 proliciunt,
831 2684 893 2779 qui
910 2681 1027 2753 cordis
1054 2683 1172 2781 potius
1199 2705 1307 2779 quam
1335 2685 1453 2780 operis
1473 2685 1652 2781 inspector
1670 2699 1733 2756 est.
1763 2688 1831 2770 Qui
1933 2681 1941 2692 ’

250 2805 451 2900 suamque
469 2806 505 2874 in
519 2801 757 2874 exterioribus
772 2802 923 2896 amplius
935 2817 1183 2900 occupantur,
1215 2803 1395 2874 minusad
1414 2804 1581 2873 interiore
1603 2826 1729 2877 vacare
1751 2829 1834 2900 pos-

252 2939 360 3012 sunt3
383 2939 419 2994 et
437 2937 571 3020 quanto
590 2922 688 3020 opud
709 2921 896 3010 homines,
917 2918 1292 3018 qui-deesterioribus
1306 2920 1488 3017 judicant,
1521 2921 1672 3019 amplius
1699 2925 1834 2994 innote

253 3057 380 3132 scunt,
398 3043 570 3138 majorem
588 3040 734 3138 gloriam
754 3040 849 3138 apud
863 3063 927 3112 eos
944 3056 1200 3137 assequuntur,
1222 3056 1259 3112 et
1279 3039 1414 3111 facilius
1427 3065 1494 3138 per
1514 3042 1704 3113 elationem
1728 3044 1833 3114 sedu-

254 3177 398 3234 cuntur.
426 3163 500 3232 Cui.
517 3160 705 3259 Apostolus
722 3185 913 3232 occurrens
932 3162 1066 3249 errori,
1087 3179 1197 3258 opera
1226 3157 1456 3230 vehementer
1475 3175 1662 3250 extenuat,
1692 3177 1727 3232 et
1751 3161 1835 3234 fidei

250 3281 541 3376 justificationem
559 3280 784 3379 amplificans·
795 3282 866 3352 ait‘
885 3311 898 3370 :¹
916 3309 933 3348 u
950 3281 985 3352 Si
1000 3281 1100 3352 enim
1122 3279 1297 3352 Abrabam
1311 3305 1353 3350 ex
1367 3279 1537 3377 operibus
1546 3280 1756 3376 justificatus
1770 3297 1833 3372 cst,

253 3404 364 3476 babet
382 3404 529 3501 gloriata
544 3456 553 3493 ,
572 3404 635 3475 sed
655 3427 728 3474 non
743 3403 842 3502 apud
858 3403 1069 3475 Dominume
1084 3402 1180 3489 Quid
1195 3403 1289 3473 enirn
1308 3401 1392 3473 dicit
1406 3391 1605 3502 Scriptura*
1618 3403 1632 3473 i
1647 3435 1665 3471 «
1680 3404 1837 3477 Credidit

253 3523 436 3594 Abrabam
455 3527 532 3593 Deo
553 3537 589 3593 et
606 3537 807 3620 reputatum
825 3537 876 3594 cst
896 3524 928 3593 ei
946 3521 1191 3618 adjustitiam.
1213 3550 1230 3587 u
1251 3525 1309 3592 Εῑι
1321 3521 1475 3592 iterum:
1498 3551 1515 3590 u
1533 3523 1628 3609 Quid
1646 3501 1731 3620 ergo
1750 3524 1836 3594 dici-

251 3670 360 3734 mus,
390 3644 489 3741 quod
517 3657 638 3740 gentes
665 3666 743 3740 quae
764 3666 837 3714 non
865 3642 1091 3714 sectabantur
1111 3642 1282 3738 justitiam
1309 3643 1622 3739 apprehenderunt
1642 3645 1834 3740 justitiam;

241 3764 424 3860 justitiam
445 3779 586 3851 autem,
607 3787 685 3860 quae
696 3787 747 3834 ex
763 3761 834 3834 fide
853 3777 905 3833 est
923 3791 931 3829 ε
952 3761 1056 3832 lsrael
1074 3783 1169 3832 reru·
1180 3759 1348 3832 sectando
1366 3761 1480 3858 legem
1490 3764 1650 3858 justitie,
1669 3765 1706 3835 in
1725 3763 1836 3861 legem

239 3887 397 3981 justitiae
415 3907 488 3955 non
506 3883 694 3983 pervenit?
712 3882 857 3970 Quare?
877 3884 959 3979 quia
981 3905 1054 3952 non
1075 3903 1117 3952 ex
1140 3879 1232 3968 fide,
1261 3881 1325 3952 sed
1351 3885 1450 3978 quasi
1477 3907 1518 3955 ex
1546 3885 1726 3981 operibus.
1747 3914 1765 3952 u
1786 3885 1837 3955 Illi
1865 3973 1871 3982 1

240 4005 357 4103 quod
373 3985 480 4077 calidi
498 4021 550 4076 est
564 4004 619 4075 vel
633 4003 831 4102 paropsidis
849 4002 894 4074 de
914 4001 998 4073 loris
1017 4000 1251 4089 mundantes,
1280 3999 1326 4072 de
1348 4003 1507 4073 interiori
1526 4004 1701 4075 munditia
1721 4006 1839 4075 minus

239 4125 471 4225 provident,
493 4140 529 4196 et
548 4128 645 4196 carni
664 4123 774 4219 magis
788 4145 900 4219 quam
922 4123 1048 4192 enimae
1075 4119 1279 4217 vigilantes,
1304 4122 1462 4194 carnales
1488 4123 1606 4221 potius
1624 4138 1707 4194 sunt
1729 4148 1837 4220 quarn

235 4246 468 4346 spirituales.
487 4250 559 4315 Nos
578 4267 662 4316 vero
681 4243 859 4332 Christum
875 4243 911 4312 iu
927 4241 1090 4312 exteriori
1104 4239 1250 4312 homine
1268 4263 1332 4338 per
1348 4239 1455 4312 fidem
1470 4241 1629 4313 habitare
1640 4241 1836 4338 cupientes,

232 4389 327 4467 pro
343 4363 488 4435 modico
505 4362 668 4434 ducimus
686 4363 880 4448 exteriora,
901 4385 980 4457 quse
995 4375 1068 4431 tam
1090 4359 1249 4458 reprobis
1263 4383 1369 4456 quem
1385 4360 1503 4432 electis
1516 4373 1599 4431 sunt
1612 4357 1835 4448 c'ommunia',

228 4485 483 4559 attendentes
495 4483 594 4581 quod
606 4485 774 4581 scriptum
792 4485 884 4553 est⁸2
900 4511 917 4548 u
930 4485 969 4550 ln
989 4505 1047 4551 me
1065 4493 1165 4568 sunt,
1183 4483 1292 4571 Deus,
1308 4491 1389 4551 rota
1402 4495 1484 4571 tua;
1505 4505 1583 4578 quse
1599 4480 1746 4552 reddam
1766 4481 1838 4551 lau·

226 4604 424 4680 dationes
448 4600 532 4676 tibil
558 4631 575 4668 »
609 4601 711 4672 Unde
738 4615 773 4673 et
802 4601 1011 4672 exteriorem
1040 4599 1134 4670 illam
1156 4598 1242 4694 legis
1265 4598 1511 4672 abstinentiam
1526 4623 1611 4670 'non
1632 4601 1835 4697 sequimur,

222 4747 369 4825 quam
388 4719 477 4793 nibil
491 4721 631 4817 justitiae
648 4735 784 4791 certum
804 4733 858 4790 cst
876 4717 1048 4798 conferre.
1072 4721 1143 4790 Nec
1159 4716 1358 4814 *quidquam
1375 4718 1480 4789 nobis
1500 4721 1535 4789 in
1556 4719 1643 4790 cibis
1665 4720 1840 4790 Dominus

221 4842 482 4930 interdictu,
506 4841 572 4910 nisi
586 4839 767 4936 crapulam
782 4855 820 4910 et
841 4837 1066 4926 ebrietatem,
1087 4835 1124 4906 id
1144 4851 1203 4914 est
1216 4837 1506 4933 superfluitatem.
1530 4839 1600 4926 Qui
1617 4839 1723 4910 etiam
1742 4839 1839 4937 quod

262 5153 273 5180 ¹
302 5149 396 5204 Hah„
415 5161 470 5213 cap.
491 5162 537 5206 ru,
552 5162 575 5196 r.
600 5147 638 5196 19.
653 5169 686 5181 -
699 5143 709 5171 ¹
723 5147 778 5195 Act.
801 5146 895 5207 Aput,
917 5159 973 5210 cap.
994 5159 1035 5202 tr,
1071 5159 1127 5210 etp.
1142 5159 1175 5207 rr,
1189 5159 1211 5193 r.
1225 5145 1251 5193 2.
1265 5168 1294 5180 »-
1305 5142 1315 5170 ⁸
1327 5143 1423 5203 Getice,
1436 5157 1491 5210 cap.
1505 5158 1545 5206 ss,
1556 5145 1617 5196 nd.
1630 5165 1664 5184 --
1674 5143 1685 5174 ¹
1696 5143 1784 5196 Psalm.
1797 5161 1839 5204 er,

215 5257 247 5290 v.
272 5237 331 5286 10.
365 5229 531 5293 -⁸ttuth.‚
554 5245 608 5296 cap.
634 5245 672 5290 ιι,
695 5246 718 5278 v.
741 5230 772 5281 tt
795 5239 820 5278 et
839 5227 1037 5294 sq.-⁴llom.,
1071 5226 1524 5292 v.12.-·'buu.,cap.nt,r.³l.
1794 5227 1797 5239 '

385 5333 394 5376 r
1350 5340 1353 5357 ·
1682 5317 1721 5376 25
