4486 6100
318 698 363 752 Tu
375 699 405 753 in
417 697 496 757 luotn
509 721 570 760 mea
584 705 657 778 lyra,

319 787 365 842 Tn
377 787 499 847 lenimen
511 811 541 848 es
553 794 582 849 in
596 797 648 853 ira.

319 879 364 934 Tn
379 881 410 934 in
422 893 499 938 arcto
510 883 653 956 liberator,
724 909 728 918 ·

316 969 361 1024 Tn
374 971 404 1026 in
414 969 493 1046 lapsu
504 975 647 1033 revelator.

315 1059 406 1115 Meam
421 1074 532 1136 praestas
544 1065 573 1120 in
588 1080 735 1140 provectu,

313 1148 397 1223 Spem
412 1169 557 1210 conservas
569 1157 599 1222 irs
610 1155 733 1218 defectu.

313 1239 343 1296 Si
357 1243 420 1316 quis
433 1241 520 1314 ladit,
535 1255 567 1300 tn
579 1248 723 1322 rependis;

313 1329 344 1386 Si
356 1331 490 1404 minatur,
504 1345 536 1390 tu
550 1335 684 1393 defendis.

313 1420 398 1491 Quod
409 1433 453 1479 est
463 1441 579 1499 anceps,
592 1437 624 1484 tu
637 1429 779 1501 dissolvis,

312 1509 397 1580 Quod
409 1513 577 1587 tegendum,
591 1527 623 1573 tn
634 1518 761 1576 in'solris.

312 1599 358 1654 Tu
372 1601 478 1659 intrare
489 1623 534 1662 me
547 1625 604 1663 non
616 1608 688 1666 sinas

312 1689 464 1748 Infernales
475 1693 611 1767 officinas,

311 1777 368 1834 Ubi
381 1799 495 1854 moeror,
508 1786 559 1842 nbi
572 1799 679 1860 metus,

310 1871 365 1928 Ubi
381 1874 473 1945 foetor,
482 1877 537 1933 ‘nbi
550 1879 647 1949 fletus,

307 1960 363 2017 Ubi
377 1964 480 2037 probra
492 1965 674 2041 deteguntur,

307 2051 363 2108 Ubi
376 2055 417 2108 rei
430 2057 653 2128 confunduntur,

307 2141 363 2198 Ubi
378 2153 470 2201 tortor
482 2165 593 2221 semper
605 2149 726 2220 ondens,

304 2231 360 2287 Ubi
374 2236 475 2291 vermis
487 2254 598 2312 semper
609 2239 711 2315 edens,

303 2321 360 2377 Ubi
373 2333 464 2380 toturn
476 2327 532 2383 hoc
544 2347 683 2402 perenne,

302 2413 375 2483 Quia
388 2433 488 2490 perpes
501 2437 576 2476 mors
589 2421 731 2494 gehenne.

301 2503 348 2558 lile
361 2516 485 2579 receptet
496 2507 564 2564 Sion
578 2510 639 2580 illa,

299 2592 367 2649 Sion
380 2595 468 2652 David
483 2599 551 2654 urbs
564 2602 729 2676 tranquilla,

298 2686 387 2760 Cujus
401 2690 479 2747 faber
492 2705 590 2750 auctor
603 2695 689 2766 lucis,

297 2776 386 2848 Cujus
400 2791 485 2854 porta
495 2781 606 2858 lignum
618 2787 724 2857 crucis,

296 2867 387 2939 Cujus
399 2869 487 2926 claves
498 2872 594 2948 lingna
606 2876 698 2947 Petri,

294 2954 385 3028 Cujus
397 2960 469 3016 cives
480 2980 590 3038 semper
601 2965 671 3036 laeti,

291 3045 380 3120 Cujus
393 3052 467 3112 mnri
477 3051 547 3126 lapis
559 3054 653 3129 virm,

936 585 1150 666 CARMlNA.

1129 733 1217 808 Cujus
1228 749 1321 796 costos
1333 759 1380 797 rex
1393 743 1517 800 festivus.

1129 824 1162 879 In
1177 825 1230 882 bac
1242 829 1312 887 urbe
1324 830 1372 888 lux
1386 832 1532 902 solemnis,

1129 915 1189 972 Ver
1199 929 1350 990 eternum,
1365 941 1419 995 pax
1431 925 1573 998 perennis.

1128 1003 1162 1061 In
1175 1006 1228 1064 bac
1241 1009 1311 1067 odor
1327 1011 1448 1086 implens
1460 1014 1558 1083 coelos,

1127 1095 1161 1152 In
1173 1097 1226 1154 hac
1238 1115 1349 1175 semper
1361 1101 1467 1160 festum
1481 1105 1578 1161 melos.

1126 1185 1190 1242 Non
1203 1199 1245 1244 est
1257 1188 1297 1245 ibi
1313 1193 1488 1266 corruptela,

1126 1277 1191 1333 Non
1205 1278 1342 1352 deiectus,
1357 1302 1413 1340 non
1427 1287 1554 1360 querela,

1126 1367 1190 1423 Non
1203 1369 1322 1442 minuti,
1336 1391 1391 1429 non
1406 1373 1560 1433 deformes:

1125 1457 1233 1516 Omnes
1245 1461 1360 1519 Christo
1374 1476 1439 1521 snnt
1453 1468 1618 1525 conformes.

1124 1547 1200 1604 Urbs
1212 1549 1343 1621 coelestis,
1360 1553 1427 1610 urbs
1439 1554 1533 1625 beata,

1124 1637 1216 1713 Super
1226 1639 1339 1699 Petram
1353 1643 1501 1716 collocata,

1124 1728 1199 1786 Urbs
1211 1733 1239 1787 in
1253 1745 1338 1807 portu
1350 1737 1417 1794 satis
1430 1748 1509 1806 tuto,

1122 1819 1162 1875 Ex
1175 1821 1330 1900 longinquo
1342 1836 1370 1882 te
1384 1827 1482 1918 salpto.

1122 1911 1165 1967 Te
1178 1916 1301 1988 suspiro,
1317 1927 1345 1973 te
1357 1918 1459 1994 saluto,

1121 2001 1163 2056 Te
1175 2002 1287 2076 allecto,
1302 2017 1329 2063 te
1341 2012 1465 2084 requiro.

1119 2094 1266 2165 Quantum
1276 2099 1319 2154 tui
1333 2099 1518 2173 gratulentur,

1118 2184 1210 2255 Quam
1223 2186 1320 2244 festive
1331 2191 1526 2261 conniventnr,

1117 2277 1189 2346 Quis
1200 2277 1313 2335 affectus
1324 2298 1372 2336 eos
1383 2283 1518 2357 stringat,

1115 2367 1175 2423 Ant
1185 2387 1246 2444 qne
1258 2388 1367 2444 gemma
1378 2390 1474 2429 muros
1486 2376 1597 2450 pingat,

1115 2458 1188 2529 Quis
1200 2458 1345 2530 calcedon,
1357 2463 1421 2537 quis
1430 2463 1587 2537 jacinthus,

1115 2547 1228 2605 Norunt
1240 2550 1281 2606 illi
1294 2550 1365 2627 qnid
1377 2553 1414 2608 sit
1425 2554 1510 2611 intus.

1114 2637 1147 2693 In
1163 2638 1260 2711 plateis
1273 2640 1359 2713 hujus
1370 2641 1465 2712 urbis,

1112 2729 1238 2786 Sociatus
1250 2732 1304 2804 piis
1316 2732 1406 2789 turbis

1109 2816 1183 2874 Cnm
1195 2817 1283 2876 bloise
1295 2832 1325 2878 et
1337 2823 1396 2880 Elia

1110 2909 1193 2965 Pium
1207 2928 1304 2968 canam
1316 2911 1436 2970 alleluia.

1529 3009 1618 3064 Assar.

609 3831 874 3926 usossras
909 3839 1075 3930 rium
1114 3841 1411 3938 sunniam

696 4068 1064 4190 PLANGTUS
1101 4079 1315 4194 Viltll.

225 4387 282 4500 „

234 4632 292 4695 En
312 4634 450 4698 momina
459 4635 493 4700 in
509 4638 701 4708 Bibliotheca
711 4647 855 4712 Vaticana
869 4658 990 4734 roperta
1007 4663 1090 4719 sunt.
1105 4655 1229 4721 illorum
1244 4659 1365 4726 initium
1381 4671 1497 4730 tantum
1512 4671 1730 4756 transcripsere
1742 4694 1800 4740 an·

187 4739 314 4798 osores
334 4736 479 4802 Historiae
497 4741 694 4823 litterariae
718 4747 837 4832 integra
856 4760 957 4816 autem
975 4753 1090 4838 publici
1107 4757 1186 4841 juris
1201 4758 1282 4826 lacte
1297 4772 1369 4829 sunt
1381 4785 1401 4830 a
1412 4767 1491 4833 Cori.
1507 4772 1635 4836 Greitb¹
1651 4776 1704 4858 qui
1722 4775 1801 4840 male

184 4833 340 4899 omnino
358 4839 531 4922 suspicatur
542 4862 579 4908 es
592 4862 662 4911 esse
674 4849 909 4934 θλληγοροῦμινα,
923 4863 955 4920 et
966 4855 1116 4924 subdetis
1128 4862 1306 4930 nominibus
1314 4869 1464 4936 abelardi
1474 4880 1506 4936 et
1518 4875 1666 4942 tieloisse
1682 4896 1803 4943 amores

182 4947 363 5020 spectare.

219 5184 229 5209 ⁸
254 5183 342 5235 Torn.
356 5183 414 5249 xil,
428 5203 456 5255 p.
471 5191 566 5244 134.-
578 5191 590 5222 ⁸
604 5193 1400 5285 vid.sp1·csopsmascanus,roncarltmid.sunonis,
1414 5223 1491 5286 1838,
1504 5223 1572 5288 iss-8,
1586 5241 1612 5292 p.
1627 5231 1749 5284 itt-nl.
