4486 6100
341 801 477 860 Naturam
490 819 603 882 superet

341 893 430 950 Natus
441 914 489 953 rex
502 897 610 972 glorie,

338 982 450 1060 Regnat
462 998 490 1044 ct
502 988 638 1062 imperet,

339 1074 375 1129 Et
386 1076 457 1132 aima
470 1080 563 1136 scurie

338 1164 431 1221 'l'ollat
443 1167 478 1222 de
492 1171 594 1228 madio.

333 1315 419 1370 Foras
429 1318 522 1390 ejiciat

307 1481 311 1490 ι
334 1405 508 1465 Mundanum
520 1412 689 1488 principem,

334 1492 510 1572 Matremque
522 1499 604 1556 faciat

333 1583 433 1640 Secum
446 1591 611 1665 participem

333 1671 422 1731 Patris
433 1677 554 1752 imperii.

328 1805 568 1887 superbientium¹

331 1905 417 1961 Terat
429 1906 553 1984 fastigia,

328 1993 406 2050 Colla
418 1997 581 2057 sublimium

327 2084 441 2142 Calcans
454 2091 480 2145 vi
494 2095 622 2167 propria,

326 2174 428 2233 Potens
442 2179 472 2233 in
485 2180 588 2254 prelio.

328 2315 583 2391 araqumarera

325 2405 390 2462 Huc
404 2407 476 2466 dona
486 2411 595 2483 dicerc;

324 2496 424 2554 Revela
438 2504 538 2558 veteris

323 2584 459 2645 Velamen
470 2589 586 2661 littera,

321 2677 437 2737 Virtute
450 2684 553 2740 nuntii.

317 2819 427 2877 Accede
439 2825 552 2894 nuntia,

316 2909 365 2965 llic
378 2928 384 2959 :
396 2913 454 2967 Ave
464 2917 605 2985 cominus,

317 2999 386 3054 Dic:
401 3001 486 3059 Plena
499 3007 601 3079 gratia,

315 3089 383 3146 Dic:
401 3093 508 3149 Tecum
522 3096 672 3169 Dominus,

290 3187 292 3192 ’
315 3179 351 3235 Et
362 3179 408 3237 dic
421 3205 427 3238 ι
442 3181 486 3239 Ne
499 3185 606 3243 timeas.

314 3318 404 3395 Virgo
418 3323 551 3397 suscipias

923 679 1135 759 Cbllllller.

1061 807 1066 818 ’
1154 821 1243 880 Audit
1255 836 1283 882 et
1296 828 1414 902 aucupit

1072 1917 1075 1926 ·
1143 1886 1201 1942 Noa
1216 1887 1316 1944 reddat
1328 1887 1453 1959 stabiles,

1152 911 1248 970 Puella
1260 917 1402 975 nuntium.

1153 1005 1252 1061 Credit
1265 1018 1294 1063 et
1306 1009 1442 1085 concipit,

1153 1075 1188 1131 Et
1200 1079 1274 1150 parit
1287 1077 1392 1149 lilium,

1150 1166 1205 1224 Sed
1218 1166 1426 1242 admirabilem,

1149 1300 1346 1360 Consiliarium

1148 1391 1273 1448 Humani
1289 1397 1412 1468 generis,

1148 1483 1183 1538 Et
1193 1484 1286 1539 &om
1298 1483 1430 1555 sortium,

1147 1573 1315 1654 Patremque
1328 1581 1445 1654 posteris

1145 1668 1180 1724 ln
1194 1686 1260 1742 pace
1272 1669 1409 1726 stabilem.

1145 1795 1234 1869 Cujus
1246 1797 1382 1855 stabilitas

1143 1975 1186 2032 Ne
1201 1994 1251 2032 nos
1263 1977 1387 2034 labilitas

1143 2067 1272 2124 Humana
1282 2067 1379 2125 labiles

1137 2157 1241 2213 Secum
1253 2159 1416 2233 precipitat.

1140 2285 1198 2341 Sed
1208 2285 1289 2342 dator
1300 2287 1400 2356 venia,

1139 2376 1278 2432 Concessa
1289 2378 1384 2446 venia,

1139 2465 1194 2522 Per
1206 2478 1324 2523 matrem
1337 2469 1443 2541 gratie,

1140 2553 1265 2613 Obtenta
1277 2559 1379 2631 gratim

1137 2645 1172 2702 ln
1185 2646 1265 2702 nobis
1278 2647 1395 2704 habitet.

1135 2774 1261 2831 Natura*
1275 2778 1414 2850 premitur

1093 2897 1098 2908 ·
1132 2866 1167 2919 In
1179 2873 1264 2939 partu
1275 2865 1419 2942 Virginis,

1134 2953 1196 3010 Rex
1207 2972 1306 3029 regum
1320 2957 1454 3030 namitur,

1134 3045 1204 3102 vim
1216 3043 1307 3102 celans
1319 3046 1460 3118 numinis,

1132 3135 1169 3190 Et
1183 3145 1276 3192 rector
1288 3153 1429 3210 superum.

1131 3257 1190 3327 Qui
1202 3257 1282 3313 nobis
1293 3256 1400 3314 tribuat

1128 3346 1239 3402 Peccati
1250 3347 1375 3416 veniam,

313 3409 365 3464 Dei
378 3411 550 3485 depositum,
1128 3434 1233 3492 Reatus
1244 3435 1347 3505 diluat,

310 3497 344 3554 Iu
359 3517 417 3574 quo
430 3503 556 3576 perficias
1125 3525 1164 3580 Et
1173 3523 1261 3582 donet
1271 3526 1391 3600 patriam

309 3590 392 3647 Casta
408 3595 599 3667 propositum,
1125 3614 1160 3669 In
1172 3633 1236 3672 arce
1246 3614 1379 3672 siderum.

186 3679 191 3686 '
309 3679 345 3736 Et
356 3692 452 3738 votum
466 3693 568 3742 teneas.
965 3743 970 3752 .
1419 3708 1508 3765 Auru.

844 4288 1138 4404 VERSUS

571 4533 839 4627 ularsrar
874 4540 1041 4630 paral
1076 4543 1395 4636 ananiam.

221 4975 311 5036 Hanc
325 4990 447 5056 prosam
466 4975 604 5039 nondum
623 4978 656 5040 in
672 4977 772 5041 lucam
787 4979 935 5062 prolatam
950 4983 1123 5048 invenimus
1142 4985 1175 5047 in
1195 4983 1303 5049 codice
1322 4985 1509 5070 sorbonico,
1532 5002 1565 5054 n⁰
1587 4995 1683 5070 1739,
1703 4997 1773 5078 qui,

173 5077 299 5139 aaecmo
314 5094 356 5139 ιιι
367 5086 531 5158 vergente,
546 5090 689 5144 exaratus
708 5081 804 5146 fuisse
818 5082 948 5148 ridetur.
965 5087 1008 5149 Ea
1027 5095 1129 5151 autem
1146 5106 1216 5151 cum
1236 5089 1429 5155 miraculosis
1443 5095 1686 5174 narrationibus,
1703 5116 1774 5181 pra-

211 5273 221 5299 *
243 5271 276 5322 lli
290 5276 398 5340 quium
407 5291 492 5328 veram
501 5291 551 5328 non
560 5288 616 5329 sunt
627 5277 652 5328 in
664 5276 814 5358 Gliqhoreo.

326 5377 449 5422 1·
1594 5373 1634 5435 42
