4588 6106
444 649 516 719 aot
881 643 1009 714 PETRI
1035 639 1271 713 tumulant
1296 641 1352 711 ΕΤ
1376 639 1602 712 HELOlSSAE

445 814 510 887 per
535 813 597 878 se,
629 807 704 858 non
727 809 750 866 a
774 787 851 856 Deo
882 784 1002 875 missi,
1037 783 1093 855 vel
1125 797 1351 882 expectantes
1377 797 1417 854 ut
1450 807 1516 880 pro
1552 783 1603 854 eis
1638 781 1839 872 mandetur.
1874 787 2029 856 loannes

448 906 600 1006 Baptista
618 905 785 1002 princeps
808 917 950 994 noster,
971 903 1030 974 oui
1055 901 1282 1001 pontificatus
1303 901 1506 974 haereditate
1531 899 1704 992 cedebat,
1732 901 1842 974 semel
1868 901 1914 974 ab
1941 902 2030 974 urbe

446 1027 587 1098 recessit
606 1024 651 1095 ad
673 1023 900 1112 heremum¹,
923 1021 1171 1122 pontificatum
1187 1024 1319 1096 scilicet
1337 1049 1405 1121 pro
1424 1023 1661 1114 monachatu,
1680 1023 1838 1095 civitates
1863 1048 1931 1123 pro
1949 1023 2031 1098 soli·

446 1147 569 1219 tudine
595 1144 776 1217 deserens.
801 1148 843 1216 Et
861 1144 908 1216 ad
931 1169 1014 1216 eum
1043 1145 1200 1244 populus
1220 1144 1358 1234 exibat,
1383 1169 1450 1217 nec
1476 1145 1552 1242 ipse
1575 1143 1622 1214 ad
1645 1143 1822 1243 populum
1846 1144 2026 1218 introibat.

444 1270 515 1357 Qui
533 1292 647 1366 quum
665 1283 785 1340 tantus
802 1282 893 1340 esset
911 1282 951 1340 ut
965 1268 1125 1340 Christus
1147 1268 1373 1356 crederetur,
1397 1282 1432 1339 et
1452 1266 1549 1338 nulla
1573 1267 1610 1338 in
1629 1267 1829 1338 civitatibus
1855 1269 2031 1365 corrigere

444 1404 587 1487 posset:
604 1390 640 1460 in
655 1389 717 1461 illo
732 1389 807 1485 jam
824 1403 899 1460 erat
912 1387 1065 1478 lectulo,
1089 1389 1185 1460 unde
1197 1389 1353 1488 pulsanti
1373 1388 1504 1459 dilecto
1519 1387 1737 1485 respondere
1751 1403 1894 1485 paratus
1905 1393 2027 1461 erat¹:

446 1541 464 1579 u
480 1511 663 1611 Expoliavi
682 1536 740 1583 me
754 1511 875 1584 tunica
891 1536 993 1603 mea,
1013 1512 1199 1609 quomodo
1218 1511 1347 1584 induar
1363 1511 1449 1584 illa?
1472 1513 1556 1582 Lavi
1575 1511 1685 1608 pedes
1704 1535 1823 1601 meos,
1845 1512 2030 1609 quomodo

445 1630 642 1728 inquinabo
660 1629 766 1702 illos?
783 1657 800 1698 ιι
821 1631 990 1728 Quisquis
1008 1631 1128 1728 itaque
1141 1632 1274 1728 quietis
1290 1631 1495 1704 monastica
1513 1645 1689 1703 secretum
1708 1630 1898 1720 desiderat,
1919 1631 2033 1704 lectu-

445 1750 520 1823 lum
538 1751 650 1848 magis
667 1775 776 1848 quam
794 1750 926 1823 lectum
941 1776 979 1823 se
996 1750 1128 1823 habere
1141 1751 1304 1848 gaudeat.
1329 1780 1346 1820 ιι
1362 1755 1415 1822 De
1429 1730 1555 1822 lecto»
1574 1751 1730 1849 qnippe,
1751 1766 1792 1823 ut
1802 1753 1938 1823 Veritas
1949 1753 1996 1822 ait
2006 1755 2028 1842 ¹,

448 1901 463 1939 u
484 1897 576 1943 unus
593 1887 811 1962 assumetur,
833 1887 869 1944 et
886 1871 974 1944 alter
998 1871 1231 1969 relinquetur.
1253 1901 1270 1938 u
1299 1871 1483 1943 Lectulum
1502 1895 1588 1944 vero
1608 1896 1748 1970 sponsae
1766 1896 1842 1944 esse
1856 1872 2028 1969 legimus,

445 1992 556 2064 idest
576 1995 702 2065 animae
729 1993 1012 2093 contemplativae
1030 1994 1171 2066 Christo
1198 1995 1329 2065 arctius
1347 1993 1541 2092 copulatae,
1568 2009 1606 2066 et
1627 2017 1769 2064 summo
1794 1994 1825 2065 ei
1855 1991 2031 2066 desiderio

445 2113 667 2186 adhaerentis.
700 2119 818 2202 Quem
845 2117 1051 2213 quicunque
1075 2115 1280 2204 intraverit,
1308 2115 1490 2186 neminem
1518 2139 1594 2186 esse
1612 2114 1773 2186 relictum
1792 2112 1953 2210 legimus.
1979 2118 2032 2186 De

444 2257 518 2331 quo
538 2249 572 2306 et
594 2235 746 2333 ipsamet
772 2233 954 2333 loquitur⁸
980 2263 988 2306 ι
1021 2263 1039 2304 ιι
1057 2239 1097 2305 Ιιι
1124 2233 1255 2306 lectulo
1283 2259 1365 2306 meo
1386 2249 1601 2334 pernoctans
1623 2233 1766 2331 quaesivi
1788 2258 1897 2330 quem
1922 2231 2033 2330 diligit

444 2355 562 2426 anima
579 2377 671 2426 mea.
692 2383 709 2422 ιι
730 2359 849 2452 Aquo
874 2355 981 2426 etiam
998 2353 1129 2426 lectulo
1149 2357 1226 2454 ipsa
1243 2380 1385 2452 surgere
1404 2354 1624 2450 dedignans,
1643 2353 1699 2424 vel
1716 2352 1936 2443 formidans,
1955 2353 2032 2453 pul·

443 2475 535 2545 santi
546 2475 676 2551 dilecto
689 2475 788 2572 quod
798 2500 905 2574 supra
915 2476 1143 2547 meminimus
1156 2476 1361 2573 respondet.
1377 2479 1455 2546 Non
1469 2474 1563 2545 enim
1577 2473 1700 2545 sordes
1712 2475 1778 2544 nisi
1791 2489 1888 2545 extra
1901 2473 2031 2545 lectum

444 2619 549 2666 suum
566 2619 642 2667 esse
660 2596 793 2688 credit,
814 2595 945 2693 quibus
963 2596 1143 2692 inquinari
1158 2594 1268 2693 pedes
1288 2597 1426 2666 metuit.
1448 2598 1596 2691 Egressa
1614 2609 1667 2666 est
1680 2595 1792 2685 Dina,
1812 2610 1852 2666 ut
1868 2595 2033 2691 alienige·

354 2775 362 2791 .
444 2738 508 2785 nas
525 2714 683 2807 videret,
704 2729 739 2787 et
756 2729 925 2814 corrupta
949 2729 1013 2787 est.
1038 2719 1081 2788 Et
1100 2717 1189 2786 sicut
1206 2714 1346 2786 Malcho
1361 2714 1409 2785 illi
1428 2716 1569 2812 captivo
1586 2737 1740 2785 monaco
1760 2711 1806 2785 ab
1824 2713 1951 2786 abbate
1967 2739 2032 2786 suc

443 2833 652 2932 praedictum
679 2849 754 2925 est,
776 2850 812 2907 et
836 2836 911 2935 ipse
938 2834 1171 2934 postmodum
1192 2849 1244 2907 est
1264 2849 1450 2933 expertus3
1475 2836 1552 2906 ovis
1573 2859 1652 2931 quae
1669 2832 1714 2904 de
1736 2834 1820 2905 ovili
1839 2833 2029 2931 egreditur,

437 2943 513 3024 ¹cito
537 2954 612 3053 lupi
631 2955 809 3027 morsibus
828 2969 938 3053 patet.
960 2959 1011 3027 Ne
1033 2957 1138 3052 igitur
1157 2954 1422 3027 multitudinem
1446 2977 1722 3052 congregemus,
1752 2977 1819 3050 pro
1839 2975 1909 3050 qua
1937 2979 2033 3051 egre·

446 3074 569 3145 diendi
588 3075 814 3148 occasionem
834 3099 1055 3172 quaeramus,
1075 3077 1147 3146 imo
1167 3091 1203 3145 et
1223 3075 1343 3171 egredi
1362 3075 1641 3173 compellamur,
1664 3089 1699 3146 et
1718 3098 1800 3145 cum
1819 3074 2032 3148 detrimento

444 3195 555 3266 nostri
574 3193 714 3267 lucrum
732 3195 902 3267 faciamus
920 3195 1071 3266 aliorum
1096 3222 1104 3264 ι
1133 3193 1349 3265 admodum
1370 3194 1536 3268 videlicet
1553 3193 1712 3293 plumbi,
1736 3194 1836 3292 quod
1856 3209 1894 3266 ut
1911 3219 2033 3294 argen-

444 3329 520 3385 tum
542 3329 702 3386 servetur
714 3315 751 3384 in
765 3315 923 3406 fornace,
943 3314 1177 3386 consumitur.
1190 3313 1398 3385 Verendum
1415 3315 1536 3413 potius
1558 3331 1674 3387 estne
1692 3329 1728 3387 et
1743 3314 1932 3413 plumbum
1946 3319 2035 3417 pari·

445 3449 499 3505 ter
509 3446 544 3504 et
560 3449 747 3529 argentum
759 3433 885 3505 fornax
899 3434 1092 3505 vehemens
1106 3448 1295 3506 consumat
1306 3435 1556 3506 tentationum.
1576 3438 1723 3526 Veritas,
1742 3437 1920 3533 inquiunt,
1938 3438 2029 3510 ait¹:

448 3583 466 3620 u
482 3557 524 3624 Et
543 3577 627 3625 eum
641 3555 702 3650 qui
718 3555 815 3625 venit
831 3553 877 3625 ad
895 3578 955 3625 me
970 3577 1044 3624 non
1059 3553 1198 3650 ejiciam
1216 3552 1320 3625 foras.
1342 3581 1360 3622 u
1382 3558 1454 3628 Nec
1472 3581 1540 3627 nos
1558 3556 1636 3654 ejici
1654 3572 1838 3655 susceptos
1851 3559 2029 3649 volumus,

446 3673 508 3745 sed
526 3674 572 3746 de
590 3673 823 3774 suscipiendis
836 3674 1051 3774 provideret
1072 3699 1119 3749 ne
1136 3699 1249 3771 quum
1262 3701 1324 3748 eos
1338 3675 1434 3748 intus
1449 3678 1730 3777 susceperimus,
1747 3703 1814 3751 nos
1828 3677 1924 3778 ipsos
1937 3695 2033 3753 extra

447 3819 514 3892 pro
533 3796 583 3866 eis
600 3795 791 3891 ejiciamus.
815 3799 905 3867 Nam
924 3811 958 3868 et
976 3797 1093 3892 ipsum
1108 3796 1303 3870 Dominum
1318 3821 1393 3868 non
1408 3813 1612 3896 susceptum
1629 3799 1772 3896 ejecisse
1789 3799 1954 3897 legimus,
1971 3802 2032 3875 sed

448 3913 656 3986 offerentem
676 3939 713 3986 se
731 3915 919 4014 respuisse.
941 3915 1006 3986 Cui
1023 3915 1169 4013 quidem
1187 3915 1340 3988 dicenti‘
1356 3947 1365 3988 ε
1384 3919 1596 4014 «Magister,
1617 3944 1745 4017 sequar
1763 3934 1797 3991 te
1816 3945 2032 4019 quocunque

448 4035 552 4123 ieris3
573 4063 591 4102 u
611 4034 798 4132 respondit
820 4063 827 4104 :
853 4035 1019 4133 «Vulpes
1037 4035 1156 4108 loreas
1173 4035 1329 4128 habent,
1350 4051 1417 4109 etc.
1436 4065 1455 4106 u
1477 4039 1547 4126 Qui
1567 4038 1673 4110 etiam
1692 4037 1738 4110 de
1753 4039 1954 4138 sumptibus
1967 4065 2033 4113 nos

447 4169 529 4226 ante
548 4154 761 4252 providere,
787 4179 900 4252 quum
919 4154 1053 4252 aliquid
1075 4155 1192 4227 facere
1212 4155 1450 4248 meditamur,
1472 4158 1529 4229 cui
1548 4159 1618 4230 sint
1635 4159 1703 4256 ipsi
1722 4161 1931 4252 necessarii,
1954 4161 2032 4233 dili-

448 4289 571 4371 genter
588 4275 783 4365 admonet,
808 4275 976 4348 dicens²2
1001 4305 1019 4345 ιι
1035 4277 1124 4364 Quis
1138 4291 1294 4349 vestrum
1307 4277 1431 4349 volens
1445 4279 1571 4350 turrim
1584 4278 1780 4368 aedificare,
1799 4305 1923 4352 nonne
1936 4283 2032 4380 prius

447 4395 575 4467 sedens
603 4411 791 4495 computat
817 4411 979 4494 sumptus
1006 4398 1068 4496 qui
1089 4399 1277 4469 necessarii
1294 4413 1401 4488 suut,
1428 4399 1458 4469 si
1475 4399 1583 4472 habet
1602 4399 1649 4472 ad
1676 4400 1962 4500 perficiendum?
1983 4405 2032 4474 Ne

447 4531 570 4612 postea
590 4540 699 4613 quam
723 4502 882 4615 posuerit
900 4518 1196 4607 fundamentum,
1215 4533 1251 4590 et
1267 4543 1342 4591 non
1360 4521 1517 4619 potuerit
1533 4520 1727 4620 perlicere,
1754 4547 1880 4595 omnes
1900 4523 1962 4620 qui
1982 4524 2032 4594 vi·

448 4636 566 4707 derint
583 4638 756 4737 incipiant
769 4637 918 4710 illudere
936 4641 994 4729 ei,
1014 4638 1197 4710 dicentes:
1220 4669 1237 4708 ιι
1254 4641 1348 4729 Quia
1363 4640 1423 4712 hic
1442 4641 1554 4713 homo
1572 4644 1678 4740 ooepit
1693 4643 1887 4732 adificare,
1909 4658 1944 4716 et
1958 4667 2031 4714 non

451 4783 468 4823 ιι
489 4758 606 4852 potuit
630 4782 893 4830 consummare.
914 4787 932 4825 u
964 4761 1132 4856 Magnum
1151 4774 1205 4834 est
1228 4761 1256 4831 si
1277 4760 1334 4832 vel
1355 4785 1392 4834 se
1411 4785 1526 4834 unum
1546 4763 1626 4860 quis
1643 4764 1778 4836 salvare
1800 4763 1973 4851 sufficiat,
1998 4779 2033 4836 et

447 4876 688 4974 periculosum
708 4893 762 4950 est
781 4878 901 4950 multis
918 4903 1002 4950 eum
1020 4877 1209 4978 providere
1225 4882 1286 4978 qui
1304 4881 1363 4952 vir
1380 4881 1426 4954 ad
1439 4883 1639 4955 custodiam
1657 4885 1712 4956 sui
1733 4883 1861 4956 sufficit
1874 4883 2028 4980 vigilare.

482 5189 490 5216 ¹
509 5187 597 5252 llere,
610 5205 664 5254 cap.
682 5207 699 5240 ι.
710 5191 763 5228 -“
779 5193 883 5252 cantic„
896 5207 952 5259 cap.
968 5209 993 5255 ι,
1010 5210 1034 5244 ι.
1052 5195 1077 5243 a.
1089 5193 1223 5256 -⁸an.,
1256 5209 1312 5259 cap.
1332 5210 1387 5253 tur,
1406 5209 1429 5245 ι.
1449 5197 1489 5245 tl.
1502 5223 1532 5232 -
1543 5195 1553 5222 ⁸
1564 5197 1659 5257 llattls„
1677 5211 1733 5264 cap.
1748 5213 1806 5260 ιιιι,
1826 5215 1848 5248 ι.
1866 5199 1896 5248 19
1908 5207 1933 5247 et
1947 5199 1989 5252 20,
2005 5223 2029 5232 -

449 5272 505 5342 ca'p.
519 5291 584 5339 xm,
599 5291 623 5325 ι.
639 5277 680 5326 3⁴.
691 5299 723 5314 ·-·
736 5275 747 5302 *
760 5279 866 5338 Guntia„
878 5293 934 5344 cap.
949 5295 990 5342 ru,
1002 5295 1026 5329 ι.
1041 5283 1061 5328 t.
1078 5277 1125 5316 -⁸
1140 5281 1222 5338 toan..
1258 5279 1347 5332 ttae..
1364 5297 1419 5350 cap.
1434 5297 1486 5344 ru,
1501 5297 1524 5332 ι.
1536 5283 1567 5332 28
1582 5295 1606 5334 et
1618 5300 1656 5350 sq.
