4590 6106
499 601 550 674 dd
1039 609 1238 683 ANDREAE
1258 607 1533 698 tXlEllGE'l'th

501 741 759 810 mechis-dedit,
782 761 833 798 uos
853 743 943 800 eidem
965 745 1090 804 emata
1104 749 1311 805 confirmamus.
1334 749 1434 806 Eidem
1450 749 1535 804 sdan
1555 747 1675 803 sederis
1689 745 1888 806 muman
1906 759 2027 817 mmm,
2049 761 2078 808 et

501 853 599 890 nemus
615 834 691 910 quod
710 835 813 890 dieitur
827 835 986 892 Raimundi.
1000 839 1104 894 Actum
1117 841 1239 896 Parisius
1259 859 1333 896 anno
1352 842 1487 896 incarnati
1503 839 1593 896 Verbi
1613 855 1730 909 mre,
1749 839 1894 896 bdslsidia
1912 845 2015 916 regina
2029 861 2075 900 vu.

501 927 618 1001 Signum
639 927 773 1000 Stephani
785 927 918 1001 dapiferi,
943 931 1055 1004 signum
1074 931 1225 1006 Gilleberti
1246 933 1421 1002 buticularii,
1445 934 1559 1006 signum
1581 933 1710 1002 Hugonis
1730 933 1944 1007 constabularii,
1966 936 2076 1008 signum

499 1019 623 1076 Alberici
632 1020 786 1073 camerarii.
801 1020 870 1074 Data
883 1039 933 1094 per
946 1041 1059 1077 manum
1073 1021 1209 1096 Stephani
1223 1021 1417 1080 marcharii.»

535 1165 643 1220 Verum
661 1163 719 1218 haec
736 1161 832 1218 charta
850 1165 1013 1238 scrupulum
1031 1165 1149 1241 ingerit,
1168 1167 1217 1242 qui
1237 1165 1320 1242 paulo
1334 1167 1498 1242 diligentius
1515 1165 1697 1222 excutiendus
1712 1177 1762 1222 est.
1780 1167 1850 1222 llam
1863 1175 1892 1222 et
1903 1168 2075 1241 Stephanum

498 1245 671 1330 dapiferum,
693 1268 723 1311 et
743 1255 917 1328 Stephanum
937 1238 1132 1314 cancellarium
1153 1259 1236 1314 simul
1255 1259 1425 1334 subscriptos
1445 1259 1537 1316 habet.
1560 1259 1656 1330 Quum
1678 1267 1770 1314 tamen
1790 1257 1911 1316 Annales
1924 1262 2076 1317 maurinia-

483 1350 585 1403 -censis
599 1347 735 1415 coenobii,
750 1365 819 1422 quos
832 1342 965 1416 Teulfus,
979 1347 1128 1425 et'aliquot
1140 1351 1193 1406 loci
1207 1349 1282 1407 illius
1297 1353 1427 1408 monachi
1441 1353 1629 1426 seripserunt,
1644 1351 1775 1406 eumdem
1788 1351 1891 1409 faciam
1902 1353 2076 1428 Stephanum

497 1443 532 1496 de
552 1439 694 1497 Garlanda
714 1439 871 1513 dapiferum
890 1440 1113 1516 cumStephano
1133 1443 1298 1500 cancellario
1317 1446 1400 1518 regis.
1419 1443 1511 1499 Teulfi
1525 1442 1607 1499 verba
1620 1453 1686 1499 suut
1700 1445 1758 1500 hac
1772 1443 1922 1500 Annalium
1936 1445 2009 1502 libro
2023 1449 2052 1502 ll
2067 1471 2072 1502 :

498 1557 511 1583 a
526 1535 665 1588 Defuncto
685 1530 840 1588 vuillelmo
863 1533 967 1589 Anselli
988 1535 1105 1610 dapiferi
1128 1553 1277 1610 germano,
1303 1534 1461 1610 Stephanus
1480 1536 1676 1606 cancellatim,
1698 1535 1785 1592 frater
1802 1537 1964 1606 amborum,
1988 1539 2076 1611 majnr

496 1628 577 1699 remae
593 1625 693 1680 domus
710 1625 822 1680 eftectus
843 1637 893 1682 est.
911 1627 974 1682 Hoc
990 1628 1136 1683 retroactis
1151 1627 1379 1702 generationibus
1392 1627 1482 1685 fuerat
1499 1627 1674 1692 inauditum,
1695 1639 1727 1685 ut
1742 1629 1830 1684 homo
1845 1629 1893 1704 qui
1913 1630 2075 1687 diaconatus

496 1717 666 1792 fungebatur
686 1717 791 1788 officio,
814 1717 919 1774 militia
937 1717 1020 1774 simul
1041 1731 1104 1794 post
1124 1737 1218 1794 regem
1238 1721 1354 1776 duceret
1370 1722 1570 1796 principatum.
1585 1721 1639 1776 Hic
1656 1721 1701 1776 vir
1719 1721 1891 1790 industrius,
1907 1733 1936 1777 et
1954 1723 2074 1778 temulari

497 1810 628 1884 praeditus
644 1813 789 1884 sapientia,
811 1829 875 1866 cum
891 1809 987 1867 multis
1001 1811 1251 1869 ecclesiasticorum
1263 1813 1403 1870 honorum
1419 1813 1590 1882 redditibus,
1605 1823 1668 1869 tum
1682 1813 1868 1870 familiaritate
1885 1815 1973 1888 regis,
1989 1833 2074 1890 quam

497 1907 536 1960 sic
554 1903 692 1973 hahebat,
714 1915 746 1960 ut
760 1905 785 1960 ei
803 1907 895 1978 potius
915 1925 929 1960 a
947 1905 1115 1981 quibusdam
1136 1905 1279 1963 diceretm
1292 1909 1431 1982 imperare
1448 1925 1532 1983 quam
1546 1909 1666 1976 servire,
1685 1907 1832 1982 temporali
1846 1907 1979 1964 felicitate
1989 1923 2075 1982 supra

495 2007 606 2054 ceteros
619 1997 749 2053 mortales
759 1999 862 2053 nostris
875 1998 1049 2072 temporibus
1063 1995 1216 2055 efflorebat.
1230 1999 1346 2055 Tradita
1359 2017 1423 2056 vero
1437 2001 1515 2074 nepti
1527 2001 1570 2055 sui
1582 2001 1612 2055 in
1624 2001 1755 2074 conjugio
1764 2000 1905 2056 Almarico
1919 1999 1954 2056 de
1965 2003 2075 2057 Monte·

494 2091 576 2158 forti,
599 2107 663 2144 com
683 2089 791 2145 honore
803 2090 838 2144 de
852 2087 999 2163 Rupeforti
1011 2103 1028 2160 ,¹
1040 2091 1094 2165 qul'
1109 2089 1208 2165 puellis
1228 2089 1263 2147 de
1283 2092 1462 2148 matrimonio
1481 2089 1647 2163 obvenerat,
1666 2091 1832 2148 tumefactus
1851 2092 2010 2167 oblitusque
2032 2093 2074 2148 sui

497 2179 612 2236 Adelam
625 2183 750 2254 reginam
759 2179 993 2256 frequentissimis
1004 2183 1138 2239 molestiis
1152 2183 1204 2239 sihi
1217 2183 1342 2240 reddidit
1351 2183 1495 2254 infestam,
1512 2183 1639 2260 odiisque
1651 2185 1855 2252 crescentibus,
1871 2203 1938 2260 rege
1952 2187 2072 2252 turbato,

496 2277 637 2349 depositus
655 2277 689 2330 ah
707 2277 829 2344 honore,
848 2275 1005 2349 pulsatura
1025 2279 1112 2333 curia.
1127 2279 1190 2352 lpse
1206 2295 1271 2333 vero
1289 2277 1376 2333 veluti
1396 2277 1516 2353 quadam
1531 2287 1677 2352 correptus
1690 2279 1809 2348 insania,
1831 2297 1950 2352 regnum
1962 2277 2074 2334 turbare

494 2373 560 2425 totis
579 2370 684 2425 viribus
704 2371 839 2436 enititur,
864 2381 892 2425 et
909 2371 962 2425 viri
986 2373 1014 2425 in
1035 2373 1120 2426 armis
1141 2374 1263 2440 strenui,
1285 2373 1419 2428 Amalrici
1432 2373 1510 2440 dico,
1532 2373 1621 2427 fretus
1634 2371 1759 2440 auxiliis,
1775 2373 1893 2446 patriam
1908 2373 1981 2427 hanc
1996 2371 2074 2426 bellis

492 2461 629 2516 accendit.
641 2462 695 2517 Sed
707 2481 794 2536 quum
808 2481 872 2517 suos
884 2462 996 2518 affectus
1010 2462 1149 2518 deducere
1162 2483 1218 2518 non
1232 2476 1324 2537 posset
1339 2464 1373 2518 ad
1385 2465 1511 2533 effectus,
1527 2481 1651 2520 reversus
1669 2465 1702 2519 ad
1723 2467 1919 2539 semetipsum,
1940 2465 2074 2520 senescal-

492 2555 580 2622 ciam,
599 2573 682 2629 wem
700 2555 766 2628 jure
786 2553 928 2628 possidere
942 2573 971 2610 se
984 2551 1094 2610 dicebat
1108 2555 1297 2627 hereditario,
1310 2557 1430 2625 dimisit,
1451 2567 1480 2613 et
1496 2575 1561 2612 cum
1579 2575 1645 2630 rege
1658 2557 1811 2624 Ludovico,
1831 2557 1965 2612 Adelaide
1980 2559 2073 2630 regina

492 2649 707 2718 interveniente,
728 2649 888 2722 pacificatus
900 2659 950 2704 est.
962 2671 975 2700 »
992 2647 1084 2722 [Vide
1099 2651 1201 2724 Script.
1216 2671 1270 2708 rer.
1286 2653 1395 2726 gallie,
1411 2663 1430 2708 t.
1446 2651 1517 2714 Xil,
1530 2671 1557 2725 p.
1570 2651 1626 2725 lh]
1642 2653 1680 2706 Ex
1693 2651 1796 2726 quihus
1810 2661 1931 2727 quantus
1944 2663 1971 2706 et
1985 2653 2074 2726 qualis

492 2745 577 2799 fuerit
590 2741 749 2816 Stephanus
763 2741 798 2797 de
812 2741 954 2798 Garianda
968 2741 1076 2816 dapifer
1091 2743 1221 2800 facillime
1240 2755 1331 2818 potest
1344 2745 1476 2817 judicari.
1490 2743 1546 2800 Sed
1558 2753 1666 2799 utrum
1681 2743 1766 2800 fuisse
1779 2745 1889 2801 credam
1902 2745 2074 2817 Stephanum

492 2833 571 2888 illum
584 2834 793 2902 cancellarium,
807 2836 856 2908 qni
869 2844 963 2908 postca
976 2835 1135 2908 parisiensis
1152 2837 1298 2910 episcopus
1310 2837 1397 2892 factus
1409 2847 1465 2907 est,
1478 2836 1579 2892 adduci
1593 2855 1710 2911 nequeo.
1725 2837 1814 2892 Multa
1824 2839 1897 2892 enim
1911 2839 1938 2891 iu
1953 2837 2076 2910 antiquis

491 2936 519 2981 et
534 2927 587 2982 fide
601 2925 695 2999 dignis
707 2929 897 2982 monumentis
914 2939 1082 2997 occurrunt,
1105 2947 1166 3002 quae
1179 2932 1351 2986 contrarium
1367 2930 1533 3004 persuadere
1547 2929 1686 2986 ridentur.
1701 2929 1736 2986 Et
1749 2931 1855 3004 primo,
1871 2929 1968 2984 tabula·
1980 2929 2074 2985 Sancti

490 3019 604 3074 lllartiui
619 3019 746 3074 referunt
758 3019 933 3093 Stephanum
950 3021 1129 3094 parisiensem
1143 3023 1321 3096 episcopum,
1337 3023 1504 3079 aecclesiam
1518 3023 1613 3080 Sancti
1627 3021 1753 3096 Dionysii
1770 3041 1830 3098 que
1843 3023 1947 3078 dicitur
1957 3021 1993 3076 de
2005 3023 2073 3078 Car-

490 3129 565 3180 cere,
580 3129 664 3186 quam
678 3113 728 3166 diu
740 3131 839 3167 manus
852 3112 920 3167 laica
933 3114 1037 3184 injuste
1048 3115 1200 3182 invaserat,
1217 3133 1277 3188 quae
1286 3118 1369 3171 etiam
1382 3115 1569 3190 sno'temporc
1584 3117 1620 3172 ad
1635 3133 1732 3172 manus
1742 3117 1832 3190 regias
1842 3117 1951 3171 redacta
1965 3117 2071 3183 lucrm,

491 3205 579 3277 ipsam
592 3203 621 3256 in
633 3203 761 3257 manibus
774 3203 832 3256 suis
845 3201 983 3257 redditam
993 3221 1026 3258 ex
1039 3221 1191 3273 consensu,
1209 3208 1345 3278 petitione
1354 3219 1382 3263 et
1396 3207 1536 3263 voluntate
1545 3211 1620 3282 regis
1634 3209 1777 3274 ludovici,
1789 3219 1930 3265 annuente
1941 3209 2073 3265 Adelaitle

491 3295 602 3368 regina,
625 3306 654 3350 et
670 3296 794 3350 Henrico
814 3294 939 3366 ejusdem
955 3293 1074 3350 ecclesie
1092 3295 1191 3351 abbate
1204 3300 1389 3366 concedente,
1410 3302 1439 3355 iu
1461 3312 1627 3374 perpetuum
1646 3301 1762 3358 donasse
1779 3301 1880 3358 Sancto
1900 3303 2020 3358 hlartino
2038 3301 2073 3358 de

492 3387 605 3461 Campis
618 3405 691 3442 auno
702 3387 809 3442 Christi
819 3400 951 3442 ummu.
962 3408 977 3436 a
990 3387 1026 3442 In
1037 3387 1138 3443 litteris
1154 3407 1220 3445 sero
1233 3391 1349 3446 Henrici
1361 3392 1469 3448 abbatis
1479 3395 1574 3450 Sancti
1586 3395 1721 3450 Germani
1736 3394 1770 3451 de
1782 3395 1873 3450 Pratis
1884 3407 2073 3451 memorantur

499 3509 510 3532 a
529 3476 677 3536 servientes
703 3477 893 3552 stephanide
917 3477 1113 3550 Garlauda,s
1146 3481 1197 3556 qui
1219 3481 1270 3537 sub
1290 3501 1394 3539 anuum
1417 3485 1510 3540 adhuc
1529 3489 1615 3554 tiss,
1645 3499 1797 3543 «castrum
1819 3491 1984 3562 gurnaicum
2008 3505 2072 3543 cum

494 3571 665 3647 appendiciis
684 3573 713 3627 in
732 3570 911 3627 advocatione
928 3573 1041 3628 tenebat
1054 3590 1107 3646 pro
1127 3573 1268 3630 Almarico
1280 3573 1402 3631 Eboredi
1423 3579 1526 3633 comite
1539 3579 1630 3652 neptis
1642 3597 1696 3635 suae
1711 3579 1782 3648 filio,
1800 3582 1846 3636 cui
1865 3579 1941 3636 idem
1953 3592 2072 3636 camin

491 3665 664 3720 hereditario
673 3665 736 3737 jure
749 3675 926 3720 mceesserat.
939 3688 952 3714 a
964 3664 1106 3734 Secundo,
1121 3665 1247 3722 tumulus
1256 3667 1390 3741 Stephani
1404 3671 1563 3741 parisiensis
1574 3672 1714 3746 episcopi,
1727 3673 1777 3748 qui
1786 3673 1904 3729 decessit
1911 3691 1983 3729 anno
1992 3675 2071 3743 filu,

493 3773 556 3814 eum
573 3759 665 3832 primo
678 3758 887 3826 cancellarium,
908 3767 972 3831 post
984 3758 1145 3833 episcopum
1161 3759 1255 3826 fuisse,
1271 3759 1347 3816 nulla
1356 3761 1474 3836 dapiferi
1488 3763 1530 3818 vel
1544 3764 1684 3821 senescalli
1700 3767 1842 3821 mentione
1854 3767 1942 3833 facta,
1955 3766 2073 3822 demon·

493 3864 575 3920 strat,
597 3853 651 3907 hoc
671 3851 754 3907 modo
770 3875 775 3905 ε
794 3851 875 3906 allia
889 3851 964 3922 jacet
978 3849 1068 3907 felicis
1087 3853 1226 3909 memoria
1244 3855 1413 3910 reverendus
1433 3867 1512 3929 pater
1532 3868 1561 3912 et
1582 3857 1713 3914 dominus
1732 3858 1908 3932 Stephanus,
1930 3859 2072 3933 modam

493 3946 613 4004 francia
633 3943 828 4013 cancellarius,
846 3955 909 4018 post
927 3945 1085 4018 parisiensis
1104 3949 1265 4022 episcopus,
1285 3961 1367 4007 etc.»
1386 3951 1529 4024 Denique,
1550 3953 1627 4026 quod
1646 3953 1706 4009 luce
1726 3953 1879 4010 meridiana
1898 3953 1998 4010 clarius
2010 3965 2070 4024 est,

494 4041 591 4096 tabula
605 4043 692 4096 Beatle
701 4035 797 4096 Mariae
808 4037 843 4096 de
857 4037 983 4095 Gornaio
998 4039 1124 4098 referunt
1137 4043 1261 4100 simulet
1275 4045 1472 4118 «Stephanum
1487 4047 1664 4119 parisiensem
1676 4047 1847 4121 episcopum,
1861 4059 1890 4102 et
1898 4047 2078 4120 Stephanum

491 4127 647 4207 dapiferum
662 4133 820 4189 Goruaium
832 4141 1010 4188 tenentem.»
1030 4133 1125 4205 Quare
1137 4133 1295 4212 dubio'hoc
1310 4139 1349 4192 ita
1363 4149 1488 4207 remoto,
1500 4140 1557 4211 jam
1570 4139 1795 4212 subjungendum
1809 4150 1908 4207 restat,
1928 4139 2073 4211 Stephano

491 4225 526 4282 de
540 4219 682 4282 Garianda'
704 4223 885 4299 hadulphum
902 4221 1034 4296 Peronae,
1057 4245 1105 4282 seu
1124 4227 1383 4284 Viromanduorum
1404 4233 1535 4287 comitem
1557 4233 1586 4286 in
1607 4233 1769 4288 senescalcia
1789 4233 1961 4290 successisse.
1986 4232 2072 4303 Quod

490 4329 584 4391 aperte
603 4313 720 4374 festatur
734 4307 822 4392 'Hugo
838 4315 873 4373 d'e
885 4315 984 4374 Clariis
1003 4335 1092 4395 quum
1114 4319 1171 4374 ait:
1197 4341 1209 4370 a
1226 4321 1292 4375 Post
1312 4319 1485 4394 Stephanum
1508 4323 1561 4378 fuit
1578 4323 1758 4396 senescallus,
1778 4321 1945 4398 Radnlphus
1959 4323 2072 4380 Peronae

489 4426 597 4479 comes,
614 4413 662 4486 qui
676 4408 804 4467 'similiter
816 4411 883 4488 fecit
892 4396 1018 4467 hominia
1031 4423 1059 4468 et
1072 4413 1226 4470 seruitium.
1239 4435 1252 4464 a
1271 4415 1339 4470 Post
1356 4413 1536 4489 Radulphum
1555 4416 1737 4473 Theobaldus
1750 4415 1886 4492 Magnus,
1908 4433 2000 4472 comes
2013 4417 2072 4473 ble-

489 4507 588 4572 sensis,
612 4491 729 4579 dapiferi
746 4505 990 4587 munere‘functus
1007 4505 1118 4577 estsnb
1136 4505 1276 4562 ludovico
1296 4507 1423 4564 iuniore.
1440 4507 1507 4564 Post
1520 4507 1716 4565 Theobaldum
1738 4510 1871 4585 hlagnum
1891 4509 2072 4566 Theobaldus

489 4601 557 4656 alter
570 4599 642 4657 filius
653 4603 726 4674 ejus,
740 4598 839 4656 itidem
852 4614 944 4656 comes
957 4599 1102 4668 blesensis,
1116 4601 1243 4676 Philippi
1257 4603 1379 4676 Augusti
1392 4605 1556 4660 senescallus
1569 4605 1672 4661 extitit.
1685 4605 1719 4662 St
1732 4607 1771 4661 sic
1784 4605 1819 4661 de
1832 4608 1944 4661 caeteris.

1101 4763 1175 4819 uon
1194 4764 1304 4834 xum,
1323 4785 1388 4840 pag.
1407 4770 1453 4825 ss.

523 4903 651 4991 pascnan
665 4909 787 4978 episcopi
798 4915 938 4960 terrae.—
946 4906 1063 4963 Ilatonis
1079 4906 1185 4962 scilicet
1201 4909 1323 4982 episcopi
1343 4910 1492 4976 trecensis,
1509 4919 1658 4982 posteaque
1679 4907 1861 4964 cluniacensis
1879 4903 2021 4974 monachi,
2037 4903 2071 4958 de

488 4980 543 5070 quo
559 4997 644 5051 multa
660 4998 758 5081 Petrus
775 4999 951 5056 Venerabilis
970 4999 1054 5056 abbas
1067 4999 1211 5066 Cluniaci,
1232 5012 1341 5058 sanctus
1355 4999 1524 5070 Ber-nardum,
1547 5012 1574 5056 et
1593 4999 1640 5056 alii
1664 4999 1788 5074 ejusdem
1810 5001 1857 5056 aevi
1881 5001 2028 5074 scriptores
2042 4999 2072 5054 in

487 5089 619 5162 epistolis,
