4522 6104
454 589 526 663 662
1050 585 1177 657 PETRI
1202 585 1435 658 ABAELARDI

385 749 389 758 ·
455 731 492 799 in
512 723 659 798 diversis
675 723 844 822 operibus
861 723 997 795 dictum
1014 741 1086 815 est,
1107 725 1196 796 vidit
1211 724 1310 821 quod
1324 735 1414 797 esset
1430 722 1588 814 bonum;
1607 721 1672 796 sed
1686 722 1735 797 ita
1751 721 1930 815 distinxit,
1944 727 2029 800 vidit

455 843 550 916 Deus
566 858 695 915 cuneta
711 867 789 938 quae
806 843 955 932 lecerat;
981 859 1016 915 et
1032 843 1265 942 postmodum
1288 867 1517 942 nequaquam
1538 859 1703 944 repetens
1723 871 1740 912 t<
1760 843 1852 916 vidit
1869 873 1888 912 n
1906 845 2027 918 subin·

455 963 534 1034 tulit
553 979 616 1034 «et
633 979 734 1036 erant
750 961 854 1035 valde
871 963 981 1036 bona.
994 992 1011 1029 u
1032 967 1111 1035 Non
1128 965 1225 1034 enim
1238 965 1337 1060 juxta
1353 963 1425 1036 hoc
1442 963 1542 1062 quod
1555 965 1783 1062 exposuimus
1800 963 1847 1036 de
1863 964 2026 1060 singulis,

454 1083 544 1154 vidit
568 1088 664 1154 Deus
691 1083 790 1180 quod
816 1098 907 1154 esset
931 1082 1088 1172 bonum,
1116 1083 1186 1154 hoc
1212 1097 1266 1154 est
1291 1083 1413 1155 videre
1432 1083 1504 1155 lroe
1524 1107 1591 1155 nos
1614 1099 1649 1154 et
1670 1081 1865 1182 intelligere
1887 1083 1970 1155 lecit
1988 1109 2028 1155 er

455 1203 641 1275 manifesta
668 1229 794 1276 eorum
821 1205 981 1276 utilitate.
1002 1195 1121 1274 Potuit
1141 1202 1187 1274 de
1216 1203 1384 1276 omnibus
1406 1203 1494 1293 dici,
1525 1204 1610 1301 quia
1630 1203 1759 1289 viderit
1781 1219 1910 1276 cuncta
1933 1205 2028 1278 bona

454 1338 602 1421 propter
619 1325 865 1422 operationem
891 1325 1015 1395 saltem
1041 1323 1206 1395 seeundae
1229 1324 1301 1396 diei
1316 1323 1363 1396 de
1386 1323 1620 1422 suspensione
1636 1347 1828 1421 aquarum,
1857 1349 2026 1420 quarum,

455 1460 493 1515 ut
510 1443 683 1532 diximus,
703 1443 891 1516 utilitatem
908 1443 1073 1515 nondum
1089 1443 1244 1544 probare
1258 1443 1429 1517 valemus.
1450 1444 1557 1532 Quod
1575 1469 1660 1540 ergo
1677 1445 1815 1516 dictum
1829 1459 1880 1516 est
1899 1473 1917 1512 a
1938 1445 2028 1517 vidit

454 1579 583 1635 cuncta
600 1579 636 1634 et
652 1580 754 1636 erant
769 1562 872 1635 valde
889 1562 1004 1652 bona,
1027 1593 1044 1631 n
1058 1564 1128 1635 tale
1144 1579 1197 1635 est
1213 1563 1313 1662 quod
1328 1563 1418 1636 nilril
1433 1564 1470 1634 in
1486 1565 1537 1636 eis
1552 1561 1599 1636 ab
1614 1564 1692 1661 ipso
1710 1563 1863 1662 perfecte
1878 1563 2028 1660 cognitis

454 1681 707 1778 corrigendum
725 1683 879 1772 censuit,
899 1682 963 1754 sed
979 1697 1120 1755 tantum
1141 1684 1263 1756 omnia
1283 1683 1380 1755 hona
1403 1683 1587 1772 condidit,
1605 1697 1781 1781 quantum
1801 1681 1899 1754 bona
1919 1683 2028 1754 condi

455 1802 635 1897 oportuit,
661 1815 701 1872 ut
726 1800 814 1872 nihil
837 1801 970 1873 sedicet
993 1803 1030 1872 in
1059 1801 1267 1874 conditione
1284 1827 1348 1874 sua
1363 1801 1444 1900 plus
1463 1801 1554 1874 boni
1577 1803 1737 1900 accipere
1764 1801 1825 1872 illa
1851 1801 2026 1888 decuerit,

450 1921 549 2016 juxta
566 1921 663 1994 illam
679 1947 824 2020 quoque
840 1921 995 1994 Platonis
1015 1925 1246 2014 sententiam,
1275 1947 1347 2021 qua
1372 1923 1549 1994 mundum
1567 1923 1613 1996 ab
1635 1923 1884 2021 omnipotente
1903 1937 2026 1994 ernon

453 2040 581 2112 aemulo
599 2041 731 2113 sactum
747 2046 824 2113 Deo
837 2043 1019 2114 convincit
1035 2067 1261 2140 nequaquam
1278 2042 1462 2114 meliorem
1478 2041 1556 2114 lieri
1568 2043 1739 2141 potuisse.
1753 2041 1861 2128 Quod
1878 2057 1915 2113 et
1930 2043 2027 2138 Moy·
2042 2093 2047 2102 -

452 2188 507 2234 ses
523 2163 773 2252 considerans,
798 2166 921 2235 asserit
938 2165 1060 2236 omnia
1075 2164 1180 2236 valde
1200 2163 1298 2236 bona
1323 2180 1458 2254 creata,
1482 2164 1645 2262 quamvis
1666 2164 1713 2235 de
1733 2163 1902 2236 omnibus
1917 2165 2027 2236 ratio-

454 2307 538 2354 nem
555 2282 705 2354 reddere
719 2307 786 2354 nec
797 2284 864 2380 ipsi
880 2285 988 2354 etiam
999 2308 1209 2382 concessum
1225 2309 1302 2356 esse
1317 2284 1518 2356 credamus.
1539 2287 1618 2356 Non
1632 2298 1753 2356 tamen
1769 2281 1907 2379 singula
1923 2283 1961 2353 in
1976 2305 2025 2370 se,

454 2403 517 2474 sed
534 2403 656 2472 omnia
673 2401 778 2472 simul
794 2401 898 2474 valde
914 2402 1012 2474 bona
1029 2402 1136 2492 dicit,
1155 2404 1240 2501 quia
1255 2419 1296 2475 ut
1310 2403 1436 2476 beatus
1451 2427 1597 2503 quoque
1616 2403 1780 2476 meminit
1796 2402 2024 2498 Augustinus,

453 2522 552 2594 bona
567 2537 651 2593 sunt
666 2521 805 2618 singula
822 2523 859 2592 in
877 2547 932 2612 se,
951 2522 1014 2594 sed
1030 2538 1159 2594 cuncta
1175 2522 1280 2594 simul
1297 2523 1401 2595 valde
1412 2523 1512 2595 bona
1530 2551 1539 2594 ε
1558 2523 1644 2620 quia
1659 2547 1738 2620 quae
1755 2523 1793 2593 in
1809 2545 1848 2593 se
1864 2520 2024 2593 conside·

453 2657 529 2714 rata
543 2641 631 2713 nihil
649 2655 710 2713 aut
722 2666 851 2739 parurn
867 2641 984 2714 valere
1000 2643 1181 2732 videntur,
1200 2643 1237 2714 in
1254 2657 1331 2715 tota
1348 2644 1511 2714 omnium
1528 2665 1669 2716 summa
1685 2639 1789 2714 valde
1805 2655 1890 2713 sunt
1910 2663 2025 2712 neees-

452 2763 556 2834 saria.
578 2760 682 2833 Unde
709 2761 864 2832 dicitur¹
885 2790 893 2834 :
916 2791 933 2830 a
954 2765 1081 2859 Magna
1107 2786 1217 2862 opera
1239 2763 1402 2852 Domini,
1423 2762 1595 2860 exquisita
1616 2763 1654 2833 in
1677 2785 1804 2832 omnes
1828 2759 2026 2832 voluntates

452 2883 539 2977 ejus.
562 2907 579 2947 r

501 3003 620 3072 Movet
642 3000 799 3072 fortassis
824 2998 963 3098 aliquos
988 3027 1101 3099 quum
1127 3001 1269 3092 dicitur,
1292 2999 1430 3072 «valde
1454 2998 1566 3090 bona,
1588 3027 1605 3065 tt
1623 2998 1712 3096 quid
1739 2996 1786 3070 de
1812 2995 2026 3094 quibusdam

451 3119 692 3191 animantibus
708 3118 765 3192 vel
781 3117 910 3217 plantis
927 3121 1111 3193 venenatis
1128 3120 1306 3210 dicamus,
1324 3117 1381 3191 vel
1397 3118 1444 3190 de
1460 3117 1536 3192 aliis
1551 3116 1767 3216 quibusdam
1783 3139 1860 3213 quae
1874 3115 2027 3186 omnino

451 3239 632 3337 superflua
647 3255 850 3331 censentur,
880 3240 936 3312 vel
958 3240 1114 3339 denique
1136 3240 1182 3312 de
1198 3241 1283 3339 ipsis
1299 3239 1469 3338 apostatis
1492 3219 1643 3335 angelis,
1667 3238 1730 3335 qui
1750 3235 1799 3308 ab
1816 3235 1893 3334 ipso
1909 3235 2027 3306 statim

452 3359 599 3430 exordio
616 3384 686 3431 suae
703 3362 892 3432 creationis
909 3361 1150 3458 superbiendo
1172 3360 1257 3432 mali
1279 3360 1361 3432 iacti
1377 3373 1473 3431 sunt.
1493 3358 1563 3430 Sed
1589 3359 1673 3457 quia
1696 3355 1868 3429 malitiam
1887 3357 2027 3426 istama

451 3503 488 3592 se
505 3477 738 3574 postmodum
753 3463 974 3566 habuerunt,
995 3503 1070 3549 non
1087 3479 1124 3549 in
1141 3503 1205 3550 sua
1221 3481 1401 3552 creatione
1418 3492 1650 3578 accepertmt,
1668 3499 1898 3574 nequaquam
1914 3497 1936 3545 a
1951 3477 2026 3544 Deo

452 3593 534 3666 laeti
559 3609 643 3665 sunt
668 3596 770 3682 mali,
794 3595 857 3666 sed
880 3597 1039 3694 aseipsis
1066 3598 1307 3696 superbiendo
1329 3599 1502 3696 corrupti.
1528 3598 1620 3684 Quia
1647 3619 1733 3692 ergo
1755 3608 1793 3666 et
1810 3592 1861 3666 illi
1886 3591 2026 3692 spiritus

452 3715 535 3785 facti
551 3729 634 3784 sunt
650 3714 738 3786 boni
755 3730 790 3786 et
806 3715 942 3813 absque
957 3733 1125 3815 peceato,
1144 3719 1208 3790 sed
1229 3744 1305 3791 non
1322 3717 1410 3791 tales
1426 3719 1674 3818 perstitemnt,
1697 3737 1927 3814 nequaquam
1942 3735 2026 3811 pro·

450 3848 530 3930 pter
547 3833 617 3904 hoc
632 3835 838 3930 negandum
851 3852 904 3907 est
920 3861 1030 3936 opera
1046 3841 1112 3910 Dei
1128 3837 1225 3912 bona
1242 3841 1360 3930 luisse,
1373 3865 1487 3938 quum
1497 3837 1577 3910 illos
1590 3861 1735 3936 quoque
1750 3836 1896 3934 spiritus
1911 3831 2026 3906 bonos

450 3953 670 4046 condiderit,
689 3956 726 4026 in
744 3957 819 4053 ipsa
836 3957 968 4030 scilicet
984 3958 1132 4056 spiritali
1148 3960 1353 4033 suhstantiae
1369 3975 1515 4050 natura,
1540 3982 1650 4057 quam
1666 3957 1733 4056 ipsi
1752 3953 1928 4053 superbia·
1948 3952 2026 4026 labe

450 4074 737 4166 maculaverunt,
757 4103 832 4148 non
850 4077 1112 4151 destruxerunt.
1132 4082 1252 4179 Opera
1264 4081 1383 4178 itaque
1397 4080 1463 4151 Dei
1479 4093 1609 4150 cuncta
1625 4075 1723 4149 bona
1739 4089 1839 4162 sunt,
1858 4089 1895 4145 et
1911 4073 2027 4146 omnis

449 4209 611 4265 creatura
627 4194 725 4267 hona
740 4211 793 4267 est
809 4197 1053 4293 praedicanda,
1072 4199 1157 4297 quia
1173 4199 1261 4271 nihil
1276 4199 1414 4298 peccati
1426 4197 1483 4271 vel
1499 4195 1585 4272 mali
1601 4197 1640 4268 in
1657 4197 1735 4296 ipsa
1750 4217 1822 4267 suae
1837 4193 2026 4266 creationis

448 4315 584 4410 origine
598 4315 794 4413 accipiunt,
813 4316 877 4388 sed
893 4317 1038 4416 singulis
1057 4334 1196 4390 tantum
1219 4319 1358 4392 confert
1373 4324 1470 4390 Deus
1485 4331 1663 4416 quantum
1686 4313 1874 4404 convenit,
1893 4328 1935 4385 ut
1951 4335 2023 4384 non

448 4433 566 4504 solum
589 4433 717 4523 honae,
744 4441 870 4507 verum
891 4438 998 4508 etiam
1023 4439 1186 4536 optimae,
1206 4438 1244 4510 id
1266 4455 1319 4511 est
1343 4437 1448 4510 valde
1470 4435 1595 4527 bonae,
1613 4433 1760 4532 singulae
1780 4433 1827 4506 ab
1843 4433 1923 4532 ipso
1940 4431 2024 4504 fiant

448 4567 628 4626 ereatura.
639 4559 711 4626 Nee
723 4555 840 4627 solum
851 4573 938 4628 tunc
947 4583 1060 4656 quum
1069 4560 1187 4658 primo
1198 4575 1418 4648 crearentur,
1428 4581 1555 4630 verum
1565 4557 1672 4630 etiam
1688 4554 1851 4654 quotidie
1859 4577 1972 4652 quum
1981 4577 2024 4624 ex

448 4671 515 4742 illis
534 4672 824 4772 primordialibus
841 4678 953 4749 causis
971 4678 1153 4752 nascendo
1177 4694 1413 4778 procreantur
1438 4676 1495 4750 vel
1518 4675 1811 4776 multiplicantur.
1832 4675 1905 4746 Etsi
1930 4673 2025 4745 enim

449 4791 565 4864 infans
581 4819 693 4892 qnum
708 4798 863 4870 nascitur
883 4799 1048 4871 nondum
1072 4799 1189 4873 bonus
1211 4801 1323 4873 homo
1349 4800 1501 4889 dicatur,
1520 4797 1620 4897 quod
1637 4795 1684 4870 ad
1708 4819 1830 4869 mores
1851 4795 2029 4894 pertinet,

450 4909 546 4984 bona
556 4927 674 4986 tamen
689 4915 924 4992 esatreatura.
937 4921 993 4992 Sic
1010 4936 1046 4992 et
1061 4921 1179 5020 pullus
1196 4949 1309 5020 quum
1325 4922 1494 5009 nascitur,
1508 4917 1842 5018 quamvisnondum
1852 4916 1896 4988 sit
1908 4914 2027 4986 boum

482 5183 490 5210 ⁹
509 5181 596 5238 Pralrn
610 5199 692 5246 em.
704 5187 729 5236 2.
