4590 6110
450 561 521 632 732
1165 556 1314 630 INDEX.

483 729 521 745 -
532 702 564 756 ln
578 701 774 771 Assumptioue
785 699 870 754 beate
882 699 976 754 Maria
980 736 1146 753 ..........
1168 699 1220 754 tto
1261 695 1367 752 Contra
1378 700 1528 772 quemdam
1546 703 1712 756 canonicum
1731 701 1886 774 regularem
1909 705 1958 774 qui

483 821 520 833 -
531 790 673 864 Expositio
690 789 720 844 iu
740 787 898 862 evangeliea
919 787 1038 843 lectione
1061 787 1149 860 ipsius
1295 787 1478 844 monasticum
1494 788 1622 844 ordinem
1636 787 1810 862 deprimebat
1829 799 1858 844 et
1876 806 1958 844 suum

519 881 573 936 diei
579 917 1141 936 ................................
1165 877 1218 934 52⁷
1292 873 1333 930 illi
1345 877 1515 934 anteferebat
1518 917 1951 937 .........................
1975 883 2028 936 686

481 999 519 1014 -
531 970 564 1022 ln
582 968 628 1023 die
652 969 739 1024 saneti
757 968 910 1024 Marcellini
928 985 1004 1042 pape
1023 977 1053 1024 et
1070 985 1145 1022 mar·
1258 964 1395 1022 invectiva
1406 968 1436 1022 in
1447 967 1733 1044 quemdamignarum
1742 967 1899 1024 dialectices
1907 969 1955 1040 qui

517 1058 597 1129 tyris.
615 1089 1140 1116 ..............................
1164 1059 1216 1114 529
1293 1067 1386 1110 tamen
1396 1059 1457 1130 ejus
1469 1057 1592 1112 studium
1609 1057 1844 1132 reprehendebat,
1858 1069 1885 1113 et
1899 1075 1958 1112 om·

480 1179 517 1192 -
528 1149 561 1204 ln
573 1148 748 1205 dedicatione
767 1147 895 1230 licalesie
900 1185 1139 1203 ..............
1163 1149 1215 1204 53³
1291 1146 1337 1200 nia
1350 1147 1410 1218 ejus
1422 1144 1552 1219 dogmata
1565 1146 1680 1220 putabat
1693 1147 1860 1220 sophismata
1869 1157 1897 1201 et
1906 1147 1955 1202 de-

481 1239 673 1293 -Desancta
684 1237 809 1293 Susanna
811 1275 961 1292 .........
1163 1237 1216 1294 tat
1290 1237 1432 1310 ceptiones
1438 1275 1948 1293 .............................
1972 1239 2024 1292 696

478 1329 567 1384 -De
579 1328 756 1400 Eleemosyna
761 1364 1086 1382 ...................
1162 1327 1215 1382 647

481 1449 512 1459 -
526 1418 560 1472 tn
572 1417 662 1474 naeu
675 1418 763 1472 enee
774 1416 909 1493 stephan
916 1455 1137 1470 .............
1162 1419 1214 1474 aaa
1542 1383 1741 1440 ΑΡΡΕΝΒῙΧ·

478 1507 660 1564 -Delaude
672 1508 758 1564 sancti
771 1507 905 1581 Stephani
918 1509 1139 1582 protomartyris.
1160 1509 1213 1564 667
1253 1507 1277 1563 1.
1298 1506 1422 1579 Epistola
1440 1505 1572 1562 Fulconis
1592 1505 1694 1579 prioris
1713 1506 1749 1560 de
1772 1505 1894 1576 Diogillo
1919 1506 1952 1558 ad

477 1598 790 1654 -Desanctoloanne
806 1598 927 1672 Baptista
934 1636 1137 1652 ............
1161 1601 1212 1653 666
1287 1597 1321 1655 P.
1343 1597 1519 1654 Abelardum
1525 1633 1945 1652 ........................
1967 1595 2020 1650 763

480 1719 512 1729 -
525 1689 558 1742 ln
571 1687 662 1743 Natali
675 1688 860 1743 innocentum
864 1725 1136 1744 ................
1160 1689 1212 1747 toa
1252 1688 1291 1743 II.
1311 1688 1406 1762 Elegia
1428 1706 1483 1762 qua
1509 1687 1634 1743 Hilarius
1654 1687 1688 1740 P.
1705 1685 1842 1742 Abeunt
1865 1684 1949 1740 disci·

442 1778 568 1851 Magistri
586 1778 616 1832 P.
629 1776 767 1832 Abelardi
785 1777 921 1850 expositio
938 1777 1072 1833 orationis
1090 1777 1139 1832 do·
1287 1777 1369 1851 pulue
1384 1777 1491 1852 plangit
1502 1794 1640 1833 recentum
1661 1776 1837 1850 preoeptoris
1856 1775 1899 1830 sui
1918 1793 1950 1828 ex

477 1867 584 1922 minieoe
590 1903 1134 1924 ·······························
1159 1871 1210 1924 696
1286 1871 1423 1927 Paraclito
1429 1903 1945 1925 .............................
1966 1867 2017 1922 7448

440 1956 581 2028 Expositio
598 1955 715 2026 symboli
719 1993 1134 2013 .......................
1158 1961 1210 2014 663
1251 1961 1304 2016 ln.
1324 1959 1529 2033 EpistolaPetri
1537 1955 1947 2015 VenerabilisabbetisClunia-

440 2045 583 2116 Expositio
599 2044 662 2100 lidei
676 2046 705 2099 in
718 2043 875 2118 symbolum
887 2045 1030 2101 Athanasii
1038 2086 1134 2100 ......
1156 2051 1209 2104 643
1284 2048 1417 2106 oensisad
1425 2047 1572 2104 dominum
1580 2046 1775 2104 Innocentium
1786 2045 1824 2114 11,
1836 2063 1945 2118 papam,

437 2135 565 2206 Magistri
583 2135 615 2190 P.
629 2133 766 2190 Abaelardi
784 2137 900 2209 epistola
912 2136 1054 2193 additum
1072 2138 1138 2194 Ber·
1284 2157 1335 2212 pro
1346 2140 1379 2196 P.
1393 2133 1537 2194 Abalardo
1540 2175 1939 2193 .......................
1963 2137 2015 2190 709

472 2226 604 2290 nardum,
622 2225 848 2282 claravallensem
866 2228 993 2284 abbatem
1001 2268 1132 2284 ........
1156 2234 1208 2286 648
1249 2230 1302 2287 tv.
1322 2228 1444 2302 Epistola
1463 2225 1588 2299 ejusdem
1604 2226 1681 2282 Petri
1703 2223 1809 2280 abbatis
1829 2224 1945 2280 Clunia-

437 2313 564 2384 Magistri
581 2314 614 2369 P.
636 2313 774 2370 Abeiardi
792 2315 926 2388 expositio
949 2318 979 2371 in
1003 2317 1138 2372 Heaame-
1283 2321 1371 2376 oensis
1382 2318 1418 2373 ad
1432 2315 1585 2373 lleloissam
1600 2313 1729 2373 Paracliti
1742 2314 1939 2370 abbatissam..
1962 2317 2013 2370 'llll

472 2420 536 2456 ron.
552 2441 612 2456 ....
624 2443 630 2456 .
642 2443 648 2456 .
660 2443 667 2454 .
677 2443 684 2458 .
695 2443 702 2456 .
713 2443 721 2458 .
731 2444 738 2457 .
748 2440 774 2460 ..
785 2444 792 2457 .
803 2444 810 2456 .
820 2443 827 2458 .
839 2437 845 2458 .·
856 2444 1130 2464 ................
1154 2411 1207 2467 625
1249 2411 1285 2468 V.
1307 2407 1428 2481 Epistola
1436 2405 1568 2464 Heloisrae
1576 2405 1611 2462 ad
1619 2404 1870 2462 Petrumsbbatem
1879 2405 1945 2458 Clu·

437 2491 563 2563 Magistri
575 2492 608 2545 P.
621 2491 759 2548 Abaelardi
770 2493 886 2565 epistola
900 2506 928 2550 et
942 2494 1006 2550 fidei
1024 2497 1134 2552 confes·
1282 2501 1451 2554 niaeenseru.
1467 2535 1938 2552 ...........................
1960 2499 2012 2554 745

473 2583 513 2634 sio
526 2581 561 2634 ad
573 2581 728 2637 Heloissam
731 2619 1128 2641 .......................
1152 2591 1204 2646 680
1246 2590 1299 2646 VI,
1319 2587 1441 2662 Epistola
1464 2587 1540 2642 Petri
1564 2587 1755 2641 cluniacensis
1777 2585 1885 2640 abbatis
1908 2585 1943 2638 ad

436 2669 557 2742 Epistola
569 2670 699 2726 adversus
710 2689 757 2727 eos
768 2673 817 2745 qui
829 2690 863 2727 ex
874 2674 1043 2729 authoritate
1055 2675 1133 2731 Beda
1280 2679 1447 2736 Heloieeam.
1464 2716 1936 2732 ...........................
1958 2681 2009 2732 746

467 2777 585 2833 arguere
602 2771 740 2816 conantur
759 2759 922 2834 Dionysium
943 2767 1130 2838 areopagitam
1244 2771 1310 2828 Vll.
1330 2767 1479 2842 Epitaphia
1501 2765 1636 2823 Abalardi
1643 2804 1937 2820 .................
1958 2767 2010 2823 747

468 2848 552 2905 luisse
581 2849 746 2921 Dionysium
775 2849 988 2908 Corinthiorum
1022 2856 1130 2928 epiaeo·
1242 2861 1323 2918 vili.
1343 2857 1524 2933 Epitaphium
1542 2857 1673 2914 lleloisaa
1677 2897 1935 2912 ...............
1958 2858 2008 2913 itt

468 2957 554 3012 pum,
580 2950 608 2994 et
628 2957 685 2994 non
707 2941 795 3014 magis
814 2941 898 2997 luisse
917 2943 1131 3001 Atheniensium
1240 2951 1293 3007 Ill.
1313 2951 1422 3006 Litterae
1439 2967 1488 3005 seu
1499 2948 1652 3022 diplomata
1659 2964 1833 3002 summorum
1844 2949 1938 3021 ponti·

467 3031 626 3103 episcopum
632 3069 1119 3092 ····························
1148 3041 1198 3095 664
1263 3042 1347 3100 ficum
1361 3041 1396 3098 ad
1415 3040 1569 3100 Heloissam
1584 3037 1715 3096 Paracliti
1737 3038 1931 3095 abbatissam..
1955 3043 2006 3096 749
