4510 6108
683 643 741 713 DE
766 639 934 713 sthTl
957 639 1156 712 SUSANNA
1181 638 1341 709 SERMO.
1738 637 1808 707 539

280 795 398 877 Quam
417 807 576 858 severam
594 805 740 880 quoque
760 779 974 852 sententiam
994 777 1039 850 de
1056 777 1153 850 laenis
1169 779 1282 850 sancti
1303 791 1423 876 patres
1439 775 1668 863 instituerint,
1687 799 1728 846 ex
1747 801 1808 848 eo·

231 935 312 982 rum
337 906 564 980 manifestum
589 917 642 974 est
661 901 820 997 scriptis,
848 923 936 994 quas
961 899 998 968 in
1022 897 1093 970 fine
1118 922 1264 995 quoque
1287 920 1308 969 a
1328 897 1584 968 communione
1610 897 1807 994 privarunt.

233 1029 337 1101 Unde
353 1043 389 1099 et
403 1027 492 1098 illud
507 1039 561 1096 ‘est
577 1020 783 1094 Eliberitani
800 1018 961 1107 concilii,
981 1043 1060 1114 cap.
1081 1044 1118 1088 11
1138 1046 1146 1087 :
1169 1047 1186 1086 u
1205 1021 1316 1090 Mater
1333 1017 1389 1090 vel
1406 1041 1552 1115 parens,
1574 1015 1629 1086 vel
1646 1015 1812 1112 quaelibet

233 1149 347 1220 fidehs
369 1149 400 1220 si
423 1144 643 1218 lenocinium
662 1141 874 1228 exercuerit,
898 1164 943 1210 eo
965 1137 1064 1235 quod
1082 1138 1239 1210 ahenum
1255 1163 1386 1237 corpus
1402 1137 1604 1209 vendiderit
1618 1136 1675 1208 vel
1692 1161 1810 1224 suurn,

232 1267 366 1366 placuit
392 1290 460 1337 nec
483 1265 519 1335 in
549 1261 620 1334 fme
641 1258 1025 1333 communicandam.»
1045 1257 1153 1344 Quod
1173 1258 1204 1328 si
1226 1258 1263 1328 in
1281 1257 1420 1330 leminis
1437 1255 1554 1328 saecuti
1571 1255 1661 1328 adeo
1678 1255 1814 1326 lenoci-

233 1391 335 1460 nium
357 1401 441 1458 sunt
466 1383 647 1471 detestati,
670 1394 846 1478 quantum
871 1381 907 1450 in
933 1379 1074 1476 sponsis
1094 1377 1223 1450 Christi
1243 1378 1340 1450 istud
1362 1389 1415 1450 est
1436 1375 1723 1464 abhorrendum,
1753 1375 1816 1445 ubi

234 1509 421 1607 proprium
446 1506 511 1577 Dei
534 1503 709 1602 templum
729 1501 898 1592 violatur,
918 1515 954 1572 et
970 1499 1045 1570 haec
1060 1501 1094 1572 ei
1110 1500 1269 1572 vindicta
1284 1499 1483 1599 specialiter
1499 1498 1718 1572 reservatur?
1742 1526 1759 1563 n
1780 1497 1816 1566 Si
1886 1597 1889 1603 Ι

234 1629 331 1726 quis,
349 1656 366 1694 n
395 1627 511 1724 inquit
538 1623 761 1722 Apostolus¹,
787 1621 993 1719 «templum
1019 1623 1084 1692 Dei
1110 1621 1315 1712 violaverit,
1343 1620 1526 1732 disperdet
1550 1619 1651 1691 illu'm
1671 1623 1779 1690 Deus.
1795 1646 1813 1684 n

235 1753 341 1819 Beata
362 1747 468 1834 laica,
499 1759 535 1815 et
558 1743 692 1832 saeculi,
722 1767 796 1813 non
817 1742 978 1832 claustri,
1007 1741 1139 1813 femina
1159 1741 1345 1840 praedieta,
1368 1741 1525 1813 hominis
1546 1740 1666 1837 potius
1686 1739 1817 1833 conjux

235 1891 343 1964 quarn
360 1865 490 1937 Christi
506 1887 639 1962 sponsa
654 1862 826 1952 dicenda,
850 1877 970 1958 surget
991 1863 1028 1932 in
1040 1862 1196 1957 judicio,
1222 1877 1258 1934 et
1276 1861 1535 1934 condemnabit
1551 1862 1817 1956 generationem

235 1987 329 2056 hanc
345 1985 555 2082 pessimam
574 2006 652 2079 quae
669 1996 709 2052 ut
724 1981 882 2054 hominis
897 1997 1054 2054 servaret
1070 1981 1193 2071 fidem,
1213 1982 1318 2079 elegit
1333 1982 1478 2054 interire
1496 1980 1645 2068 munda,
1665 2004 1711 2051 ne
1727 1981 1821 2050 vive·

234 2121 289 2177 ret
310 2103 510 2176 immunda.
536 2102 639 2174 Unde
662 2118 781 2174 autem
803 2117 905 2174 tanto
928 2103 1146 2174 castimoniae
1166 2102 1243 2174 zelo
1269 2126 1457 2192 succensa,
1486 2116 1587 2174 tanto
1611 2101 1820 2172 constantiae

237 2249 341 2298 muro
367 2237 459 2294 esset
481 2222 635 2308 munita,
661 2219 879 2292 subinfertur
904 2245 1017 2316 quum
1044 2220 1190 2292 dicitur¹
1209 2249 1217 2292 :
1239 2226 1438 2294 «Parentes
1463 2234 1583 2292 autem
1608 2220 1683 2314 ejus
1707 2243 1819 2314 quum

236 2355 354 2414 essent
365 2340 464 2436 justi,
485 2337 694 2411 erudie‘runt
710 2337 819 2411 fiham
837 2361 940 2410 suam
956 2338 1155 2411 secundum
1174 2339 1290 2434 legem
1309 2340 1470 2436 Moysi.»
1495 2343 1549 2409 De
1566 2338 1669 2434 justis
1689 2360 1820 2434 paren·

237 2461 331 2533 tibus
341 2460 534 2556 justissima
549 2457 622 2530 filia
631 2473 715 2530 nata
723 2472 957 2547 memoratur,
969 2473 1004 2530 et
1014 2459 1052 2530 in
1062 2460 1248 2531 communi
1259 2457 1497 2550 eorumlaude
1511 2456 1732 2528 sanctissima
1745 2471 1819 2528 stu-

237 2581 296 2652 dia
323 2580 574 2679 praedicantur.
600 2577 709 2665 Quod
734 2593 770 2649 et
794 2578 919 2650 heatus
939 2579 1178 2676 Hieronymus
1205 2579 1392 2675 diligenter
1412 2578 1617 2669 attendens,
1642 2601 1756 2673 quum
1783 2577 1819 2645 in

238 2698 488 2796 explanatione
504 2696 660 2768 Danielis
672 2696 718 2768 ad
735 2696 833 2768 hunc
849 2697 971 2768 locum
987 2699 1136 2788 veniret,
1156 2699 1205 2770 ait
1217 2701 1248 2770 ³:
1271 2726 1290 2766 u
1308 2703 1386 2770 Hoc
1402 2696 1578 2772 utendum
1594 2709 1647 2767 est
1663 2695 1822 2766 testimo-

239 2820 300 2890 nio
317 2820 364 2891 ad
380 2817 666 2891 exhortationem
682 2832 885 2916 parentum,
904 2833 944 2889 ut
960 2816 1116 2892 doceant
1128 2820 1228 2914 juxta
1243 2819 1359 2916 legem
1375 2819 1534 2906 Domini,
1545 2841 1821 2912 sermonemque

239 2942 414 3031 divinum,
434 2965 509 3011 non
527 2939 644 3010 solum
655 2938 761 3026 filios,
780 2938 844 3010 sed
859 2938 950 3011 filias
959 2964 1053 3014 suas.
1067 2969 1085 3008 n
1104 2946 1181 3012 Hoc
1197 2939 1316 3013 adhuc
1332 2965 1514 3014 sacrarum
1529 2939 1728 3010 litterarum
1744 2935 1820 3006 zelo

234 3059 399 3155 judaicus
421 3057 576 3156 populus
604 3060 640 3129 in
666 3059 751 3156 ipsis
771 3059 879 3131 etiam
901 3057 1056 3130 tenebris
1076 3061 1241 3130 caecitatis
1261 3083 1334 3130 suae
1353 3059 1547 3156 plurimum
1569 3059 1727 3144 fervens,
1746 3080 1820 3126 non

238 3177 469 3248 mediocriter
487 3191 666 3265 nostram,
690 3177 728 3248 id
748 3193 801 3250 est
824 3177 1102 3250 christianorum
1118 3178 1370 3274 negligentiam
1386 3193 1541 3252 accusat.
1559 3183 1672 3249 Tanto
1689 3177 1822 3274 quippe

239 3299 369 3371 ardore
391 3299 505 3394 legem
524 3299 804 3397 amplectuntur,
829 3313 869 3370 ut
888 3299 1056 3396 quislibet
1075 3325 1203 3372 eornm
1218 3315 1538 3397 quantumcunque
1555 3323 1703 3397 pauper,
1722 3311 1824 3393 quot·
1908 3321 1911 3336 ·

240 3434 331 3516 quot
345 3417 476 3490 habeat
493 3417 602 3506 filios,
621 3418 805 3489 neminem
821 3419 961 3490 divinas
984 3418 1118 3492 litteras
1134 3421 1300 3516 ignorare
1320 3421 1514 3518 permittat.
1542 3423 1706 3505 Quorum
1721 3431 1823 3488 tanto

241 3537 318 3608 zelo
351 3537 542 3634 Apostolus
568 3539 720 3608 maxime
745 3537 986 3635 compatiens,
1010 3539 1077 3609 ait‘
1097 3564 1105 3608 ι
1128 3531 1323 3627 «Fratres,
1348 3539 1513 3610 voluntas
1539 3537 1686 3634 quidem
1706 3534 1825 3606 cordis

241 3659 312 3729 mei
329 3672 365 3728 et
380 3657 581 3728 obsecratio
597 3657 644 3728 ad
662 3661 778 3727 Deum
795 3656 834 3727 lit
850 3682 917 3755 pro
933 3657 1001 3728 illis
1021 3659 1059 3728 in
1081 3658 1244 3730 salutem.
1264 3659 1522 3732 Testimonium
1538 3659 1636 3729 enirn
1652 3655 1824 3755 perhibeo

242 3778 309 3850 illis
330 3779 430 3876 quod
453 3776 717 3850 aemulationem
739 3780 805 3849 Dei
825 3777 979 3867 habent,
1003 3779 1068 3850 sed
1090 3803 1165 3850 non
1186 3780 1388 3852 secundum
1412 3781 1614 3867 seientiam,
1629 3807 1647 3846 n
1675 3777 1746 3848 hoc
1774 3791 1826 3848 est

242 3923 414 3996 magnum
431 3900 608 3971 servorem
626 3901 661 3970 in
679 3903 815 3987 Deum,
835 3923 877 3971 ae
893 3892 1110 3970 desiderium
1127 3901 1164 3970 in
1181 3899 1359 3972 mandatis
1374 3901 1464 3996 ejus,
1479 3925 1560 3998 quae
1577 3902 1613 3970 in
1630 3900 1707 3996 lege
1724 3923 1825 3971 aece-

241 4033 383 4116 perant,
402 4019 662 4115 cognoscendis
679 4033 785 4116 atque
800 4018 1004 4115 implendis,
1022 4018 1105 4090 licet
1119 4020 1158 4090 in
1174 4043 1306 4116 magno
1322 4020 1549 4118 persistentes
1564 4043 1699 4108 errore,
1713 4043 1825 4114 quum

243 4138 319 4208 haec
341 4139 386 4210 ad
410 4137 561 4209 salutem
583 4137 745 4209 sufficere
766 4137 927 4210 credant.
957 4138 1148 4211 AEmulatio
1169 4140 1303 4237 quippe
1323 4163 1386 4212 seu
1411 4140 1506 4210 zelus
1528 4137 1696 4236 quislibet
1715 4138 1825 4210 animi

243 4257 363 4328 servor
384 4257 577 4328 vehemens
606 4256 652 4327 ad
675 4257 892 4328 desiderium
918 4256 1107 4353 cujuslibet
1136 4273 1376 4356 nuncupatur.
1409 4259 1513 4330 Unde
1539 4272 1672 4329 ettam
1707 4256 1826 4328 bonus

242 4400 354 4474 quam
376 4376 490 4448 malus
514 4376 610 4448 zelus
631 4376 761 4448 dicitur
780 4376 975 4450 vehemens
994 4379 1128 4450 seilicet
1148 4381 1345 4452 commotio
1368 4379 1478 4451 animi
1499 4403 1541 4452 ac
1561 4377 1763 4450 sollicitudo
1780 4375 1825 4447 ad

241 4495 380 4592 aliquid
410 4496 602 4592 agendum.
636 4497 728 4568 Nulli
752 4523 859 4588 vero,
885 4498 941 4569 vel
964 4500 1069 4596 pauci
1097 4498 1375 4572 christianorum
1399 4515 1500 4587 sunt,
1532 4501 1595 4596 qui
1616 4497 1826 4594 evangelicae

240 4617 419 4688 doctrinae
439 4617 695 4715 perfectionem
721 4633 822 4691 tanto
848 4618 967 4694 studio
984 4620 1042 4691 vel
1056 4643 1164 4692 causa
1181 4619 1462 4720 amplectuntur,
1486 4635 1525 4692 ut
1550 4621 1624 4716 ejus
1649 4618 1826 4692 desiderio

238 4737 339 4810 fihos
357 4763 441 4810 suos
461 4739 570 4810 sacris
588 4739 749 4811 imbuere
764 4739 889 4813 litteris
904 4757 1047 4831 curent,
1068 4741 1132 4814 sed
1153 4743 1359 4840 temporalis
1374 4740 1627 4830 tantummodo
1643 4739 1827 4812 commodi

237 4881 371 4947 eausa,
396 4873 437 4930 ut
457 4858 564 4955 hujus
579 4861 658 4932 vitae
675 4862 871 4934 necessaria
888 4860 956 4934 sihi
971 4861 1056 4961 ipsis
1071 4863 1128 4934 vel
1142 4861 1212 4936 illis
1227 4862 1313 4936 inde
1332 4861 1546 4963 provideant
1560 4877 1623 4935 aut
1643 4861 1688 4933 de
1702 4859 1827 4932 officiis

236 4979 474 5069 clericorum,
487 4995 549 5052 aut
563 4981 610 5052 de
626 4980 750 5053 habitu
761 4982 1035 5057 monachorum.
1056 4983 1160 5056 Unde
1172 4999 1267 5056 recte
1279 4983 1325 5058 ab
1337 4985 1535 5058 intentione
1547 4983 1671 5056 talium
1684 4995 1827 5080 patrum

286 5249 419 5303 'Consta
432 5253 457 5314 l,
469 5267 611 5318 canum.
628 5257 665 5305 Π.
677 5281 707 5293 -
719 5254 728 5282 ·
740 5255 879 5322 hm.,eap.
892 5271 983 5319 xm,v.
996 5257 1088 5310 tta-⁸
1106 5258 1168 5322 opp.
1182 5269 1201 5312 t.
1216 5258 1266 5321 111,
1281 5258 1330 5310 col.
1343 5258 1414 5308 1¹³⁴.
1426 5283 1455 5294 -
1469 5255 1479 5284 ⁴
1492 5257 1574 5320 Rom,
1592 5271 1648 5322 cap.
1668 5271 1699 5316 x,
1711 5269 1736 5304 v.
1757 5259 1777 5304 1.
