4590 6106
912 640 1148 714 uPtstotAE.
1207 706 1212 717 .
1775 645 1814 712 21

240 779 309 852 nisi
321 775 475 850 audierit
487 774 622 872 abipso
636 777 752 874 prius,
770 790 805 848 et
823 782 1030 874 cognoverit
1043 780 1130 876 quid
1147 780 1270 854 faciat?
1287 808 1306 846 »
1323 783 1404 868 Quo
1419 778 1555 869 audito,
1573 783 1691 852 statim
1707 760 1821 853 aemuli

242 903 313 974 mei
327 900 570 998 obstrepentes
587 897 872 970 exclamaverunt
888 927 896 968 ε
914 929 931 967 «
944 904 976 971 Ο
989 902 1177 998 sapientis¹
1195 901 1400 990 consilium,
1416 917 1591 974 utcontra
1604 905 1681 998 ejus
1697 903 1823 974 verbo·

243 1022 401 1092 sitatem²
418 1017 696 1106 contendamus,
720 1018 821 1112 cujus
842 1021 1058 1115 argumentis
1079 1019 1136 1092 vel
1156 1017 1433 1118 sophismatibus
1452 1021 1636 1092 universus
1654 1021 1824 1092 obsistere

245 1139 400 1210 mundus
406 1161 481 1208 uon
491 1134 626 1235 posset!
638 1165 656 1204 u
668 1137 739 1208 Sed
751 1152 846 1208 certe
856 1137 970 1230 multo
983 1136 1160 1210 difficilius
1173 1153 1249 1210 erat
1259 1163 1342 1210 curn
1349 1139 1428 1237 ipso
1442 1139 1658 1212 contendere
1667 1140 1821 1230 Christo,

243 1259 288 1330 ad
305 1283 414 1355 quem
435 1273 554 1329 tamen
573 1257 791 1328 audiendum
810 1257 1026 1330 Nicodemus
1040 1259 1140 1354 juxta
1155 1259 1256 1355 Legis
1269 1259 1488 1330 sanctionem
1500 1258 1681 1330 invitabat.
1703 1261 1824 1346 Quum

242 1393 362 1450 autem
374 1379 564 1476 episeopus
585 1377 632 1450 ad
650 1377 686 1448 id
709 1377 809 1474 quod
827 1394 1063 1477 proposuerat
1081 1403 1206 1451 eorum
1225 1379 1364 1450 anhnos
1382 1377 1573 1449 iuducere³
1590 1404 1664 1452 nou
1683 1393 1822 1477 posset,

119 1527 123 1536 ·
243 1500 309 1570 alia
326 1501 382 1569 via
400 1523 526 1570 eorum
546 1497 716 1569 invidiam
741 1497 918 1568 refrenare
936 1500 1119 1587 attentav,
1140 1497 1262 1570 dicens
1283 1497 1330 1568 ad
1347 1496 1602 1570 discussionem
1630 1513 1733 1569 tantae
1752 1501 1822 1588 rei,

244 1641 377 1716 paucos
394 1619 458 1713 qui
478 1615 626 1688 aderaut
647 1641 722 1688 non
743 1641 847 1714 posse
866 1616 1027 1689 sufficere
1039 1622 1061 1708 ⁸,
1083 1618 1297 1714 majorisque
1314 1618 1486 1690 examinis
1504 1641 1646 1688 causam
1663 1617 1756 1690 hanc
1774 1623 1825 1692 in-

244 1737 380 1834 dige1e3
396 1737 433 1807 in
455 1736 594 1833 hocque
617 1736 762 1808 ulterius
785 1751 923 1808 tantum
943 1761 1047 1808 suurn
1062 1761 1138 1810 esse
1156 1737 1360 1825 consilium,
1384 1752 1424 1809 ut
1437 1736 1484 1810 ad
1495 1735 1673 1810 abbatiam
1687 1764 1823 1830 meam,
1908 1721 1912 1728 ⁵

244 1857 314 1927 hoc
333 1871 387 1928 est
406 1857 661 1928 monasterium
679 1857 799 1926 Sancti
816 1856 997 1952 Dionysii,
1018 1855 1127 1928 abbas
1145 1881 1263 1946 meus,
1286 1858 1349 1954 qui
1366 1856 1507 1946 aderat,
1533 1879 1591 1928 me
1613 1858 1797 1931 reduceret
1813 1891 1822 1950 ;

248 1973 367 2073 ibique
389 1973 550 2073 pluriltus
574 1999 615 2046 ac
638 1974 860 2047 doctioribus
886 1977 1048 2074 personis
1074 1978 1296 2066 convocatis,
1318 1975 1532 2074 diligentiori
1551 1979 1712 2050 examine
1739 1981 1826 2074 quid

249 2121 355 2194 super
371 2096 759 2168 hocsaciendumesset
776 2110 999 2168 statueretur.
1023 2097 1177 2168 Assensit
1190 2096 1324 2194 legatus
1337 2097 1422 2170 huic
1440 2098 1635 2168 novissimo
1656 2099 1823 2188 consilio,

248 2237 282 2291 et
300 2222 414 2293 caeteri
426 2245 563 2293 omnes.
586 2219 672 2290 lnde
693 2244 777 2290 mox
793 2219 928 2315 legatus
948 2221 1155 2308 assurrexit,
1178 2233 1218 2290 ut
1239 2219 1381 2290 missurn
1401 2217 1616 2306 celebraret,
1637 2235 1828 2315 autequam

246 2341 436 2412 concilium
459 2342 627 2427 intraret,
654 2339 801 2410 etmihi
828 2363 892 2436 per
915 2338 1123 2436 episcopum
1150 2337 1250 2408 illurn
1276 2337 1453 2410 licentiam
1480 2339 1708 2409 constitutam
1734 2364 1831 2410 man-

245 2459 359 2548 davit,
383 2457 582 2531 revertendi
596 2457 735 2529 scilicet
751 2456 804 2528 -ad
827 2457 1083 2527 monasterium
1105 2471 1285 2543 nostrum,
1308 2453 1358 2526 ibi
1377 2469 1604 2554 expectaturo
1624 2459 1724 2552 quod
1745 2484 1830 2531 con·

247 2577 539 2651 dictum⁶h1erat
555 2582 654 2650 Tunc
670 2577 788 2648 aemuli
801 2577 890 2664 mei,
909 2573 995 2646 nihil
1010 2599 1048 2646 se
1062 2575 1172 2672 egisse
1185 2574 1378 2670 cogitantes
1392 2575 1420 2645 si
1434 2589 1531 2646 extra
1545 2573 1715 2650 diocesim
1729 2603 1829 2650 suam

249 2697 318 2768 hoc
338 2699 521 2795 negotium
543 2711 722 2793 ageretur,
752 2694 814 2766 uhi
836 2693 999 2764 videlicet
1017 2692 1193 2788 judicium
1218 2694 1364 2765 minime
1387 2717 1549 2764 exercere
1573 2694 1746 2784 valerent,
1767 2701 1828 2794 qui

248 2819 379 2892 scilicet
391 2819 437 2892 de
452 2818 586 2915 justitia
606 2817 724 2888 minus
742 2813 991 2902 confidebant,
1010 2814 1278 2914 archiepiscopo
1296 2829 1547 2913 persuaserunt
1562 2815 1634 2887 hoc
1646 2817 1714 2888 sibi
1726 2817 1829 2888 valde

247 2939 526 3034 ignominiosum
544 2961 620 3009 esse
632 2939 655 3025 ⁷,
676 2935 705 3006 si
722 2934 769 3008 ad
787 2934 893 3007 aliam
912 2933 1152 3006 audientiam⁸
1169 2955 1274 3004 causa
1293 2932 1368 3004 haec
1386 2933 1652 3023 transferretur,
1676 2951 1710 3006 et
1735 2940 1828 3034 peri-

248 3061 414 3131 culosum
427 3059 523 3148 lieri,
546 3061 574 3130 si
591 3059 640 3130 sic
661 3056 861 3130 evaderem.
878 3061 923 3126 Et
936 3057 1053 3128 statim
1080 3054 1127 3126 ad
1143 3054 1297 3150 legatum
1315 3069 1584 3144 consumentes,
1608 3057 1684 3151 ejus
1703 3059 1831 3128 immu-

249 3195 416 3251 taverunt
438 3179 663 3268 seutentiam,
680 3195 715 3250 et
730 3178 773 3249 ad
792 3177 862 3248 hoc
880 3177 1031 3247 invitum
1049 3188 1313 3273 pertraxerunt,
1328 3187 1368 3244 ut
1384 3171 1515 3244 librum
1529 3174 1605 3245 sine
1622 3174 1693 3246 ulla
1712 3177 1828 3272 inqui·

247 3291 377 3370 sitione
402 3298 605 3389 damnaret,
628 3314 734 3395 atque
761 3298 796 3368 in
824 3310 1019 3393 conspectu
1049 3295 1212 3366 omnium
1234 3294 1350 3364 statim
1365 3293 1621 3384 combureret,
1649 3311 1684 3365 et
1710 3321 1768 3367 me
1792 3299 1829 3367 in

248 3419 365 3490 alieno
388 3420 602 3491 monasterio
616 3417 765 3518 perenni
782 3415 944 3488 clausura
962 3413 1145 3488 cohiberet
1156 3416 1178 3484 ⁹.
1199 3412 1373 3484 Dicebant
1385 3413 1480 3484 euim
1499 3413 1544 3484 ad
1563 3411 1829 3487 damnationem

248 3538 358 3610 libelli
372 3539 455 3610 satis
475 3539 545 3610 hoc
562 3563 639 3610 esse
653 3537 803 3626 debere,
827 3535 926 3632 quod
951 3559 1018 3607 nec
1036 3534 1175 3606 romani
1195 3531 1390 3632 pontificis,
1412 3558 1479 3605 nec
1499 3533 1659 3604 Ecclesiae
1678 3540 1830 3608 auctori-

250 3673 319 3730 tate
340 3657 632 3729 commendatum
657 3657 773 3753 legere
800 3653 941 3754 publice
956 3677 1251 3752 prostrmpseram
1264 3655 1300 3741 ¹⁰,
1320 3667 1427 3751 atque
1451 3651 1496 3722 ad
1522 3653 1829 3726 transcribendum

247 3779 319 3874 jam
344 3777 506 3877 pluribus
521 3802 605 3849 eum
623 3778 698 3874 ipse
718 3775 974 3874 praestitissem,
992 3788 1027 3844 et
1044 3773 1115 3844 hoc
1132 3772 1282 3870 perutile
1296 3773 1459 3843 futurum
1469 3770 1553 3842 fidei
1569 3772 1783 3862 christianae,
1801 3778 1830 3845 si

251 3898 414 3996 exemplo
434 3901 505 3972 mei
525 3897 721 3968 multorum
739 3895 862 3967 similis
881 3893 1109 3992 praesumptio
1122 3895 1139 3931 ¹¹
1157 3894 1421 3988 praeveniretur.
1444 3893 1537 3978 Quia
1555 3907 1676 3964 autem
1695 3893 1829 3990 legatus

253 4019 310 4092 ille
325 4021 442 4090 minus
454 4002 723 4116 quaniuecesse
741 4030 852 4104 esset,
867 4014 1040 4085 litteratus
1058 4011 1182 4101 suerat,
1200 4011 1394 4109 plurimum
1409 4010 1665 4110 archiepiscopi
1683 4015 1829 4084 consilio

252 4140 417 4214 utebatur
429 4142 460 4228 ¹¹,
476 4139 566 4210 sicut
581 4151 616 4208 et
630 4135 917 4233 archiepiscopus
931 4132 1085 4204 illorum.
1102 4130 1211 4218 Quod
1224 4155 1336 4228 quum
1358 4132 1577 4202 carnotensis
1594 4135 1830 4230 praesensisset

253 4264 458 4359 episcopus,
479 4259 597 4330 statim
615 4256 901 4329 machinamenta
917 4253 992 4326 baec
1010 4252 1057 4324 ad
1071 4277 1127 4323 me
1141 4249 1278 4334 retulit,
1298 4265 1333 4322 et
1350 4275 1408 4320 me
1423 4249 1654 4321 vehementer
1671 4252 1830 4324 hortatus

250 4397 324 4468 ert,
341 4395 380 4452 ut
392 4379 462 4449 hoc
476 4391 575 4450 tanto
586 4375 700 4447 lenius
711 4374 919 4460 tolerarem,
940 4386 1075 4468 quanto
1089 4369 1276 4444 violentius
1289 4391 1392 4464 agere
1411 4391 1473 4440 eos
1486 4367 1654 4439 omuibus
1667 4370 1827 4466 patebat;

249 4480 356 4597 atoue
373 4499 466 4569 hanc
484 4511 559 4568 tam
578 4493 769 4566 manifestae
788 4491 928 4564 invidiae
946 4490 1151 4563 violentiam
1170 4492 1220 4562 eis
1242 4489 1435 4587 plurimum
1457 4485 1678 4578 obfuturam,
1695 4490 1832 4560 etmihi

249 4617 565 4716 profuturamnou
586 4613 810 4699 dubitarem3
832 4636 899 4682 nec
921 4610 967 4681 de
989 4609 1151 4682 clausura
1170 4605 1376 4681 monasterii
1392 4604 1567 4678 ullatenus
1588 4607 1828 4704 perturbarer,

251 4740 364 4808 sciens
392 4734 553 4832 profecto
581 4733 735 4828 legatum
760 4733 897 4829 ipsum,
925 4729 986 4825 qui
1010 4743 1154 4800 coactus
1184 4726 1255 4798 hoo
1281 4724 1448 4814 iaciebat,
1475 4740 1556 4821 post
1568 4747 1710 4832 paucos
1732 4727 1827 4820 dies,

284 4995 291 5021 ·
310 4993 351 5042 Sic
365 4991 426 5042 ABG
439 4999 465 5040 at
476 4987 526 5039 llS.
543 4987 613 5038 tmb.
635 4989 739 5052 Septem
756 4985 821 5037 Edd.
840 5013 869 5022 -
889 4983 898 5010 “
917 4985 1025 5034 Plurima
1067 5013 1080 5018 —
1103 4982 1112 5010 ⁸
1129 4983 1224 5032 Curium
1238 4979 1310 5032 ans.
1321 4980 1374 5018 -⁰
1388 4980 1523 5030 includeret
1536 4979 1607 5031 ΗΜΘ.
1619 5008 1649 5018 ·—
1661 4981 1683 5008 ¹⁰
1695 4983 1747 5032 Non
1762 4988 1831 5034 dubt-

250 5085 321 5142 r'pn'as
335 5079 407 5128 verba
426 5076 602 5136 malpertuis
617 5071 688 5126 illis.
705 5097 735 5108 -
750 5071 761 5099 ¹
779 5071 886 5120 flectere
907 5068 977 5120 RES.
994 5093 1026 5112 ι-
1059 5077 1168 5118 tavernou
1180 5064 1250 5116 lliiS.
1261 5091 1293 5101 ψ
1304 5064 1324 5092 “
1342 5065 1453 5114 attacta
1464 5063 1534 5115 RllS.
1547 5089 1580 5102 -
1589 5063 1611 5090 ¹¹
1622 5063 1662 5118 Sic
1674 5065 1733 5118 ABG
1745 5079 1769 5117 et
1779 5069 1830 5119 MS,

252 5165 378 5214 'conatur
388 5164 444 5211 totta
454 5162 542 5210 viriam
552 5156 624 5208 llllS.
636 5185 664 5194 -
677 5157 818 5219 'Equum
830 5154 945 5208 inseritur
955 5152 1026 5206 tttts.
1059 5151 1129 5202 Amb.
1142 5177 1159 5187 -
1170 5149 1297 5201 ditabatur
1308 5148 1373 5218 Edit.
1388 5147 1459 5200 amb.

252 5247 299 5286 -‘
311 5249 430 5297 indictum
440 5241 511 5293 ttttS.
519 5239 570 5282 -'
583 5241 644 5290 Fure
655 5243 700 5290 titt
711 5243 943 5306 dedecoriperpatuo
955 5236 1026 5287 Rus.
