<?xml version="1.0" encoding="UTF-8"?>
<!DOCTYPE html PUBLIC "-//W3C//DTD XHTML 1.0 Transitional//EN"
    "http://www.w3.org/TR/xhtml1/DTD/xhtml1-transitional.dtd">
<html xmlns="http://www.w3.org/1999/xhtml" xml:lang="en" lang="en">
 <head>
  <title>
</title>
<meta http-equiv="Content-Type" content="text/html;charset=utf-8" />
  <meta name='ocr-system' content='tesseract 3.04.00' />
  <meta name='ocr-capabilities' content='ocr_page ocr_carea ocr_par ocr_line ocrx_word'/>
</head>
<body>
  <div class='ocr_page' id='page_1' title='image "./petriablardiope01despgoog_0524.png"; bbox 0 0 4510 6108; ppageno 0'>
   <div class='ocr_carea' id='block_1_1' title="bbox 718 573 1817 656">
    <p class='ocr_par' dir='ltr' id='par_1_1' title="bbox 718 573 1817 656">
     <span class='ocr_line' id='line_1_1' title="bbox 718 573 1817 656; baseline 0.005 -6"><span class='ocrx_word' id='word_1_1' title='bbox 718 577 778 650; x_wconf 88' lang='lat' dir='ltr'><strong>DE</strong></span> <span class='ocrx_word' id='word_1_2' title='bbox 802 575 971 652; x_wconf 80' lang='lat' dir='ltr'><strong>SANCTO</strong></span> <span class='ocrx_word' id='word_1_3' title='bbox 995 573 1140 650; x_wconf 84' lang='lat' dir='ltr'>PETRO</span> <span class='ocrx_word' id='word_1_4' title='bbox 1165 575 1326 650; x_wconf 81' lang='lat' dir='ltr'><strong>SERMO.</strong></span> <span class='ocrx_word' id='word_1_5' title='bbox 1746 583 1817 656; x_wconf 87' lang='grc'><strong>509</strong></span> 
     </span>
    </p>
   </div>
   <div class='ocr_carea' id='block_1_2' title="bbox 190 713 1821 3426">
    <p class='ocr_par' dir='ltr' id='par_1_2' title="bbox 190 713 1821 3426">
     <span class='ocr_line' id='line_1_2' title="bbox 232 713 1812 821; baseline 0.004 -31"><span class='ocrx_word' id='word_1_6' title='bbox 232 744 378 820; x_wconf 90' lang='lat' dir='ltr'><strong>quoque</strong></span> <span class='ocrx_word' id='word_1_7' title='bbox 392 715 516 794; x_wconf 88' lang='lat' dir='ltr'><strong>civitas</strong></span> <span class='ocrx_word' id='word_1_8' title='bbox 535 741 578 790; x_wconf 82' lang='lat' dir='ltr'><strong>ex</strong></span> <span class='ocrx_word' id='word_1_9' title='bbox 598 715 655 788; x_wconf 91' lang='lat' dir='ltr'><strong>his</strong></span> <span class='ocrx_word' id='word_1_10' title='bbox 675 715 818 790; x_wconf 88' lang='lat' dir='ltr'><strong>dnobus</strong></span> <span class='ocrx_word' id='word_1_11' title='bbox 834 718 953 814; x_wconf 77' lang='lat' dir='ltr'><strong>gratiae</strong></span> <span class='ocrx_word' id='word_1_12' title='bbox 968 713 1073 790; x_wconf 88' lang='lat' dir='ltr'><strong>donis</strong></span> <span class='ocrx_word' id='word_1_13' title='bbox 1088 717 1191 815; x_wconf 89' lang='lat' dir='ltr'><strong>quasi</strong></span> <span class='ocrx_word' id='word_1_14' title='bbox 1207 717 1427 814; x_wconf 90' lang='lat' dir='ltr'><strong>geminatum</strong></span> <span class='ocrx_word' id='word_1_15' title='bbox 1443 721 1620 820; x_wconf 85' lang='lat' dir='ltr'><strong>acciperet</strong></span> <span class='ocrx_word' id='word_1_16' title='bbox 1634 723 1812 821; x_wconf 89' lang='lat' dir='ltr'><strong>spiritum,</strong></span> 
     </span>
     <span class='ocr_line' id='line_1_3' title="bbox 233 836 1815 936; baseline 0.005 -24"><span class='ocrx_word' id='word_1_17' title='bbox 233 843 324 912; x_wconf 90' lang='lat' dir='ltr'><strong>sicut</strong></span> <span class='ocrx_word' id='word_1_18' title='bbox 339 854 374 912; x_wconf 92' lang='lat' dir='ltr'><strong>et</strong></span> <span class='ocrx_word' id='word_1_19' title='bbox 390 837 522 910; x_wconf 91' lang='lat' dir='ltr'><strong>dehoc</strong></span> <span class='ocrx_word' id='word_1_20' title='bbox 538 838 663 910; x_wconf 83' lang='lat' dir='ltr'><strong>Elisaeo</strong></span> <span class='ocrx_word' id='word_1_21' title='bbox 678 853 804 910; x_wconf 90' lang='lat' dir='ltr'><strong>nostro</strong></span> <span class='ocrx_word' id='word_1_22' title='bbox 819 837 955 936; x_wconf 85' lang='lat' dir='ltr'><strong>praelati</strong></span> <span class='ocrx_word' id='word_1_23' title='bbox 975 861 1110 910; x_wconf 91' lang='lat' dir='ltr'><strong>sumus.</strong></span> <span class='ocrx_word' id='word_1_24' title='bbox 1137 836 1242 909; x_wconf 86' lang='lat' dir='ltr'><strong>Unde</strong></span> <span class='ocrx_word' id='word_1_25' title='bbox 1262 837 1397 910; x_wconf 86' lang='lat' dir='ltr'><strong>factum</strong></span> <span class='ocrx_word' id='word_1_26' title='bbox 1417 853 1489 928; x_wconf 89' lang='lat' dir='ltr'><strong>est,</strong></span> <span class='ocrx_word' id='word_1_27' title='bbox 1507 855 1547 912; x_wconf 92' lang='lat' dir='ltr'><strong>ut</strong></span> <span class='ocrx_word' id='word_1_28' title='bbox 1562 842 1638 914; x_wconf 87' lang='lat' dir='ltr'><strong>haec</strong></span> <span class='ocrx_word' id='word_1_29' title='bbox 1653 844 1776 918; x_wconf 89' lang='lat' dir='ltr'><strong>civitas</strong></span> <span class='ocrx_word' id='word_1_30' title='bbox 1794 872 1815 920; x_wconf 88' lang='lat' dir='ltr'><strong>a</strong></span> 
     </span>
     <span class='ocr_line' id='line_1_4' title="bbox 233 955 1813 1054; baseline 0.003 -20"><span class='ocrx_word' id='word_1_31' title='bbox 233 958 377 1034; x_wconf 90' lang='lat' dir='ltr'><strong>duobus</strong></span> <span class='ocrx_word' id='word_1_32' title='bbox 393 957 559 1030; x_wconf 81' lang='lat' dir='ltr'><strong>iratribus</strong></span> <span class='ocrx_word' id='word_1_33' title='bbox 574 961 686 1030; x_wconf 86' lang='lat' dir='ltr'><strong>Remo</strong></span> <span class='ocrx_word' id='word_1_34' title='bbox 701 955 868 1029; x_wconf 84' lang='lat' dir='ltr'><strong>videlicet</strong></span> <span class='ocrx_word' id='word_1_35' title='bbox 883 972 920 1030; x_wconf 92' lang='lat' dir='ltr'><strong>et</strong></span> <span class='ocrx_word' id='word_1_36' title='bbox 934 957 1088 1029; x_wconf 85' lang='lat' dir='ltr'><strong>Romulo</strong></span> <span class='ocrx_word' id='word_1_37' title='bbox 1104 957 1201 1054; x_wconf 91' lang='lat' dir='ltr'><strong>prius</strong></span> <span class='ocrx_word' id='word_1_38' title='bbox 1213 956 1401 1048; x_wconf 68' lang='lat' dir='ltr'><strong>(edificata,</strong></span> <span class='ocrx_word' id='word_1_39' title='bbox 1420 959 1533 1032; x_wconf 90' lang='lat' dir='ltr'><strong>multo</strong></span> <span class='ocrx_word' id='word_1_40' title='bbox 1550 961 1684 1035; x_wconf 86' lang='lat' dir='ltr'><strong>felicius</strong></span> <span class='ocrx_word' id='word_1_41' title='bbox 1701 989 1722 1038; x_wconf 88' lang='lat' dir='ltr'><strong>a</strong></span> <span class='ocrx_word' id='word_1_42' title='bbox 1737 991 1813 1039; x_wconf 86' lang='lat' dir='ltr'><strong>ma·</strong></span> 
     </span>
     <span class='ocr_line' id='line_1_5' title="bbox 230 1076 1813 1191; baseline 0.005 -39"><span class='ocrx_word' id='word_1_43' title='bbox 230 1077 369 1177; x_wconf 87' lang='lat' dir='ltr'><strong>joribus</strong></span> <span class='ocrx_word' id='word_1_44' title='bbox 389 1078 555 1150; x_wconf 85' lang='lat' dir='ltr'><strong>fratribus</strong></span> <span class='ocrx_word' id='word_1_45' title='bbox 576 1082 681 1150; x_wconf 89' lang='lat' dir='ltr'><strong>Petro</strong></span> <span class='ocrx_word' id='word_1_46' title='bbox 703 1090 739 1148; x_wconf 93' lang='lat' dir='ltr'><strong>et</strong></span> <span class='ocrx_word' id='word_1_47' title='bbox 760 1077 870 1149; x_wconf 86' lang='lat' dir='ltr'><strong>Paulo</strong></span> <span class='ocrx_word' id='word_1_48' title='bbox 890 1076 935 1150; x_wconf 91' lang='lat' dir='ltr'><strong>sit</strong></span> <span class='ocrx_word' id='word_1_49' title='bbox 954 1076 1187 1176; x_wconf 91' lang='lat' dir='ltr'><strong>postmodum</strong></span> <span class='ocrx_word' id='word_1_50' title='bbox 1203 1077 1241 1191; x_wconf 75' lang='lat' dir='ltr'><strong>in</strong></span> <span class='ocrx_word' id='word_1_51' title='bbox 1256 1077 1398 1151; x_wconf 90' lang='lat' dir='ltr'><strong>Christo</strong></span> <span class='ocrx_word' id='word_1_52' title='bbox 1414 1077 1574 1154; x_wconf 87' lang='lat' dir='ltr'><strong>fundata.</strong></span> <span class='ocrx_word' id='word_1_53' title='bbox 1592 1085 1655 1156; x_wconf 91' lang='lat' dir='ltr'><strong>His</strong></span> <span class='ocrx_word' id='word_1_54' title='bbox 1671 1083 1813 1160; x_wconf 93' lang='lat' dir='ltr'><strong>duobus</strong></span> 
     </span>
     <span class='ocr_line' id='line_1_6' title="bbox 234 1193 1815 1301; baseline 0.005 -32"><span class='ocrx_word' id='word_1_55' title='bbox 234 1213 309 1270; x_wconf 88' lang='lat' dir='ltr'><strong>tota</strong></span> <span class='ocrx_word' id='word_1_56' title='bbox 333 1195 523 1273; x_wconf 88' lang='lat' dir='ltr'><strong>distributa</strong></span> <span class='ocrx_word' id='word_1_57' title='bbox 549 1209 602 1267; x_wconf 89' lang='lat' dir='ltr'><strong>cst</strong></span> <span class='ocrx_word' id='word_1_58' title='bbox 630 1195 742 1291; x_wconf 86' lang='lat' dir='ltr'><strong>gratia</strong></span> <span class='ocrx_word' id='word_1_59' title='bbox 765 1218 844 1292; x_wconf 84' lang='lat' dir='ltr'><strong>quae</strong></span> <span class='ocrx_word' id='word_1_60' title='bbox 869 1193 915 1266; x_wconf 87' lang='lat' dir='ltr'><strong>ad</strong></span> <span class='ocrx_word' id='word_1_61' title='bbox 937 1195 1045 1268; x_wconf 89' lang='lat' dir='ltr'><strong>totius</strong></span> <span class='ocrx_word' id='word_1_62' title='bbox 1065 1193 1192 1266; x_wconf 90' lang='lat' dir='ltr'><strong>mundi</strong></span> <span class='ocrx_word' id='word_1_63' title='bbox 1211 1195 1473 1268; x_wconf 85' lang='lat' dir='ltr'><strong>confessionem</strong></span> <span class='ocrx_word' id='word_1_64' title='bbox 1488 1198 1682 1292; x_wconf 86' lang='lat' dir='ltr'><strong>sufficeret,</strong></span> <span class='ocrx_word' id='word_1_65' title='bbox 1702 1230 1815 1301; x_wconf 90' lang='lat' dir='ltr'><strong>quum</strong></span> 
     </span>
     <span class='ocr_line' id='line_1_7' title="bbox 235 1314 1815 1420; baseline 0.005 -30"><span class='ocrx_word' id='word_1_66' title='bbox 235 1323 358 1390; x_wconf 86' lang='lat' dir='ltr'><strong>Petrus</strong></span> <span class='ocrx_word' id='word_1_67' title='bbox 380 1318 419 1390; x_wconf 92' lang='lat' dir='ltr'><strong>in</strong></span> <span class='ocrx_word' id='word_1_68' title='bbox 440 1315 636 1404; x_wconf 86' lang='lat' dir='ltr'><strong>miraculis,</strong></span> <span class='ocrx_word' id='word_1_69' title='bbox 664 1314 792 1389; x_wconf 86' lang='lat' dir='ltr'><strong>Paulus</strong></span> <span class='ocrx_word' id='word_1_70' title='bbox 817 1315 990 1387; x_wconf 80' lang='lat' dir='ltr'>emineret</span> <span class='ocrx_word' id='word_1_71' title='bbox 1008 1316 1047 1386; x_wconf 95' lang='lat' dir='ltr'><strong>in</strong></span> <span class='ocrx_word' id='word_1_72' title='bbox 1063 1315 1194 1387; x_wconf 86' lang='lat' dir='ltr'><strong>verbis.</strong></span> <span class='ocrx_word' id='word_1_73' title='bbox 1218 1318 1305 1403; x_wconf 85' lang='lat' dir='ltr'><strong>Quae</strong></span> <span class='ocrx_word' id='word_1_74' title='bbox 1319 1316 1484 1390; x_wconf 87' lang='lat' dir='ltr'><strong>videlicet</strong></span> <span class='ocrx_word' id='word_1_75' title='bbox 1499 1318 1573 1393; x_wconf 94' lang='lat' dir='ltr'><strong>duo</strong></span> <span class='ocrx_word' id='word_1_76' title='bbox 1590 1323 1665 1420; x_wconf 89' lang='lat' dir='ltr'><strong>ipse</strong></span> <span class='ocrx_word' id='word_1_77' title='bbox 1686 1327 1815 1398; x_wconf 90' lang='lat' dir='ltr'><strong>Paulus</strong></span> 
     </span>
     <span class='ocr_line' id='line_1_8' title="bbox 234 1433 1817 1542; baseline 0.003 -30"><span class='ocrx_word' id='word_1_78' title='bbox 234 1438 468 1534; x_wconf 90' lang='lat' dir='ltr'><strong>distinguens,</strong></span> <span class='ocrx_word' id='word_1_79' title='bbox 483 1437 570 1508; x_wconf 77' lang='lat' dir='ltr'><strong>ait¹=</strong></span> <span class='ocrx_word' id='word_1_80' title='bbox 586 1462 604 1503; x_wconf 83' lang='lat' dir='ltr'><strong>u</strong></span> <span class='ocrx_word' id='word_1_81' title='bbox 619 1433 730 1506; x_wconf 83' lang='lat' dir='ltr'><strong>Judaei</strong></span> <span class='ocrx_word' id='word_1_82' title='bbox 744 1436 846 1532; x_wconf 88' lang='lat' dir='ltr'><strong>signa</strong></span> <span class='ocrx_word' id='word_1_83' title='bbox 860 1448 1001 1534; x_wconf 89' lang='lat' dir='ltr'><strong>petunt,</strong></span> <span class='ocrx_word' id='word_1_84' title='bbox 1013 1449 1047 1508; x_wconf 88' lang='lat' dir='ltr'><strong>et</strong></span> <span class='ocrx_word' id='word_1_85' title='bbox 1063 1435 1176 1510; x_wconf 87' lang='lat' dir='ltr'><strong>Graeci</strong></span> <span class='ocrx_word' id='word_1_86' title='bbox 1191 1433 1402 1535; x_wconf 78' lang='lat' dir='ltr'><strong>sapientiam</strong></span> <span class='ocrx_word' id='word_1_87' title='bbox 1416 1456 1591 1536; x_wconf 86' lang='lat' dir='ltr'><strong>quaerunt.</strong></span> <span class='ocrx_word' id='word_1_88' title='bbox 1607 1470 1625 1510; x_wconf 81' lang='lat' dir='ltr'><strong>n</strong></span> <span class='ocrx_word' id='word_1_89' title='bbox 1644 1446 1694 1514; x_wconf 92' lang='lat' dir='ltr'><strong>Ne</strong></span> <span class='ocrx_word' id='word_1_90' title='bbox 1708 1469 1817 1542; x_wconf 94' lang='lat' dir='ltr'><strong>quem</strong></span> 
     </span>
     <span class='ocr_line' id='line_1_9' title="bbox 235 1552 1816 1659; baseline 0.004 -31"><span class='ocrx_word' id='word_1_91' title='bbox 235 1557 327 1630; x_wconf 86' lang='lat' dir='ltr'><strong>forte</strong></span> <span class='ocrx_word' id='word_1_92' title='bbox 342 1570 499 1644; x_wconf 86' lang='lat' dir='ltr'><strong>moveat,</strong></span> <span class='ocrx_word' id='word_1_93' title='bbox 517 1553 617 1651; x_wconf 90' lang='lat' dir='ltr'><strong>quod</strong></span> <span class='ocrx_word' id='word_1_94' title='bbox 633 1579 676 1626; x_wconf 87' lang='lat' dir='ltr'><strong>ex</strong></span> <span class='ocrx_word' id='word_1_95' title='bbox 690 1554 877 1653; x_wconf 87' lang='lat' dir='ltr'><strong>privilegio</strong></span> <span class='ocrx_word' id='word_1_96' title='bbox 892 1552 1005 1624; x_wconf 89' lang='lat' dir='ltr'><strong>divini</strong></span> <span class='ocrx_word' id='word_1_97' title='bbox 1026 1553 1176 1642; x_wconf 89' lang='lat' dir='ltr'><strong>amoris,</strong></span> <span class='ocrx_word' id='word_1_98' title='bbox 1195 1558 1350 1627; x_wconf 80' lang='lat' dir='ltr'><strong>loannes</strong></span> <span class='ocrx_word' id='word_1_99' title='bbox 1372 1561 1477 1631; x_wconf 90' lang='lat' dir='ltr'><strong>Petro</strong></span> <span class='ocrx_word' id='word_1_100' title='bbox 1498 1560 1654 1659; x_wconf 84' lang='lat' dir='ltr'><strong>praeferri</strong></span> <span class='ocrx_word' id='word_1_101' title='bbox 1670 1561 1816 1636; x_wconf 85' lang='lat' dir='ltr'><strong>videba-</strong></span> 
     </span>
     <span class='ocr_line' id='line_1_10' title="bbox 235 1673 1818 1780; baseline 0.003 -28"><span class='ocrx_word' id='word_1_102' title='bbox 235 1695 293 1752; x_wconf 93' lang='lat' dir='ltr'><strong>tur</strong></span> <span class='ocrx_word' id='word_1_103' title='bbox 307 1681 345 1751; x_wconf 94' lang='lat' dir='ltr'><strong>in</strong></span> <span class='ocrx_word' id='word_1_104' title='bbox 361 1679 515 1769; x_wconf 86' lang='lat' dir='ltr'><strong>meritis,</strong></span> <span class='ocrx_word' id='word_1_105' title='bbox 532 1698 645 1774; x_wconf 57' lang='lat' dir='ltr'><strong>mum</strong></span> <span class='ocrx_word' id='word_1_106' title='bbox 660 1676 726 1748; x_wconf 83' lang='lat' dir='ltr'><strong>iste</strong></span> <span class='ocrx_word' id='word_1_107' title='bbox 741 1676 821 1778; x_wconf 90' lang='lat' dir='ltr'><strong>plus</strong></span> <span class='ocrx_word' id='word_1_108' title='bbox 837 1699 859 1748; x_wconf 86' lang='lat' dir='ltr'><strong>a</strong></span> <span class='ocrx_word' id='word_1_109' title='bbox 873 1675 1032 1746; x_wconf 91' lang='lat' dir='ltr'><strong>Domino</strong></span> <span class='ocrx_word' id='word_1_110' title='bbox 1045 1673 1263 1771; x_wconf 82' lang='lat' dir='ltr'><strong>diligeretur,</strong></span> <span class='ocrx_word' id='word_1_111' title='bbox 1276 1675 1367 1748; x_wconf 89' lang='lat' dir='ltr'><strong>sicut</strong></span> <span class='ocrx_word' id='word_1_112' title='bbox 1379 1677 1437 1750; x_wconf 92' lang='lat' dir='ltr'><strong>ille</strong></span> <span class='ocrx_word' id='word_1_113' title='bbox 1454 1680 1605 1780; x_wconf 89' lang='lat' dir='ltr'><strong>amplius</strong></span> <span class='ocrx_word' id='word_1_114' title='bbox 1621 1686 1818 1757; x_wconf 90' lang='lat' dir='ltr'><strong>Dominum</strong></span> 
     </span>
     <span class='ocr_line' id='line_1_11' title="bbox 235 1792 1820 1900; baseline 0.005 -30"><span class='ocrx_word' id='word_1_115' title='bbox 235 1799 379 1896; x_wconf 90' lang='lat' dir='ltr'><strong>diligere</strong></span> <span class='ocrx_word' id='word_1_116' title='bbox 394 1797 568 1886; x_wconf 89' lang='lat' dir='ltr'><strong>creditur,</strong></span> <span class='ocrx_word' id='word_1_117' title='bbox 587 1809 773 1892; x_wconf 88' lang='lat' dir='ltr'><strong>agnoscat,</strong></span> <span class='ocrx_word' id='word_1_118' title='bbox 791 1792 991 1868; x_wconf 88' lang='lat' dir='ltr'><strong>secundum</strong></span> <span class='ocrx_word' id='word_1_119' title='bbox 1009 1792 1156 1866; x_wconf 90' lang='lat' dir='ltr'><strong>beatum</strong></span> <span class='ocrx_word' id='word_1_120' title='bbox 1171 1795 1423 1891; x_wconf 78' lang='lat' dir='ltr'><strong>Augustinum,</strong></span> <span class='ocrx_word' id='word_1_121' title='bbox 1441 1796 1511 1870; x_wconf 91' lang='lat' dir='ltr'><strong>hoc</strong></span> <span class='ocrx_word' id='word_1_122' title='bbox 1527 1825 1754 1900; x_wconf 86' lang='lat' dir='ltr'><strong>nequaquam</strong></span> <span class='ocrx_word' id='word_1_123' title='bbox 1772 1805 1820 1878; x_wconf 91' lang='lat' dir='ltr'><strong>de</strong></span> 
     </span>
     <span class='ocr_line' id='line_1_12' title="bbox 234 1911 1816 2018; baseline 0.003 -26"><span class='ocrx_word' id='word_1_124' title='bbox 234 1919 396 2018; x_wconf 88' lang='lat' dir='ltr'><strong>personis</strong></span> <span class='ocrx_word' id='word_1_125' title='bbox 411 1919 496 2016; x_wconf 88' lang='lat' dir='ltr'><strong>ipsis</strong></span> <span class='ocrx_word' id='word_1_126' title='bbox 512 1941 588 1990; x_wconf 89' lang='lat' dir='ltr'><strong>esse</strong></span> <span class='ocrx_word' id='word_1_127' title='bbox 603 1915 869 2016; x_wconf 85' lang='lat' dir='ltr'><strong>accipiendum,</strong></span> <span class='ocrx_word' id='word_1_128' title='bbox 888 1911 952 1988; x_wconf 91' lang='lat' dir='ltr'><strong>sed</strong></span> <span class='ocrx_word' id='word_1_129' title='bbox 967 1914 1014 1986; x_wconf 93' lang='lat' dir='ltr'><strong>de</strong></span> <span class='ocrx_word' id='word_1_130' title='bbox 1029 1913 1171 1987; x_wconf 84' lang='lat' dir='ltr'><strong>duabus</strong></span> <span class='ocrx_word' id='word_1_131' title='bbox 1185 1914 1316 1998; x_wconf 83' lang='lat' dir='ltr'><strong>vitibus</strong></span> <span class='ocrx_word' id='word_1_132' title='bbox 1332 1939 1398 2014; x_wconf 90' lang='lat' dir='ltr'><strong>per</strong></span> <span class='ocrx_word' id='word_1_133' title='bbox 1413 1941 1475 1990; x_wconf 91' lang='lat' dir='ltr'><strong>eos</strong></span> <span class='ocrx_word' id='word_1_134' title='bbox 1490 1921 1694 2016; x_wconf 88' lang='lat' dir='ltr'><strong>significatis</strong></span> <span class='ocrx_word' id='word_1_135' title='bbox 1711 1923 1816 1997; x_wconf 89' lang='lat' dir='ltr'><strong>intel·</strong></span> 
     </span>
     <span class='ocr_line' id='line_1_13' title="bbox 234 2031 1819 2138; baseline 0.003 -26"><span class='ocrx_word' id='word_1_136' title='bbox 234 2039 430 2137; x_wconf 81' lang='lat' dir='ltr'><strong>ligandum.</strong></span> <span class='ocrx_word' id='word_1_137' title='bbox 448 2042 520 2110; x_wconf 91' lang='lat' dir='ltr'><strong>Nec</strong></span> <span class='ocrx_word' id='word_1_138' title='bbox 534 2037 631 2110; x_wconf 87' lang='lat' dir='ltr'><strong>enim</strong></span> <span class='ocrx_word' id='word_1_139' title='bbox 646 2034 788 2108; x_wconf 89' lang='lat' dir='ltr'><strong>dubitat</strong></span> <span class='ocrx_word' id='word_1_140' title='bbox 803 2057 903 2126; x_wconf 90' lang='lat' dir='ltr'><strong>eum,</strong></span> <span class='ocrx_word' id='word_1_141' title='bbox 919 2032 981 2132; x_wconf 90' lang='lat' dir='ltr'><strong>qui</strong></span> <span class='ocrx_word' id='word_1_142' title='bbox 997 2033 1078 2132; x_wconf 88' lang='lat' dir='ltr'><strong>plus</strong></span> <span class='ocrx_word' id='word_1_143' title='bbox 1093 2033 1207 2129; x_wconf 83' lang='lat' dir='ltr'><strong>diligit</strong></span> <span class='ocrx_word' id='word_1_144' title='bbox 1223 2031 1420 2124; x_wconf 86' lang='lat' dir='ltr'><strong>Christum,</strong></span> <span class='ocrx_word' id='word_1_145' title='bbox 1439 2061 1515 2110; x_wconf 89' lang='lat' dir='ltr'><strong>esse</strong></span> <span class='ocrx_word' id='word_1_146' title='bbox 1530 2039 1733 2138; x_wconf 88' lang='lat' dir='ltr'><strong>meliorem,</strong></span> <span class='ocrx_word' id='word_1_147' title='bbox 1752 2068 1819 2117; x_wconf 92' lang='lat' dir='ltr'><strong>nec</strong></span> 
     </span>
     <span class='ocr_line' id='line_1_14' title="bbox 235 2148 1819 2256; baseline 0.004 -27"><span class='ocrx_word' id='word_1_148' title='bbox 235 2181 319 2229; x_wconf 88' lang='lat' dir='ltr'><strong>eum</strong></span> <span class='ocrx_word' id='word_1_149' title='bbox 338 2157 401 2256; x_wconf 93' lang='lat' dir='ltr'><strong>qui</strong></span> <span class='ocrx_word' id='word_1_150' title='bbox 416 2156 495 2255; x_wconf 88' lang='lat' dir='ltr'><strong>plus</strong></span> <span class='ocrx_word' id='word_1_151' title='bbox 512 2179 533 2228; x_wconf 89' lang='lat' dir='ltr'><strong>a</strong></span> <span class='ocrx_word' id='word_1_152' title='bbox 548 2154 689 2228; x_wconf 84' lang='lat' dir='ltr'><strong>Christo</strong></span> <span class='ocrx_word' id='word_1_153' title='bbox 705 2153 875 2250; x_wconf 87' lang='lat' dir='ltr'><strong>diligitur,</strong></span> <span class='ocrx_word' id='word_1_154' title='bbox 893 2152 1103 2226; x_wconf 71' lang='lat' dir='ltr'><strong>beatiorem.</strong></span> <span class='ocrx_word' id='word_1_155' title='bbox 1120 2148 1281 2248; x_wconf 78' lang='lat' dir='ltr'><strong>Quodsi</strong></span> <span class='ocrx_word' id='word_1_156' title='bbox 1296 2152 1354 2225; x_wconf 89' lang='lat' dir='ltr'><strong>eui</strong></span> <span class='ocrx_word' id='word_1_157' title='bbox 1374 2152 1465 2226; x_wconf 84' lang='lat' dir='ltr'><strong>forte</strong></span> <span class='ocrx_word' id='word_1_158' title='bbox 1485 2156 1670 2256; x_wconf 85' lang='lat' dir='ltr'><strong>displiceat</strong></span> <span class='ocrx_word' id='word_1_159' title='bbox 1685 2186 1753 2233; x_wconf 92' lang='lat' dir='ltr'><strong>nos</strong></span> <span class='ocrx_word' id='word_1_160' title='bbox 1773 2163 1819 2234; x_wconf 92' lang='lat' dir='ltr'><strong>ad</strong></span> 
     </span>
     <span class='ocr_line' id='line_1_15' title="bbox 190 2269 1821 2378; baseline 0.004 -29"><span class='ocrx_word' id='word_1_161' title='bbox 190 2269 193 2274; x_wconf 66' lang='grc'>’</span> <span class='ocrx_word' id='word_1_162' title='bbox 235 2277 443 2378; x_wconf 85' lang='lat' dir='ltr'><strong>mysterium</strong></span> <span class='ocrx_word' id='word_1_163' title='bbox 462 2277 522 2348; x_wconf 88' lang='lat' dir='ltr'><strong>hic</strong></span> <span class='ocrx_word' id='word_1_164' title='bbox 542 2274 739 2365; x_wconf 88' lang='lat' dir='ltr'><strong>declinare,</strong></span> <span class='ocrx_word' id='word_1_165' title='bbox 761 2297 829 2346; x_wconf 91' lang='lat' dir='ltr'><strong>nec</strong></span> <span class='ocrx_word' id='word_1_166' title='bbox 849 2274 887 2345; x_wconf 92' lang='lat' dir='ltr'><strong>in</strong></span> <span class='ocrx_word' id='word_1_167' title='bbox 908 2273 993 2373; x_wconf 91' lang='lat' dir='ltr'><strong>ipsis</strong></span> <span class='ocrx_word' id='word_1_168' title='bbox 1012 2270 1176 2371; x_wconf 87' lang='lat' dir='ltr'><strong>personis</strong></span> <span class='ocrx_word' id='word_1_169' title='bbox 1190 2270 1377 2346; x_wconf 83' lang='lat' dir='ltr'><strong>veritatem</strong></span> <span class='ocrx_word' id='word_1_170' title='bbox 1391 2271 1547 2348; x_wconf 82' lang='lat' dir='ltr'><strong>historiae</strong></span> <span class='ocrx_word' id='word_1_171' title='bbox 1562 2278 1767 2373; x_wconf 86' lang='lat' dir='ltr'><strong>dissentire,</strong></span> <span class='ocrx_word' id='word_1_172' title='bbox 1791 2287 1821 2356; x_wconf 93' lang='lat' dir='ltr'><strong>si</strong></span> 
     </span>
     <span class='ocr_line' id='line_1_16' title="bbox 234 2389 1816 2503; baseline -0.008 -31"><span class='ocrx_word' id='word_1_173' title='bbox 234 2401 273 2472; x_wconf 90' lang='lat' dir='ltr'><strong>in</strong></span> <span class='ocrx_word' id='word_1_174' title='bbox 289 2424 354 2488; x_wconf 91' lang='lat' dir='ltr'><strong>eo,</strong></span> <span class='ocrx_word' id='word_1_175' title='bbox 376 2413 417 2470; x_wconf 90' lang='lat' dir='ltr'><strong>ut</strong></span> <span class='ocrx_word' id='word_1_176' title='bbox 432 2393 642 2496; x_wconf 89' lang='lat' dir='ltr'><strong>opinamur,</strong></span> <span class='ocrx_word' id='word_1_177' title='bbox 660 2399 816 2468; x_wconf 82' lang='lat' dir='ltr'><strong>loannes</strong></span> <span class='ocrx_word' id='word_1_178' title='bbox 831 2393 944 2492; x_wconf 90' lang='lat' dir='ltr'><strong>magis</strong></span> <span class='ocrx_word' id='word_1_179' title='bbox 959 2416 980 2466; x_wconf 90' lang='lat' dir='ltr'><strong>a</strong></span> <span class='ocrx_word' id='word_1_180' title='bbox 996 2391 1138 2464; x_wconf 90' lang='lat' dir='ltr'><strong>Christo</strong></span> <span class='ocrx_word' id='word_1_181' title='bbox 1155 2389 1253 2490; x_wconf 90' lang='lat' dir='ltr'><strong>diligi</strong></span> <span class='ocrx_word' id='word_1_182' title='bbox 1274 2390 1428 2484; x_wconf 89' lang='lat' dir='ltr'><strong>dicatur,</strong></span> <span class='ocrx_word' id='word_1_183' title='bbox 1447 2396 1548 2494; x_wconf 93' lang='lat' dir='ltr'><strong>quod</strong></span> <span class='ocrx_word' id='word_1_184' title='bbox 1563 2399 1723 2503; x_wconf 90' lang='lat' dir='ltr'><strong>Christus</strong></span> <span class='ocrx_word' id='word_1_185' title='bbox 1738 2427 1816 2476; x_wconf 91' lang='lat' dir='ltr'><strong>ma.</strong></span> 
     </span>
     <span class='ocr_line' id='line_1_17' title="bbox 231 2507 1818 2614; baseline 0.003 -25"><span class='ocrx_word' id='word_1_186' title='bbox 231 2518 351 2614; x_wconf 90' lang='lat' dir='ltr'><strong>jorem</strong></span> <span class='ocrx_word' id='word_1_187' title='bbox 370 2517 403 2588; x_wconf 91' lang='lat' dir='ltr'><strong>ei</strong></span> <span class='ocrx_word' id='word_1_188' title='bbox 422 2515 632 2588; x_wconf 86' lang='lat' dir='ltr'><strong>charitatem</strong></span> <span class='ocrx_word' id='word_1_189' title='bbox 646 2512 704 2585; x_wconf 85' lang='lat' dir='ltr'><strong>vel</strong></span> <span class='ocrx_word' id='word_1_190' title='bbox 725 2511 999 2586; x_wconf 80' lang='lat' dir='ltr'><strong>familiaritatem</strong></span> <span class='ocrx_word' id='word_1_191' title='bbox 1019 2507 1212 2583; x_wconf 85' lang='lat' dir='ltr'><strong>exhibebat</strong></span> <span class='ocrx_word' id='word_1_192' title='bbox 1235 2509 1273 2582; x_wconf 92' lang='lat' dir='ltr'><strong>in</strong></span> <span class='ocrx_word' id='word_1_193' title='bbox 1294 2534 1420 2610; x_wconf 90' lang='lat' dir='ltr'><strong>opere,</strong></span> <span class='ocrx_word' id='word_1_194' title='bbox 1448 2529 1526 2588; x_wconf 88' lang='lat' dir='ltr'><strong>turn</strong></span> <span class='ocrx_word' id='word_1_195' title='bbox 1550 2540 1617 2614; x_wconf 90' lang='lat' dir='ltr'><strong>pro</strong></span> <span class='ocrx_word' id='word_1_196' title='bbox 1642 2519 1818 2594; x_wconf 88' lang='lat' dir='ltr'><strong>munditia</strong></span> 
     </span>
     <span class='ocr_line' id='line_1_18' title="bbox 235 2627 1818 2733; baseline 0.003 -25"><span class='ocrx_word' id='word_1_197' title='bbox 235 2635 372 2723; x_wconf 83' lang='lat' dir='ltr'><strong>carnis,</strong></span> <span class='ocrx_word' id='word_1_198' title='bbox 398 2657 470 2732; x_wconf 88' lang='lat' dir='ltr'><strong>qua</strong></span> <span class='ocrx_word' id='word_1_199' title='bbox 493 2633 553 2706; x_wconf 90' lang='lat' dir='ltr'><strong>ille</strong></span> <span class='ocrx_word' id='word_1_200' title='bbox 577 2647 750 2730; x_wconf 84' lang='lat' dir='ltr'><strong>tanquam</strong></span> <span class='ocrx_word' id='word_1_201' title='bbox 764 2631 866 2727; x_wconf 87' lang='lat' dir='ltr'><strong>virgo</strong></span> <span class='ocrx_word' id='word_1_202' title='bbox 886 2627 1138 2730; x_wconf 70' lang='lat' dir='ltr'><strong>preminebat,</strong></span> <span class='ocrx_word' id='word_1_203' title='bbox 1156 2643 1235 2700; x_wconf 91' lang='lat' dir='ltr'><strong>tum</strong></span> <span class='ocrx_word' id='word_1_204' title='bbox 1250 2628 1359 2702; x_wconf 88' lang='lat' dir='ltr'><strong>etiam</strong></span> <span class='ocrx_word' id='word_1_205' title='bbox 1374 2631 1458 2728; x_wconf 91' lang='lat' dir='ltr'><strong>quia</strong></span> <span class='ocrx_word' id='word_1_206' title='bbox 1471 2657 1539 2733; x_wconf 91' lang='lat' dir='ltr'><strong>pro</strong></span> <span class='ocrx_word' id='word_1_207' title='bbox 1551 2637 1701 2732; x_wconf 85' lang='lat' dir='ltr'><strong>juvenili</strong></span> <span class='ocrx_word' id='word_1_208' title='bbox 1716 2653 1818 2714; x_wconf 89' lang='lat' dir='ltr'><strong>aetate</strong></span> 
     </span>
     <span class='ocr_line' id='line_1_19' title="bbox 236 2747 1818 2854; baseline 0.006 -28"><span class='ocrx_word' id='word_1_209' title='bbox 236 2755 410 2852; x_wconf 84' lang='lat' dir='ltr'><strong>majorem</strong></span> <span class='ocrx_word' id='word_1_210' title='bbox 436 2755 531 2852; x_wconf 78' lang='lat' dir='ltr'><strong>circa</strong></span> <span class='ocrx_word' id='word_1_211' title='bbox 555 2777 639 2824; x_wconf 91' lang='lat' dir='ltr'><strong>enm</strong></span> <span class='ocrx_word' id='word_1_212' title='bbox 666 2751 900 2852; x_wconf 80' lang='lat' dir='ltr'><strong>providentiae</strong></span> <span class='ocrx_word' id='word_1_213' title='bbox 924 2774 1047 2825; x_wconf 91' lang='lat' dir='ltr'><strong>curam</strong></span> <span class='ocrx_word' id='word_1_214' title='bbox 1073 2747 1242 2853; x_wconf 65' lang='lat' dir='ltr'><strong>habebgt.</strong></span> <span class='ocrx_word' id='word_1_215' title='bbox 1273 2747 1355 2824; x_wconf 91' lang='lat' dir='ltr'><strong>Plus</strong></span> <span class='ocrx_word' id='word_1_216' title='bbox 1384 2751 1490 2848; x_wconf 90' lang='lat' dir='ltr'><strong>igitur</strong></span> <span class='ocrx_word' id='word_1_217' title='bbox 1513 2755 1631 2854; x_wconf 91' lang='lat' dir='ltr'><strong>ipsum</strong></span> <span class='ocrx_word' id='word_1_218' title='bbox 1657 2759 1818 2835; x_wconf 85' lang='lat' dir='ltr'><strong>Christus</strong></span> 
     </span>
     <span class='ocr_line' id='line_1_20' title="bbox 236 2867 1817 2979; baseline 0.004 -32"><span class='ocrx_word' id='word_1_219' title='bbox 236 2897 356 2947; x_wconf 85' lang='lat' dir='ltr'><strong>amare</strong></span> <span class='ocrx_word' id='word_1_220' title='bbox 371 2874 502 2946; x_wconf 79' lang='lat' dir='ltr'><strong>dicimr</strong></span> <span class='ocrx_word' id='word_1_221' title='bbox 515 2897 581 2971; x_wconf 92' lang='lat' dir='ltr'><strong>per</strong></span> <span class='ocrx_word' id='word_1_222' title='bbox 596 2871 764 2944; x_wconf 79' lang='lat' dir='ltr'><strong>effecmm</strong></span> <span class='ocrx_word' id='word_1_223' title='bbox 780 2871 915 2971; x_wconf 88' lang='lat' dir='ltr'><strong>operis,</strong></span> <span class='ocrx_word' id='word_1_224' title='bbox 934 2895 1009 2944; x_wconf 90' lang='lat' dir='ltr'><strong>non</strong></span> <span class='ocrx_word' id='word_1_225' title='bbox 1030 2893 1095 2970; x_wconf 88' lang='lat' dir='ltr'><strong>per</strong></span> <span class='ocrx_word' id='word_1_226' title='bbox 1111 2867 1279 2941; x_wconf 85' lang='lat' dir='ltr'><strong>allectum</strong></span> <span class='ocrx_word' id='word_1_227' title='bbox 1294 2867 1508 2946; x_wconf 89' lang='lat' dir='ltr'><strong>dilectionis.</strong></span> <span class='ocrx_word' id='word_1_228' title='bbox 1531 2875 1669 2950; x_wconf 83' lang='lat' dir='ltr'><strong>Habeat</strong></span> <span class='ocrx_word' id='word_1_229' title='bbox 1697 2880 1817 2979; x_wconf 87' lang='lat' dir='ltr'><strong>itaque</strong></span> 
     </span>
     <span class='ocr_line' id='line_1_21' title="bbox 235 2989 1817 3090; baseline 0.005 -25"><span class='ocrx_word' id='word_1_230' title='bbox 235 2998 392 3068; x_wconf 86' lang='lat' dir='ltr'><strong>loannes</strong></span> <span class='ocrx_word' id='word_1_231' title='bbox 406 2993 505 3066; x_wconf 92' lang='lat' dir='ltr'><strong>hunc</strong></span> <span class='ocrx_word' id='word_1_232' title='bbox 521 2991 722 3065; x_wconf 87' lang='lat' dir='ltr'><strong>dilectionis</strong></span> <span class='ocrx_word' id='word_1_233' title='bbox 738 2991 923 3064; x_wconf 81' lang='lat' dir='ltr'><strong>effectum&#39;</strong></span> <span class='ocrx_word' id='word_1_234' title='bbox 937 3013 957 3064; x_wconf 93' lang='lat' dir='ltr'><strong>a</strong></span> <span class='ocrx_word' id='word_1_235' title='bbox 972 2989 1130 3064; x_wconf 91' lang='lat' dir='ltr'><strong>Domino</strong></span> <span class='ocrx_word' id='word_1_236' title='bbox 1146 3004 1319 3088; x_wconf 87' lang='lat' dir='ltr'><strong>tanquam</strong></span> <span class='ocrx_word' id='word_1_237' title='bbox 1334 2991 1452 3090; x_wconf 84' lang='lat' dir='ltr'><strong>virgo,</strong></span> <span class='ocrx_word' id='word_1_238' title='bbox 1468 2993 1518 3068; x_wconf 86' lang='lat' dir='ltr'><strong>ita</strong></span> <span class='ocrx_word' id='word_1_239' title='bbox 1530 3008 1650 3070; x_wconf 82' lang='lat' dir='ltr'><strong>tamen</strong></span> <span class='ocrx_word' id='word_1_240' title='bbox 1667 3014 1707 3071; x_wconf 88' lang='lat' dir='ltr'><strong>ut</strong></span> <span class='ocrx_word' id='word_1_241' title='bbox 1722 3025 1817 3073; x_wconf 89' lang='lat' dir='ltr'><strong>mar·</strong></span> 
     </span>
     <span class='ocr_line' id='line_1_22' title="bbox 236 3109 1818 3214; baseline 0.006 -28"><span class='ocrx_word' id='word_1_242' title='bbox 236 3115 322 3211; x_wconf 88' lang='lat' dir='ltr'><strong>tyri,</strong></span> <span class='ocrx_word' id='word_1_243' title='bbox 340 3129 376 3188; x_wconf 94' lang='lat' dir='ltr'><strong>et</strong></span> <span class='ocrx_word' id='word_1_244' title='bbox 391 3139 456 3214; x_wconf 90' lang='lat' dir='ltr'><strong>per</strong></span> <span class='ocrx_word' id='word_1_245' title='bbox 469 3113 637 3188; x_wconf 79' lang='lat' dir='ltr'><strong>allectum</strong></span> <span class='ocrx_word' id='word_1_246' title='bbox 652 3115 784 3186; x_wconf 83' lang='lat' dir='ltr'><strong>amoris</strong></span> <span class='ocrx_word' id='word_1_247' title='bbox 800 3112 940 3186; x_wconf 90' lang='lat' dir='ltr'><strong>meliori</strong></span> <span class='ocrx_word' id='word_1_248' title='bbox 956 3137 1031 3184; x_wconf 93' lang='lat' dir='ltr'><strong>non</strong></span> <span class='ocrx_word' id='word_1_249' title='bbox 1047 3109 1206 3184; x_wconf 87' lang='lat' dir='ltr'><strong>invideat</strong></span> <span class='ocrx_word' id='word_1_250' title='bbox 1225 3115 1344 3184; x_wconf 83' lang='lat' dir='ltr'><strong>Petro.</strong></span> <span class='ocrx_word' id='word_1_251' title='bbox 1365 3115 1513 3212; x_wconf 89' lang='lat' dir='ltr'><strong>Utrique</strong></span> <span class='ocrx_word' id='word_1_252' title='bbox 1528 3130 1648 3192; x_wconf 89' lang='lat' dir='ltr'><strong>autem</strong></span> <span class='ocrx_word' id='word_1_253' title='bbox 1662 3122 1734 3194; x_wconf 90' lang='lat' dir='ltr'><strong>suis</strong></span> <span class='ocrx_word' id='word_1_254' title='bbox 1749 3149 1818 3196; x_wconf 91' lang='lat' dir='ltr'><strong>nos</strong></span> 
     </span>
     <span class='ocr_line' id='line_1_23' title="bbox 236 3218 1818 3333; baseline 0.006 -30"><span class='ocrx_word' id='word_1_255' title='bbox 236 3233 374 3330; x_wconf 82' lang='lat' dir='ltr'><strong>magnis</strong></span> <span class='ocrx_word' id='word_1_256' title='bbox 397 3233 533 3310; x_wconf 88' lang='lat' dir='ltr'><strong>meritis</strong></span> <span class='ocrx_word' id='word_1_257' title='bbox 558 3233 608 3307; x_wconf 87' lang='lat' dir='ltr'><strong>ita</strong></span> <span class='ocrx_word' id='word_1_258' title='bbox 629 3231 757 3328; x_wconf 87' lang='lat' dir='ltr'><strong>juvent</strong></span> <span class='ocrx_word' id='word_1_259' title='bbox 780 3231 877 3332; x_wconf 87' lang='lat' dir='ltr'><strong>apud</strong></span> <span class='ocrx_word' id='word_1_260' title='bbox 901 3231 1116 3320; x_wconf 89' lang='lat' dir='ltr'><strong>Dominum,</strong></span> <span class='ocrx_word' id='word_1_261' title='bbox 1139 3218 1179 3303; x_wconf 90' lang='lat' dir='ltr'><strong>ut</strong></span> <span class='ocrx_word' id='word_1_262' title='bbox 1199 3227 1247 3302; x_wconf 86' lang='lat' dir='ltr'><strong>ad</strong></span> <span class='ocrx_word' id='word_1_263' title='bbox 1266 3253 1393 3304; x_wconf 87' lang='lat' dir='ltr'><strong>eorum</strong></span> <span class='ocrx_word' id='word_1_264' title='bbox 1416 3234 1617 3333; x_wconf 89' lang='lat' dir='ltr'><strong>pertingere</strong></span> <span class='ocrx_word' id='word_1_265' title='bbox 1637 3238 1818 3313; x_wconf 85' lang='lat' dir='ltr'><strong>valeamus</strong></span> 
     </span>
     <span class='ocr_line' id='line_1_24' title="bbox 235 3353 1596 3426; baseline 0.007 -3"><span class='ocrx_word' id='word_1_266' title='bbox 235 3353 471 3426; x_wconf 83' lang='lat' dir='ltr'><strong>consortium.</strong></span> <span class='ocrx_word' id='word_1_267' title='bbox 1594 3389 1596 3394; x_wconf 95' lang='lat'>·</span> 
     </span>
    </p>
   </div>
   <div class='ocr_carea' id='block_1_3' title="bbox 560 3944 1494 4041">
    <p class='ocr_par' dir='ltr' id='par_1_3' title="bbox 560 3944 1494 4041">
     <span class='ocr_line' id='line_1_25' title="bbox 560 3944 1494 4041; baseline 0 -3"><span class='ocrx_word' id='word_1_268' title='bbox 560 3949 619 4039; x_wconf 84' lang='grc' dir='ltr'><strong>ΙΝ</strong></span> <span class='ocrx_word' id='word_1_269' title='bbox 652 3945 1039 4041; x_wconf 66' lang='lat' dir='ltr'><strong>contrahunt</strong></span> <span class='ocrx_word' id='word_1_270' title='bbox 1075 3944 1494 4041; x_wconf 69' lang='lat' dir='ltr'><strong>sthennium.</strong></span> 
     </span>
    </p>
   </div>
   <div class='ocr_carea' id='block_1_4' title="bbox 857 4179 1141 4231">
    <p class='ocr_par' dir='ltr' id='par_1_4' title="bbox 857 4179 1141 4231">
     <span class='ocr_line' id='line_1_26' title="bbox 857 4179 1141 4231; baseline -0.011 0"><span class='ocrx_word' id='word_1_271' title='bbox 857 4211 859 4216; x_wconf 95' lang='lat'>·</span> <span class='ocrx_word' id='word_1_272' title='bbox 905 4180 1019 4231; x_wconf 75' lang='lat' dir='ltr'><strong>SERMO</strong></span> <span class='ocrx_word' id='word_1_273' title='bbox 1042 4179 1141 4230; x_wconf 75' lang='lat' dir='ltr'><strong>mv.</strong></span> 
     </span>
    </p>
   </div>
   <div class='ocr_carea' id='block_1_5' title="bbox 232 4402 1845 4988">
    <p class='ocr_par' dir='ltr' id='par_1_5' title="bbox 232 4402 1845 4988">
     <span class='ocr_line' id='line_1_27' title="bbox 288 4402 1820 4507; baseline 0.001 -27"><span class='ocrx_word' id='word_1_274' title='bbox 288 4407 456 4506; x_wconf 76' lang='lat' dir='ltr'><strong>Praecipui</strong></span> <span class='ocrx_word' id='word_1_275' title='bbox 472 4408 631 4506; x_wconf 86' lang='lat' dir='ltr'><strong>gentium</strong></span> <span class='ocrx_word' id='word_1_276' title='bbox 646 4406 805 4480; x_wconf 90' lang='lat' dir='ltr'><strong>doctoris</strong></span> <span class='ocrx_word' id='word_1_277' title='bbox 821 4405 1010 4479; x_wconf 84' lang='lat' dir='ltr'><strong>conversio</strong></span> <span class='ocrx_word' id='word_1_278' title='bbox 1024 4419 1126 4478; x_wconf 89' lang='lat' dir='ltr'><strong>tanto</strong></span> <span class='ocrx_word' id='word_1_279' title='bbox 1142 4402 1306 4478; x_wconf 85' lang='lat' dir='ltr'><strong>devotius</strong></span> <span class='ocrx_word' id='word_1_280' title='bbox 1321 4429 1343 4478; x_wconf 92' lang='lat' dir='ltr'><strong>a</strong></span> <span class='ocrx_word' id='word_1_281' title='bbox 1358 4407 1539 4479; x_wconf 89' lang='lat' dir='ltr'><strong>conversis</strong></span> <span class='ocrx_word' id='word_1_282' title='bbox 1554 4431 1619 4507; x_wconf 89' lang='lat' dir='ltr'><strong>per</strong></span> <span class='ocrx_word' id='word_1_283' title='bbox 1636 4433 1720 4482; x_wconf 90' lang='lat' dir='ltr'><strong>eum</strong></span> <span class='ocrx_word' id='word_1_284' title='bbox 1736 4433 1820 4506; x_wconf 89' lang='lat' dir='ltr'><strong>gen·</strong></span> 
     </span>
     <span class='ocr_line' id='line_1_28' title="bbox 233 4523 1818 4631; baseline 0 -29"><span class='ocrx_word' id='word_1_285' title='bbox 233 4529 333 4602; x_wconf 88' lang='lat' dir='ltr'><strong>tibus</strong></span> <span class='ocrx_word' id='word_1_286' title='bbox 348 4543 402 4600; x_wconf 90' lang='lat' dir='ltr'><strong>est</strong></span> <span class='ocrx_word' id='word_1_287' title='bbox 416 4526 648 4618; x_wconf 87' lang='lat' dir='ltr'><strong>celebranda,</strong></span> <span class='ocrx_word' id='word_1_288' title='bbox 666 4539 802 4631; x_wconf 83' lang='lat' dir='ltr'><strong>quanto</strong></span> <span class='ocrx_word' id='word_1_289' title='bbox 819 4524 912 4624; x_wconf 88' lang='lat' dir='ltr'><strong>ipsas</strong></span> <span class='ocrx_word' id='word_1_290' title='bbox 932 4526 1000 4625; x_wconf 92' lang='lat' dir='ltr'><strong>ipsi</strong></span> <span class='ocrx_word' id='word_1_291' title='bbox 1015 4523 1166 4624; x_wconf 83' lang='lat' dir='ltr'><strong>amplius</strong></span> <span class='ocrx_word' id='word_1_292' title='bbox 1182 4549 1258 4598; x_wconf 91' lang='lat' dir='ltr'><strong>esse</strong></span> <span class='ocrx_word' id='word_1_293' title='bbox 1273 4539 1414 4599; x_wconf 91' lang='lat' dir='ltr'><strong>constat</strong></span> <span class='ocrx_word' id='word_1_294' title='bbox 1429 4525 1615 4600; x_wconf 86' lang='lat' dir='ltr'><strong>obnoxias.</strong></span> <span class='ocrx_word' id='word_1_295' title='bbox 1639 4529 1723 4602; x_wconf 88' lang='lat' dir='ltr'><strong>Sola</strong></span> <span class='ocrx_word' id='word_1_296' title='bbox 1743 4531 1818 4626; x_wconf 86' lang='lat' dir='ltr'><strong>ejus</strong></span> 
     </span>
     <span class='ocr_line' id='line_1_29' title="bbox 232 4645 1845 4747; baseline -0.001 -25"><span class='ocrx_word' id='word_1_297' title='bbox 232 4649 439 4740; x_wconf 82' lang='lat' dir='ltr'><strong>conversio,</strong></span> <span class='ocrx_word' id='word_1_298' title='bbox 456 4673 521 4747; x_wconf 89' lang='lat' dir='ltr'><strong>per</strong></span> <span class='ocrx_word' id='word_1_299' title='bbox 536 4671 646 4747; x_wconf 91' lang='lat' dir='ltr'><strong>quam</strong></span> <span class='ocrx_word' id='word_1_300' title='bbox 661 4647 847 4720; x_wconf 81' lang='lat' dir='ltr'><strong>universus</strong></span> <span class='ocrx_word' id='word_1_301' title='bbox 862 4669 1057 4720; x_wconf 84' lang='lat' dir='ltr'><strong>conversus</strong></span> <span class='ocrx_word' id='word_1_302' title='bbox 1072 4657 1125 4720; x_wconf 78' lang='lat' dir='ltr'><strong>&#39;est</strong></span> <span class='ocrx_word' id='word_1_303' title='bbox 1140 4645 1310 4737; x_wconf 87' lang='lat' dir='ltr'><strong>mundus,</strong></span> <span class='ocrx_word' id='word_1_304' title='bbox 1327 4645 1384 4718; x_wconf 85' lang='lat' dir='ltr'><strong>vel</strong></span> <span class='ocrx_word' id='word_1_305' title='bbox 1400 4645 1602 4744; x_wconf 86' lang='lat' dir='ltr'><strong>diligentius</strong></span> <span class='ocrx_word' id='word_1_306' title='bbox 1618 4647 1664 4720; x_wconf 88' lang='lat' dir='ltr'><strong>de</strong></span> <span class='ocrx_word' id='word_1_307' title='bbox 1679 4648 1751 4721; x_wconf 88' lang='lat' dir='ltr'><strong>lide</strong></span> <span class='ocrx_word' id='word_1_308' title='bbox 1767 4651 1819 4721; x_wconf 93' lang='lat' dir='ltr'><strong>in·</strong></span> <span class='ocrx_word' id='word_1_309' title='bbox 1841 4659 1845 4666; x_wconf 90' lang='lat'>&#39;</span> 
     </span>
     <span class='ocr_line' id='line_1_30' title="bbox 233 4763 1819 4868; baseline 0 -26"><span class='ocrx_word' id='word_1_310' title='bbox 233 4782 408 4858; x_wconf 87' lang='lat' dir='ltr'><strong>structus,</strong></span> <span class='ocrx_word' id='word_1_311' title='bbox 427 4791 469 4840; x_wconf 88' lang='lat' dir='ltr'><strong>ac</strong></span> <span class='ocrx_word' id='word_1_312' title='bbox 484 4767 672 4868; x_wconf 79' lang='lat' dir='ltr'><strong>perfectius</strong></span> <span class='ocrx_word' id='word_1_313' title='bbox 687 4766 853 4856; x_wconf 90' lang='lat' dir='ltr'><strong>edoctus,</strong></span> <span class='ocrx_word' id='word_1_314' title='bbox 872 4763 1134 4838; x_wconf 84' lang='lat' dir='ltr'><strong>solemnitatem</strong></span> <span class='ocrx_word' id='word_1_315' title='bbox 1149 4767 1187 4838; x_wconf 92' lang='lat' dir='ltr'><strong>in</strong></span> <span class='ocrx_word' id='word_1_316' title='bbox 1204 4765 1360 4840; x_wconf 86' lang='lat' dir='ltr'><strong>Ecclesia</strong></span> <span class='ocrx_word' id='word_1_317' title='bbox 1374 4768 1504 4840; x_wconf 91' lang='lat' dir='ltr'><strong>meruit</strong></span> <span class='ocrx_word' id='word_1_318' title='bbox 1519 4767 1696 4841; x_wconf 90' lang='lat' dir='ltr'><strong>obtinere.</strong></span> <span class='ocrx_word' id='word_1_319' title='bbox 1715 4768 1819 4843; x_wconf 87' lang='lat' dir='ltr'><strong>Solus</strong></span> 
     </span>
     <span class='ocr_line' id='line_1_31' title="bbox 232 4884 1818 4988; baseline 0 -26"><span class='ocrx_word' id='word_1_320' title='bbox 232 4889 332 4963; x_wconf 86' lang='lat' dir='ltr'><strong>inter</strong></span> <span class='ocrx_word' id='word_1_321' title='bbox 355 4885 538 4987; x_wconf 81' lang='lat' dir='ltr'><strong>apostolos</strong></span> <span class='ocrx_word' id='word_1_322' title='bbox 561 4887 637 4986; x_wconf 85' lang='lat' dir='ltr'><strong>ipse</strong></span> <span class='ocrx_word' id='word_1_323' title='bbox 663 4901 735 4976; x_wconf 88' lang='lat' dir='ltr'><strong>est,</strong></span> <span class='ocrx_word' id='word_1_324' title='bbox 756 4885 819 4984; x_wconf 93' lang='lat' dir='ltr'><strong>qui</strong></span> <span class='ocrx_word' id='word_1_325' title='bbox 839 4884 1058 4988; x_wconf 88' lang='lat' dir='ltr'><strong>propheticis</strong></span> <span class='ocrx_word' id='word_1_326' title='bbox 1080 4885 1266 4986; x_wconf 78' lang='lat' dir='ltr'><strong>preconiis</strong></span> <span class='ocrx_word' id='word_1_327' title='bbox 1281 4884 1368 4958; x_wconf 91' lang='lat' dir='ltr'><strong>olim</strong></span> <span class='ocrx_word' id='word_1_328' title='bbox 1384 4886 1523 4960; x_wconf 92' lang='lat' dir='ltr'><strong>mundo</strong></span> <span class='ocrx_word' id='word_1_329' title='bbox 1538 4888 1735 4986; x_wconf 87' lang='lat' dir='ltr'><strong>promissus</strong></span> <span class='ocrx_word' id='word_1_330' title='bbox 1751 4903 1818 4981; x_wconf 88' lang='lat' dir='ltr'><strong>est,</strong></span> 
     </span>
    </p>
   </div>
   <div class='ocr_carea' id='block_1_6' title="bbox 269 5171 895 5242">
    <p class='ocr_par' dir='ltr' id='par_1_6' title="bbox 269 5171 895 5242">
     <span class='ocr_line' id='line_1_32' title="bbox 269 5171 895 5242; baseline -0.005 -14"><span class='ocrx_word' id='word_1_331' title='bbox 269 5179 278 5206; x_wconf 89' lang='lat'>¹</span> <span class='ocrx_word' id='word_1_332' title='bbox 300 5177 407 5228; x_wconf 66' lang='lat' dir='ltr'><strong>amet.</strong></span> <span class='ocrx_word' id='word_1_333' title='bbox 419 5177 447 5238; x_wconf 88' lang='lat' dir='ltr'><strong>l,</strong></span> <span class='ocrx_word' id='word_1_334' title='bbox 458 5191 514 5242; x_wconf 79' lang='lat' dir='ltr'><strong>cap.</strong></span> <span class='ocrx_word' id='word_1_335' title='bbox 528 5191 551 5237; x_wconf 83' lang='lat' dir='ltr'><strong>r,</strong></span> <span class='ocrx_word' id='word_1_336' title='bbox 563 5189 586 5224; x_wconf 76' lang='lat' dir='ltr'><strong>r.</strong></span> <span class='ocrx_word' id='word_1_337' title='bbox 598 5171 697 5226; x_wconf 79' lang='lat'>22.-·</span> <span class='ocrx_word' id='word_1_338' title='bbox 709 5173 814 5238; x_wconf 57' lang='lat' dir='ltr'><strong>waceio</strong></span> <span class='ocrx_word' id='word_1_339' title='bbox 825 5171 895 5226; x_wconf 77' lang='lat' dir='ltr'><strong>lmb.</strong></span> 
     </span>
    </p>
   </div>
   <div class='ocr_carea' id='block_1_7' title="bbox 0 0 2265 6100">
    <p class='ocr_par' dir='ltr' id='par_1_7' title="bbox 0 0 2265 6100">
     <span class='ocr_line' id='line_1_33' title="bbox 0 0 2265 6100; baseline 0 0"><span class='ocrx_word' id='word_1_340' title='bbox 0 0 2265 6100; x_wconf 95' lang='lat' dir='ltr'><strong> </strong></span> 
     </span>
    </p>
   </div>
  </div>
 </body>
</html>
