4606 6106
471 598 543 669 218
900 601 1028 672 PETRl
1054 601 1288 676 tumulant
1314 600 1370 674 Er
1394 599 1620 672 HELOlSSAE

470 761 591 810 servos
610 741 819 832 constituet,
842 757 877 813 et
894 767 914 813 a
932 742 1056 814 divino
1082 743 1278 818 ministerio
1303 741 1427 816 altaris
1451 741 1603 838 abjiciet.
1632 741 1727 814 Licet
1744 755 1885 830 autem,
1911 749 2050 837 peracta

467 860 675 955 peonitentia
684 913 694 950 ,
717 861 964 935 reconciliatus
980 864 1025 936 sit
1041 868 1130 936 Deo.

515 983 575 1050 Eat
599 980 746 1052 concr'lvo
765 981 1027 1081 rothomagensi
1028 1038 1039 1071 ,
1061 1008 1140 1080 cup.
1156 1009 1205 1054 rx.
1216 1024 1264 1038 -
1275 985 1452 1056 Statutum
1466 997 1519 1054 cst
1532 979 1656 1054 viduas
1672 1004 1747 1052 non
1766 977 1898 1052 debere
1916 975 2024 1049 velari
2036 1028 2065 1066 ,1

466 1097 626 1171 similiter
654 1115 689 1172 et
716 1100 788 1174 hoc
816 1117 987 1176 statutum
1006 1118 1078 1194 est,
1111 1118 1152 1176 ut
1179 1104 1208 1176 si
1235 1104 1412 1202 quispiam
1431 1101 1722 1201 presbyteromm
1748 1099 1917 1198 deinceps
1941 1095 2048 1192 hujus

464 1218 725 1294 constitutionis
744 1247 880 1294 normae
896 1225 1154 1296 contumaciter
1174 1239 1411 1322 transgressor
1429 1222 1600 1312 extiterit,
1621 1220 1755 1294 scilicet
1780 1234 1819 1293 ut
1842 1218 1977 1316 aliquas
1994 1217 2047 1289 vi·

463 1335 552 1411 duas
572 1341 688 1414 velare
713 1359 925 1442 prasumat,
948 1345 1034 1442 quia
1058 1360 1091 1416 et
1117 1343 1188 1416 hoc
1209 1345 1385 1444 episcopis
1403 1368 1477 1415 non
1497 1343 1597 1433 licet,
1618 1341 1749 1442 gradm
1769 1342 1825 1414 sui
1846 1337 2045 1440 periculum

463 1458 632 1534 incurrat.
658 1462 824 1536 Similiter
843 1479 879 1536 et
899 1463 944 1536 de
967 1463 1095 1564 puellis
1119 1466 1310 1562 virginibus
1328 1490 1349 1537 a
1367 1463 1580 1562 presbyteris
1597 1489 1672 1536 non
1691 1461 1850 1536 velandis
1875 1474 2045 1532 statutum

463 1591 536 1668 est,
563 1594 619 1672 ut,
639 1582 668 1656 si
687 1583 767 1680 quis
786 1581 858 1655 hoc
877 1582 992 1656 lacere
1017 1584 1222 1675 tentaverit,
1248 1599 1425 1682 tanquam.
1443 1599 1682 1681 transgressor
1702 1606 1884 1656 monum
1903 1578 2047 1652 damam

463 1711 531 1768 tur.

511 1821 1029 1920 Eu·corzcil1'omaguntr'neasz',
1051 1849 1129 1920 cap.
1151 1823 1403 1896 v1.--Viduas
1425 1839 1544 1897 autem
1562 1821 1679 1894 velare
1693 1819 1904 1920 pontificum
1927 1818 2045 1892 nullus

463 1953 592 2029 tentet,
615 1955 723 2039 prout
738 1955 907 2014 statutum
929 1958 983 2014 est
999 1943 1036 2014 in
1051 1947 1209 2015 Decretis
1220 1943 1373 2034 Gelasii,
1393 1969 1471 2042 cap.
1489 1969 1565 2033 xm,
1588 1940 1688 2040 quod
1705 1942 1975 2014 necauctcritas
1994 1939 2046 2022 di·

462 2060 561 2151 viua,
584 2087 651 2134 nec
670 2085 850 2134 canonum
882 2063 995 2134 [omna
1025 2064 1197 2162 prestitit.
1229 2068 1316 2152 Quae
1344 2065 1374 2136 si
1402 2065 1548 2163 propria
1576 2061 1760 2136 voluntate
1787 2061 2045 2134 continentiam

461 2179 755 2281 lueritprolessa,
774 2185 870 2256 utin
892 2183 1052 2280 ejusdem
1071 2184 1203 2258 Gelasii
1222 2209 1301 2284 cap.
1324 2210 1387 2256 xxi
1400 2183 1549 2282 legitur,
1581 2183 1657 2280 ejus
1673 2183 1822 2256 intentio
1844 2206 1911 2281 pro
1931 2205 1969 2254 se
1989 2206 2044 2252 ra.-

459 2301 595 2372 tionem
615 2300 742 2376 reddat
755 2306 850 2393 Deo,
871 2304 974 2401 quia,
993 2305 1104 2395 sicut,
1125 2303 1323 2377 secundum
1346 2300 1577 2402 Apostolum,
1593 2303 1818 2398 sicontinere
1832 2325 1871 2374 se
1888 2325 1963 2373 non
1977 2326 2044 2401 po·

461 2436 566 2512 terat,
587 2421 789 2495 nullatenus
807 2423 942 2497 nubere
965 2423 1172 2514 vetabatur,
1191 2426 1259 2516 sic,
1280 2446 1402 2507 secum
1415 2423 1537 2496 habita
1548 2422 1817 2513 deliberatione,
1832 2423 2044 2521 promissam

459 2539 569 2614 fidem
591 2543 769 2641 pudicitiae
791 2547 869 2618 Deo
890 2542 998 2617 debet
1015 2543 1207 2618 custodire.
1226 2549 1299 2616 Nos
1315 2559 1434 2619 autem
1452 2543 1662 2616 auctoritate
1676 2557 1820 2642 patmm
1834 2538 1988 2648 suffulti,
2006 2542 2044 2612 in

458 2660 530 2735 hoc
548 2687 654 2764 sacro
667 2679 847 2736 conventu
866 2665 1045 2738 sancimus
1065 2678 1102 2736 et
1123 2663 1246 2736 labore
1260 2663 1481 2761 judicamus,
1502 2663 1537 2736 si.
1552 2677 1680 2762 sponte
1700 2661 1863 2736 velamen
1881 2663 2043 2760 quamvis

458 2807 533 2854 non
555 2799 802 2858 consecratum
830 2783 903 2858 sibi.
913 2785 1142 2883 imposuerit,
1165 2799 1203 2856 et
1227 2785 1264 2858 in
1288 2783 1435 2861 ecclesia
1460 2783 1553 2859 inter
1574 2782 1705 2858 velatas
1729 2782 1952 2856 oblationem
1966 2766 2065 2856 Deo'

458 2899 649 2995 obtulerit,
676 2903 760 2978 velit
783 2903 892 2994 nolit,
920 2903 1163 2977 sanctimoniae
1179 2902 1343 2976 habitum
1362 2902 1509 2976 ulterius
1525 2901 1659 2977 habere
1677 2901 1803 2995 debet,
1823 2902 1905 2976 lieet
1928 2925 2042 2976 sacm-

456 3040 579 3100 mento
596 3023 810 3100 confirmare
828 3023 913 3098 velit
929 3049 974 3098 eo
996 3037 1120 3098 tenore
1137 3037 1173 3096 et
1195 3024 1333 3097 ratione
1354 3023 1515 3098 velamen
1528 3021 1595 3096 sibi
1608 3023 1850 3123 imposuisse,¹
1861 3039 1901 3098 ut
1913 3023 2041 3096 itemm

456 3161 577 3244 posset
595 3145 788 3245 deponere.

506 3272 565 3338 Ex
591 3267 745 3340 concilio.
764 3265 1024 3353 aurelianensi,
1051 3293 1129 3364 cupi.
1154 3291 1204 3338 rrr.
1217 3268 1418 3364 -viduae,
1449 3291 1528 3364 quae
1552 3265 1606 3339 ab2
1625 3263 1725 3338 altari
1748 3289 1850 3338 sacro
1881 3265 2040 3338 velamen

457 3389 656 3488 accipiunt,
684 3402 881 3486 spontanea
908 3386 1090 3459 voluntate
1112 3412 1220 3460 sacra
1240 3388 1540 3478 conversationis,
1568 3385 1726 3460 decrevit
1744 3401 1864 3458 sancta
1882 3385 2040 3484 synodus

456 3511 492 3581 in
512 3508 640 3580 eodem
655 3507 839 3607 proposito
857 3531 917 3578 eas
930 3531 1151 3605 permanere.
1167 3511 1246 3580 Non
1264 3508 1362 3580 enim
1373 3507 1424 3580 fas
1436 3532 1514 3580 esse
1530 3504 1772 3593 decernimus,
1793 3519 1832 3578 nt
1851 3521 2039 3604 postquam

455 3643 567 3702 semet
589 3629 668 3698 Deo
688 3626 755 3700 sub
773 3625 853 3698 velo
874 3627 1178 3718 consecraverint,
1200 3642 1238 3700 et
1247 3627 1340 3700 inter
1350 3627 1483 3700 velatas
1496 3625 1715 3700 oblationem
1728 3625 1895 3718 fecerint,
1912 3628 2038 3700 itemm

455 3750 506 3822 eis
525 3746 676 3820 concedi
692 3746 836 3847 Spiritui
852 3761 975 3820 sancto
992 3747 1145 3820 mentiri.

504 3867 673 3941 Nicoluus
684 3893 786 3966 papa
796 3866 1056 3965 archiepucopo
1072 3871 1111 3940 C.
1133 3883 1171 3940 eu
1182 3859 1259 3967 ejice
1275 3867 1765 3968 suffragamidvu..-·Vidua
1780 3867 1947 3964 quidem,
1962 3893 2039 3966 qnae

453 3991 560 4088 capiti
579 3988 788 4087 imposuerit
809 4012 949 4060 sacrum
972 3987 1154 4074 velamen,
1173 3989 1203 4060 si
1217 3989 1309 4060 inter
1323 4003 1466 4062 caeteras
1484 3986 1615 4062 velatas
1634 3986 1803 4077 seminas,
1832 3988 1870 4060 in
1892 3987 2038 4061 ecclesia

453 4112 628 4200 oraverit,
653 4125 689 4183 et
706 4109 924 4182 oblationem
942 4134 1026 4182 curu
1044 4109 1111 4182 illis
1130 4108 1318 4199 obtulerit,
1339 4109 1542 4210 sipnofeasa
1556 4123 1609 4182 est
1621 4109 1658 4182 in
1672 4107 1802 4182 eodem
1820 4107 1945 4182 habitu
1956 4135 2037 4208 per·

453 4254 619 4320 manere,
637 4227 820 4328 spondens
847 4250 1031 4325 nunquam
1059 4227 1237 4326 religionis
1262 4227 1423 4300 velamen
1451 4226 1649 4327 deponere,
1672 4252 1693 4300 a
1714 4227 1894 4326 religionis
1917 4227 2037 4301 obsen-

451 4352 570 4425 vantia
588 4349 770 4422 discedere
789 4373 863 4420 non
883 4363 1086 4448 praesumat.

498 4474 716 4571 Augustinus
738 4467 782 4540 de
800 4474 908 4540 Dono
939 4469 1142 4543 Vr'dru'tutis.
1157 4469 1372 4560 -2lliduae,
1407 4493 1487 4574 quae
1520 4495 1567 4542 se*
1587 4493 1661 4543 non
1683 4472 1871 4545 continent
1901 4471 2037 4544 nubant

437 4607 641 4692 ¹antequam
667 4589 833 4690 professe
846 4570 849 4578 ¹
862 4589 1118 4664 continentiam
1150 4589 1372 4680 devoveant,
1399 4589 1499 4686 quod
1527 4590 1593 4662 nisi
1627 4589 1797 4682 reddant,
1825 4591 1906 4687 jure
1935 4591 2035 4664 dam·

450 4727 593 4786 nentur.

496 4839 555 4906 Ex
576 4833 723 4906 concilio
739 4834 922 4918 arausico,
937 4855 1017 4927 cup.
1041 4855 1087 4902 vr.
1096 4869 1146 4884 --
1155 4828 1343 4902 viduitatis
1356 4829 1538 4904 servandae
1556 4830 1814 4930 professionem
1827 4857 1951 4908 coram
1964 4835 2036 4933 epi·

446 4979 559 5055 scopo
577 4955 615 5026 in
632 4954 820 5028 secretario
840 4950 1019 5042 habitam,
1040 4951 1205 5048 imposita
1222 4973 1351 5023 coram·
1369 4951 1541 5051 episcopo
1565 4966 1664 5024 veste
1682 4949 1844 5042 viduali,
1860 4977 1936 5025 non
1959 4975 2036 5026 esse

437 5073 674 5178 ¹violandam3
699 5075 811 5171 ipsam
832 5087 950 5144 tamen
969 5068 1443 5169 professionisdesertricem
1461 5069 1589 5143 merito
1610 5094 1687 5144 esse
1707 5069 1950 5146 damnandam
1967 5071 2035 5145 de·

447 5219 636 5268 cernimus.
