4496 6102
707 681 751 752 lN
775 681 909 752 RAMlS
935 681 1178 754 PALMARUM
1202 685 1364 756 SERMO.
1757 684 1822 755 411

242 819 384 909 scitata,
402 819 480 890 illos
497 818 669 915 significat
682 835 904 919 peccatores,
920 844 1074 917 quorum
1088 837 1233 921 peccata
1251 837 1370 894 mente
1383 835 1522 892 tautum
1534 835 1721 918 concepta,
1741 846 1832 893 non·

244 937 331 1010 dum
346 963 409 1036 per
428 939 674 1036 operationem
692 939 844 1010 exterius
862 954 945 1011 sunt
959 965 1155 1038 progressa.
1174 943 1317 1014 Juvenis
1331 955 1450 1014 autem
1463 954 1561 1012 extra
1577 949 1717 1036 portam
1737 939 1832 1012 dela·

244 1072 300 1128 tus
325 1082 387 1130 eos
409 1057 602 1156 significat,
627 1083 783 1157 quorum
802 1075 948 1158 peccata
965 1061 1092 1155 jamin
1113 1060 1277 1134 ellectum
1295 1073 1556 1161 pmruperunt,
1573 1074 1612 1130 ut
1629 1058 1742 1130 videri
1756 1061 1830 1156 jam

244 1178 290 1249 ab
305 1180 474 1252 omnibus
494 1181 641 1280 possint.
664 1185 815 1252 Lazarus
834 1206 939 1274 vero,
961 1206 1035 1253 non
1052 1181 1167 1254 solum
1183 1183 1341 1281 sepultus
1358 1207 1483 1253 verum
1505 1181 1611 1254 etiarn
1626 1181 1832 1279 quatridua-

245 1324 333 1390 nus,
356 1326 418 1373 eos
436 1302 626 1398 significat,
646 1303 708 1398 qni
724 1301 830 1399 longa
849 1303 1106 1376 consuetudine
1131 1304 1302 1402 peccandi
1329 1327 1457 1400 magna
1484 1317 1712 1401 peccatorum
1736 1299 1832 1372 mole

245 1436 468 1518 premuntur,
490 1437 524 1494 et
542 1421 669 1494 divinae
687 1423 954 1496 consuetudinis
972 1424 1154 1524 exemplo,
1173 1423 1261 1496 alios
1276 1423 1382 1496 etiam
1400 1437 1635 1521 corrumpunt
1653 1449 1661 1492 :
1684 1420 1833 1493 undeet

245 1541 364 1614 loetere
391 1542 571 1614 dicuntur.
601 1547 684 1614 Tres
705 1544 823 1640 itaque
849 1559 981 1615 mortes
1005 1544 1150 1633 animae,
1174 1559 1243 1616 tres
1264 1545 1318 1615 isti
1339 1545 1488 1632 mortui,
1515 1557 1553 1614 ut
1576 1541 1749 1630 diximuS,
1770 1541 1833 1612 de·

243 1663 383 1759 signant
399 1689 406 1731 :
424 1678 611 1760 peccatum
624 1663 755 1734 scilicet
774 1664 1015 1760 cogitationis,
1032 1663 1103 1736 hoc
1119 1680 1172 1764 est
1188 1679 1434 1763 contemptum
1449 1664 1513 1735 Dei
1525 1661 1643 1735 adhuc
1660 1663 1697 1733 in
1712 1675 1832 1734 mente

243 1781 431 1871 latentem,
460 1781 624 1854 nondum
641 1807 869 1882 progressum
887 1785 923 1854 in
949 1785 1213 1882 operationem
1233 1800 1268 1856 et
1284 1799 1470 1883 peccatum
1496 1783 1734 1881 operationis,
1761 1781 1833 1872 hoc

244 1914 314 1990 est,
336 1901 411 1994 jam
434 1926 497 1999 per
517 1903 764 1999 operationem
785 1921 979 2001 apparens,
1000 1919 1107 2000 atque
1129 1918 1314 2003 peccatum
1332 1902 1622 1992 consuetudinis,
1643 1917 1679 1973 et
1692 1901 1834 1997 jamdu-

172 2049 178 2058 ·
244 2018 331 2090 dum
348 2019 386 2090 in
408 2020 616 2119 operatione
638 2019 812 2092 habiturn.
840 2025 920 2092 llaec
945 2022 1010 2092 tria
1028 2047 1157 2120 genera
1172 2038 1402 2121 peccatorum
1421 2037 1594 2119 tanquam
1611 2036 1682 2092 tres
1707 2020 1833 2092 animae

244 2153 377 2209 mortes
406 2141 443 2210 in
471 2140 585 2237 capite
610 2139 763 2236 rpsalmi
791 2164 811 2211 a
840 2140 945 2211 beato
975 2141 1052 2212 viro
1084 2141 1253 2213 dicuntur
1278 2143 1473 2230 removeri,
1506 2165 1619 2237 quum
1650 2138 1726 2211 talis
1758 2139 1834 2237 ipse

244 2257 466 2349 describitur,
487 2260 549 2354 qui
570 2280 644 2330 non
663 2259 788 2332 abierit
805 2261 841 2330 in
859 2261 1008 2333 consilio
1032 2262 1248 2359 impiorum,
1273 2286 1347 2334 non
1374 2262 1508 2333 steterit
1530 2261 1567 2332 in
1590 2261 1647 2332 via
1668 2273 1833 2359 peccato²
1938 2247 1941 2254 ¹

246 2401 325 2448 rum
340 2432 350 2466 ,
367 2402 441 2448 non
456 2378 587 2450 sederit
599 2379 635 2449 in
649 2377 818 2450 cathedra
830 2379 1042 2451 derisorum.
1061 2386 1105 2451 At
1120 2383 1293 2479 quoniam
1310 2382 1521 2453 resurrectio
1537 2380 1657 2452 Lazari
1678 2379 1724 2452 ad
1744 2405 1833 2478 prae·

245 2513 401 2588 sentem,
418 2513 459 2570 ut
471 2499 643 2590 diximus,
658 2498 920 2571 solemnitatem
929 2501 1082 2572 maxime
1095 2502 1272 2600 pertinere
1284 2501 1517 2598 dignoscitur,
1532 2500 1740 2595 mysterium
1760 2499 1835 2594 ejus

245 2643 363 2690 sermo
382 2634 504 2692 noster
524 2634 562 2692 ut
578 2621 751 2718 coepimus
769 2635 1017 2718 prosequatur.
1033 2621 1142 2708 Quod
1156 2637 1196 2694 ut
1209 2622 1312 2693 saciat
1327 2621 1546 2718 diligentius,
1565 2619 1674 2718 paulo
1688 2619 1835 2691 historia

245 2739 348 2812 altius
366 2739 566 2839 replicetur.
1585 2747 1591 2760 '

295 2860 410 2932 Refert
426 2861 546 2958 itaque
565 2865 735 2950 loannes,
752 2860 864 2958 quod,
886 2887 998 2957 quum
1013 2861 1103 2933 iacta
1122 2877 1239 2934 essent
1257 2862 1414 2934 encaenia
1426 2861 1463 2932 in
1477 2859 1724 2956 ierosolymis,
1738 2873 1774 2930 et
1786 2856 1835 2928 ibi

246 2981 336 3054 esset
349 2981 525 3052 Dominus
543 2985 661 3072 lesus,
682 2996 717 3053 et
734 2996 933 3078 quaererent
955 3005 1039 3054 eum
1061 2981 1164 3053 Judei
1182 2980 1470 3080 apprehendere,
1497 2979 1580 3051 exiit
1601 2978 1648 3052 dc
1670 2977 1835 3050 manibus

245 3126 388 3186 eorum,
407 3117 441 3173 et
455 3101 539 3173 abiit
559 3102 689 3173 iterum
708 3117 803 3173 trans
818 3101 1030 3192 lemanem,
1051 3101 1114 3174 ubi
1131 3103 1243 3174 suerat
1256 3106 1409 3173 loannes
1431 3099 1631 3198 baptizans,
1650 3115 1687 3171 et
1706 3098 1835 3170 mansit

245 3221 327 3293 illic.
345 3226 389 3292 Et
404 3235 501 3312 tunc,
522 3227 654 3294 Lazaro
666 3221 740 3317 jam
756 3221 959 3318 languente,
972 3222 1149 3294 miserunt
1161 3221 1207 3294 ad
1222 3245 1304 3293 eum
1316 3245 1459 3292 sorores
1477 3219 1552 3315 ejus
1572 3219 1682 3290 Maria
1693 3233 1729 3290 et
1742 3221 1835 3288 Mar·

245 3341 320 3433 tha,
337 3341 514 3415 dicentes¹
530 3371 537 3412 :
556 3343 759 3432 «Domine,
775 3367 884 3440 quem
896 3364 993 3414 amas
1008 3341 1221 3414 infirmatur.
1240 3369 1258 3408 u
1272 3345 1354 3428 Quo
1366 3340 1502 3430 audito,
1516 3340 1646 3412 mansit
1659 3339 1835 3410 Dominus

245 3462 282 3534 in
302 3462 431 3534 eodem
452 3463 533 3535 loco
549 3462 693 3534 duobus
707 3461 845 3534 diebus.
866 3462 1022 3552 Deinde,
1040 3488 1152 3561 quum
1162 3462 1307 3534 dixisset
1316 3459 1498 3560 discipulis
1509 3465 1680 3532 Lazarum
1693 3459 1835 3530 interim

246 3594 429 3653 mortuum
451 3605 549 3671 esse,
575 3581 671 3652 venit
690 3581 897 3654 Bethaniam
925 3587 1008 3654 cum
1037 3583 1143 3678 ipsis,
1167 3596 1203 3652 et
1224 3581 1360 3652 invenit
1381 3584 1551 3651 Lazarum
1581 3592 1738 3675 quatuor
1761 3577 1837 3650 dies

241 3704 370 3798 jamin
386 3717 621 3774 monumento
638 3701 842 3774 habentem.
863 3707 906 3772 Et
919 3703 1149 3774 suscitaturus
1163 3716 1360 3792 mortuum,
1377 3699 1539 3799 pervenit
1556 3698 1603 3770 ad
1616 3697 1833 3798 sepulcrum.

248 3853 265 3892 a
280 3829 367 3896 Erat
381 3839 519 3912 autem,
537 3851 555 3889 »
575 3838 614 3894 ut
631 3823 806 3911 diximus,
831 3852 847 3890 a
870 3820 1039 3919 spelunca
1065 3837 1100 3891 et
1123 3820 1211 3918 lapis
1234 3821 1479 3919 superpositus
1495 3821 1566 3892 ei.»
1588 3823 1631 3890 Et
1646 3821 1695 3890 ait
1712 3824 1834 3892 lesus:

249 3971 267 4010 a
282 3941 408 4014 Tollite
426 3943 592 4041 lapidem.
612 3971 629 4010 n
647 3947 692 4014 Ut
706 3966 791 4039 ergo
803 3941 959 4012 tulerunt
973 3938 1127 4037 lapidem
1142 3992 1151 4028 ,
1166 3962 1256 4009 voce
1274 3961 1401 4034 magna
1416 3938 1580 4010 clamavit
1595 3942 1695 4010 lesus
1710 3965 1718 4009 ε
1741 3969 1758 4010 u
1773 3941 1837 4010 La·

249 4094 268 4134 a
281 4089 382 4156 zare,
403 4065 485 4136 veni
503 4064 609 4136 foras.
624 4093 641 4132 o
656 4069 699 4134 Et
711 4064 830 4134 statim
841 4062 974 4161 prodiit
987 4061 1050 4158 qui
1066 4060 1179 4130 luerat
1195 4074 1375 4150 mortuus,
1394 4059 1521 4156 ligatus
1538 4056 1649 4158 pedes
1661 4073 1695 4130 et
1710 4081 1837 4130 manus

246 4188 394 4276 iustitis,
414 4202 449 4259 et
466 4186 571 4258 facies
589 4185 681 4258 illius
697 4185 841 4257 sudario
854 4198 928 4256 erat
941 4183 1058 4280 ligata.
1075 4183 1169 4253 Dicit
1181 4182 1232 4253 eis
1245 4185 1367 4252 Jesus:
1388 4207 1406 4248 a
1419 4179 1552 4252 Solvite
1565 4205 1668 4268 euru,
1684 4193 1722 4252 et‘
1733 4179 1837 4252 sinite

249 4338 266 4376 a
283 4307 394 4380 abire.
411 4336 429 4375 n
456 4307 556 4380 Multi
575 4332 659 4404 ergo
673 4333 714 4378 ex
729 4305 877 4396 ludaeis,
896 4306 957 4403 qui
976 4318 1147 4376 venerant
1164 4302 1209 4374 ad
1223 4303 1391 4391 Mariam,
1409 4300 1616 4373 etviderant
1635 4325 1714 4398 quae
1734 4300 1833 4394 fecit,
1945 4365 1952 4382 ,

248 4427 477 4500 crediderunt
488 4429 526 4499 in
540 4453 635 4501 eum.
650 4427 802 4516 Quidam
814 4442 935 4498 antem
948 4450 987 4497 ex
1003 4425 1087 4522 ipsis
1100 4421 1264 4496 abierunt
1277 4422 1322 4493 ad
1337 4421 1548 4521 pharisaeos,
1563 4435 1599 4493 et
1610 4421 1775 4493 dixerunt
1786 4422 1836 4493 eis

248 4573 326 4647 quac
339 4548 420 4620 fecit
433 4533 545 4621 lesus.
568 4548 796 4648 Collegerunt
814 4571 898 4644 ergo
916 4543 1104 4643 pontifices
1120 4558 1155 4615 et
1167 4541 1330 4643 pharisaei
1350 4542 1563 4631 concilium,
1588 4556 1624 4614 ct
1644 4539 1833 4612 dicebant:

253 4699 269 4740 a
285 4669 382 4760 Quid
398 4669 568 4743 iacimus?
586 4671 671 4767 quia
682 4670 741 4742 hic
759 4670 870 4740 homo
892 4667 1003 4740 multa
1021 4667 1120 4764 signa
1139 4665 1232 4737 lacit.
1253 4666 1288 4736 Si
1304 4663 1516 4736 dimittimus
1530 4687 1613 4734 eum
1625 4664 1694 4752 sic,
1710 4684 1837 4732 omnes

253 4792 432 4866 «credent
450 4793 487 4864 in
507 4779 614 4882 cum,
643 4809 709 4864 etc.
728 4820 746 4858 n
767 4795 816 4862 Ex
834 4814 907 4888 quo
929 4788 1089 4889 prolecto
1105 4787 1235 4884 liquet,
1258 4811 1300 4857 err
1317 4784 1388 4857 hoc
1406 4783 1563 4882 denique
1583 4782 1755 4856 miraculo
1775 4781 1838 4853 ad·

246 4941 370 4988 versus
386 4915 582 4988 Dominum
600 4913 740 4988 tudaeos
753 4913 905 4984 maxime
924 4923 1124 4982 commotos
1144 4907 1269 4998 fuisse,
1286 4908 1369 4979 etin
1384 4907 1460 5004 ejus
1477 4929 1565 4978 nece
1585 4931 1628 4978 ex
1644 4920 1729 4977 tunc
1748 4927 1837 5003 pm>-

245 5035 354 5134 cipue
371 5009 618 5134 conspirasse:
635 5047 805 5130 tanquam
824 5054 907 5103 eum
929 5029 1130 5102 occidendo
1147 5029 1284 5128 possint
1303 5025 1441 5118 delere,
1458 5051 1523 5126 per
1543 5051 1653 5123 quern
1674 5040 1836 5097 mortuos

286 5307 292 5332 ¹
312 5307 395 5370 luam,
407 5323 462 5372 cap.
478 5323 518 5368 rr,
533 5323 555 5357 v.
571 5309 580 5353 1
597 5315 621 5356 et
630 5321 667 5370 sq.
