4496 6102
426 622 498 693 366
1028 619 1157 691 Pli‘llll
1183 619 1415 692 tumulant

428 765 611 838 Psalmista
627 777 709 836 ante
721 764 930 834 cecinerat¹:
948 793 967 831 ιι
978 763 1148 862 Lapidem
1164 787 1273 860 quem
1290 765 1574 863 reprobaverunt
1585 766 1817 860 aedificantes,
1831 767 1891 840 hic
1906 768 2016 844 fauna

345 975 349 988 ‚
424 902 478 958 est
497 886 534 956 in
562 897 670 982 capnt
692 883 825 979 anguli.
847 889 875 955 Α
892 885 1051 955 Domino
1069 884 1201 956 sactum
1219 898 1271 956 est
1288 884 1400 970 istud,
1422 901 1491 958 etc.
1507 915 1524 952 ιι
1549 887 1662 984 Hujus
1687 886 1815 987 lapidis
1829 887 1875 962 de
1892 904 2016 964 monte

424 1007 499 1076 sine
512 1003 677 1076 manibus
689 1003 839 1076 abscisio
855 1003 962 1096 facta,
981 1004 1059 1103 ipsa
1073 1018 1124 1077 est
1137 1005 1334 1078 incarnatio
1348 1006 1484 1095 divina,
1501 1007 1538 1079 in
1554 1031 1663 1105 quam
1672 1007 1731 1079 illa
1744 1033 1823 1107 quae
1837 1009 2015 1108 Virginem

424 1124 590 1222 replevit,
612 1123 687 1196 sola
706 1139 852 1221 operata
870 1139 923 1196 est
940 1125 1090 1223 Spiritus
1106 1125 1218 1196 sancti
1232 1125 1353 1222 gratia.
1378 1131 1455 1224 lpse
1473 1127 1607 1225 quippe
1630 1152 1693 1200 sua
1717 1131 1926 1228 operatione
1943 1153 2017 1202 car·

345 1299 348 1306 .
424 1270 508 1318 nem
521 1245 635 1336 illam,
652 1269 723 1342 qna
739 1243 948 1317 indueretur
966 1243 1058 1317 filius
1072 1247 1158 1333 Dei,
1181 1245 1227 1317 de
1243 1271 1351 1318 carne
1363 1247 1517 1344 Virginis
1537 1251 1731 1348 separavit,
1748 1251 1836 1324 etin
1855 1251 2017 1323 membra

425 1367 601 1438 formavit.
622 1365 720 1453 Quid
737 1381 858 1438 autern
872 1391 1015 1458 manus,
1035 1367 1103 1439 nisi
1119 1366 1315 1439 humanam
1330 1369 1576 1467 operationem
1594 1369 1819 1468 significant?
1844 1373 1929 1444 Sine
1943 1396 2017 1444 ma·

424 1486 529 1559 nibus
540 1488 648 1584 igitur
660 1486 696 1558 id
706 1502 899 1577 actumest,
911 1487 972 1558 ubi
983 1488 1081 1560 nulla
1092 1487 1242 1559 humani
1256 1489 1370 1560 coitus
1382 1491 1543 1588 operatio
1554 1490 1631 1562 fuit.
1648 1495 1768 1583 Mons,
1785 1492 1831 1566 de
1845 1516 1920 1591 quo
1930 1492 2017 1591 lapis

424 1608 482 1680 hic
496 1623 549 1680 est
567 1607 742 1696 abscisus,
758 1607 938 1705 virginalis
954 1609 1146 1683 eminentia
1162 1621 1215 1680 est
1231 1609 1429 1706 dignitatis,
1450 1635 1529 1707 quae
1543 1609 1724 1682 coelestem
1740 1612 1779 1683 in
1790 1613 1891 1684 terris
1911 1611 2018 1684 duce·

423 1728 484 1800 bat
499 1730 621 1801 vitam,
636 1735 688 1800 De
698 1727 799 1825 cujus
813 1728 960 1827 quidem
972 1727 1170 1802 substantia
1180 1729 1534 1802 secundumcarnem
1543 1729 1656 1803 homo
1666 1731 1724 1804 ille
1736 1747 1790 1804 est
1800 1747 2015 1832 assumptus,

424 1850 487 1946 qui
505 1851 541 1920 iu
562 1873 672 1920 unam
685 1873 877 1947 personam
891 1849 1012 1922 Verbo
1030 1850 1097 1922 Dei
1114 1865 1167 1922 est
1180 1850 1320 1940 unitus,
1337 1850 1437 1949 quod
1450 1865 1566 1922 toturn
1578 1867 1633 1924 cst
1649 1856 1749 1924 lesus
1765 1849 1938 1924 Christus.
1955 1852 2018 1924 llic

424 1967 596 2064 grandem
617 1984 652 2040 et
671 1967 861 2041 sublimem
875 1984 1027 2041 statuam
1046 1969 1326 2059 comminuens',
1343 1969 1524 2042 dilatatam
1543 1971 1580 2040 in
1597 1969 1762 2067 gentibus
1779 1969 2019 2042 idololatriam

425 2086 614 2178 destruxit,
637 2090 728 2161 sicut
746 2104 781 2162 et
802 2091 962 2189 ipseper
985 2090 1112 2161 lsaiam
1131 2103 1237 2160 antea
1254 2089 1485 2187 promiserat,
1506 2087 1673 2160 dicens⁸z
1698 2119 1716 2156 ιι
1731 2093 1825 2161 Ecca
1842 2091 2019 2162 Dominus

424 2209 591 2282 ascendet
609 2236 717 2310 super
729 2209 865 2282 nubem
879 2210 1014 2302 levem,
1028 2225 1064 2282 et
1073 2209 1291 2306 ingredietur
1303 2213 1517 2307 AEgyptum:
1535 2223 1569 2280 ct
1583 2208 1824 2282 movebuntur
1833 2209 2019 2281 simulacra

369 2353 373 2360 ·
425 2332 601 2430 AEgyptia
620 2331 708 2403 facie
723 2331 811 2427 ejus.
833 2359 851 2398 ιι
872 2335 1043 2430 AEgyptus
1058 2331 1210 2428 quippe,
1236 2354 1315 2426 quae
1332 2329 1487 2401 tenebrae
1507 2331 1770 2428 interpretatur,
1791 2329 1950 2414 mundus
1968 2346 2018 2402 est

425 2475 566 2524 summa
588 2451 760 2524 idolatriae
779 2452 934 2524 caecimte
956 2449 1170 2548 percussus?
1190 2453 1230 2520 ln
1249 2473 1357 2546 quem
1381 2451 1559 2520 Dominus
1582 2473 1648 2548 per
1665 2473 1811 2521 carnem
1834 2451 2018 2556 manifeste

425 2572 591 2663 veniens,
603 2572 688 2644 huic
701 2573 767 2670 ipsi
782 2559 881 2643 carni
894 2571 995 2668 quasi
1007 2569 1077 2642 levi
1091 2568 1179 2641 nubi
1188 2568 1334 2657 insedit,
1351 2572 1434 2668 quia
1448 2570 1560 2642 homo
1569 2569 1628 2642 ille
1641 2570 1789 2643 aVerbo
1801 2587 2015 2669 assumptus,

424 2690 470 2763 de
484 2717 557 2790 quo
571 2693 825 2791 scriptumest:
846 2691 1129 2764 «Verbumoaro
1143 2691 1357 2781 factumest,
1372 2719 1389 2757 ιι
1406 2691 1545 2763 nullum
1559 2716 1601 2762 ex
1616 2690 1837 2790 corruptibili
1850 2716 2014 2792 corpore,

424 2812 524 2909 quod
540 2827 706 2910 aggravat
724 2813 901 2901 animam,
919 2809 1064 2910 pondus
1077 2811 1182 2883 traxit
1194 2813 1343 2909 peccati.
1362 2811 1423 2882 Sol
1440 2835 1575 2910 vapore
1588 2837 1655 2884 suo
1667 2810 1910 2884 exhalationes
1919 2827 2018 2886 teme

424 2957 616 3030 generans,
635 2932 770 3005 nubem
789 2933 949 3022 attrabit,
971 2931 1018 3004 de
1032 2957 1103 3030 qua
1118 2945 1243 3032 postea
1258 2955 1408 3004 manans
1429 2931 1556 3030 pluvia,
1566 2947 1698 3004 terram
1714 2929 1868 3004 inebriat
1886 2947 1926 3004 ut
1943 2933 2017 3004 frn-

423 3052 564 3151 ctificet.
582 3057 705 3152 Vapor
717 3055 837 3152 itaque
857 3055 931 3125 sive
954 3053 1052 3126 calor
1072 3053 1187 3143 solus,
1208 3054 1358 3151 Spiritus
1376 3054 1453 3152 ipse
1469 3067 1523 3126 est
1539 3077 1560 3124 a
1578 3057 1656 3125 Deo
1669 3052 1887 3152 procedens,
1907 3055 2017 3151 quiet

424 3175 534 3272 ipsius
552 3199 655 3246 amor
672 3173 814 3247 dicitur.
839 3176 905 3246 Hic
925 3173 988 3246 ubi
1005 3174 1081 3246 vnlt
1095 3175 1250 3275 spirans,
1266 3189 1302 3246 et
1320 3188 1461 3247 terrena
1478 3173 1588 3247 corda
1608 3175 1644 3245 in
1659 3178 1777 3246 Deum
1794 3175 2013 3264 accendens,

325 3321 332 3336 ·
424 3293 526 3390 quasi
543 3293 717 3390 quasdam
735 3293 978 3366 exhalationes
998 3309 1097 3366 terrae
1114 3309 1276 3393 generat,
1292 3293 1382 3366 dum
1400 3297 1559 3394 ipsorum
1578 3295 1728 3392 gemitus
1745 3309 1854 3392 atque
1868 3297 2018 3393 suspiria
2044 3379 2053 3394 ·

424 3417 460 3487 in
480 3420 598 3488 Deum
616 3416 756 3488 excitat.
778 3415 884 3488 Unde
901 3431 936 3488 et
958 3416 1189 3515 Apostolns‘:
1213 3447 1230 3486 ιι
1249 3422 1347 3516 lpse,
1367 3447 1384 3485 ιι
1410 3418 1543 3515 inquit,
1572 3445 1590 3486 ιι
1607 3417 1757 3515 Spiritus
1773 3415 1931 3516 postulat
1949 3443 2016 3517 pro

424 3534 530 3607 nobis
544 3535 731 3632 gemitibus
744 3533 1059 3626 inenarrabilibus,
1078 3563 1096 3602 ιι
1110 3534 1197 3607 dnm
1212 3561 1279 3607 nos
1292 3536 1457 3645 videlicet
1471 3536 1695 3636 postulantes
1709 3535 1809 3626 lacit,
1824 3551 1861 3609 et
1872 3551 2017 3608 omittes

424 3678 503 3750 quae
520 3656 686 3752 suggerit.
704 3658 852 3727 Summa
866 3680 950 3754 ergo
963 3657 1007 3730 ,in
1026 3657 1179 3754 antiquis
1192 3656 1352 3755 patribus
1370 3656 1445 3729 haec
1456 3657 1503 3729 ad
1513 3662 1631 3729 Deum
1645 3657 1760 3728 oratio
1774 3655 1839 3728 tuit
1852 3671 1887 3729 et
1897 3681 2020 3755 exspe-

424 3772 562 3864 ctatio⁸,
582 3787 621 3844 ut
638 3772 855 3870 promissum
876 3773 926 3843 eis
944 3771 1099 3844 mitteret
1120 3772 1364 3844 salvatorem:
1382 3774 1471 3844 siem
1487 3787 1523 3845 et
1544 3771 1589 3844 de
1608 3772 1714 3844 beato
1732 3771 1793 3843 illo
1810 3771 1941 3870 legitur
1958 3772 2019 3841 Si-

425 3892 580 3962 meene⁸.
603 3890 711 3980 Quod
736 3907 772 3964 et
794 3890 919 3964 beatus
944 3914 1235 3964 commemorans
1261 3893 1518 3988 Augustinusl:
1552 3920 1570 3959 ιι
1594 3890 1802 3988 intelligite,
1835 3889 1978 3978 lintres,
1994 3918 2018 3955 ιι

424 4012 561 4108 inquit,
589 4041 607 4080 ιι
622 4028 797 4110 quantum
820 4013 1039 4102 desiderium
1060 4011 1243 4084 habebant
1268 4013 1404 4110 antiqui
1422 4012 1534 4084 sancti
1550 4011 1672 4092 videre
1692 4007 1895 4106 Christum!
1922 4011 2021 4082 Sele·

424 4130 511 4202 bant
541 4131 642 4202 illum
674 4157 750 4204 esse
780 4123 995 4223 venturum’,
1023 4147 1058 4204 et
1086 4156 1213 4204 omnes
1244 4133 1305 4230 qui
1333 4131 1550 4231 cupiebant,
1574 4129 1770 4203 dicebant:
1799 4132 1867 4201 ιιΟ
1899 4130 1930 4202 si
1958 4153 2021 4201 me

428 4250 526 4322 «illa
557 4237 713 4323 inveniat
744 4250 925 4324 nativitasl
966 4253 1042 4324 osi
1074 4252 1174 4349 quod
1201 4251 1311 4323 credo
1344 4253 1380 4322 in
1410 4252 1592 4350 scripturis
1617 4251 1700 4336 Dei,
1726 4248 1869 4321 videam
1903 4247 2024 4320 oculis

425 4401 442 4437 ιι
461 4371 572 4444 meis!
593 4401 610 4440 ιι
630 4373 729 4445 Idem
748 4388 831 4472 post
849 4372 966 4470 aliqua
990 4373 1036 4445 de
1059 4373 1167 4445 beato
1198 4371 1260 4443 illo
1290 4371 1458 4471 praedicto
1487 4396 1572 4444 sene
1601 4372 1704 4469 quasi
1724 4368 1960 4442 :desiderante
1980 4384 2025 4440 et

425 4495 639 4593 suspirante,
659 4509 694 4566 et
716 4477 877 4592 qudtidie
897 4495 932 4565 in
953 4493 1175 4566 orationibus
1193 4495 1265 4565 suis
1288 4493 1459 4565 dicente:
1489 4491 1674 4580 «Quando
1702 4491 1843 4579 veniet,
1869 4489 2025 4587 qnando

428 4643 445 4679 ιι
463 4627 645 4703 nascetur,
674 4613 823 4712 qnando
855 4613 1021 4687 videbo?
1055 4620 1161 4686 Putas
1192 4613 1357 4686 durabo?
1387 4627 1490 4712 putas
1521 4613 1581 4685 hic
1605 4637 1664 4684 me
1699 4610 1883 4684 inveniet?
1913 4624 2028 4710 putas

429 4761 447 4798 ιι
467 4734 524 4805 isti
545 4733 641 4806 oculi
663 4731 854 4824 videbunt,
881 4759 1077 4833 perquem
1102 4733 1222 4806 cordis
1245 4733 1341 4806 oculi
1365 4731 1676 4805 revelabunturlu
1709 4730 1859 4826 Dicebat
1885 4731 1950 4802 ista
1979 4729 2029 4803 in

427 4853 648 4926 orationibus
673 4854 762 4942 suis,
782 4869 818 4926 et
842 4879 910 4954 pro
933 4853 1110 4927 desiderio
1132 4881 1198 4928 suo
1221 4856 1358 4954 accepit
1375 4877 1610 4951 responsum,
1641 4852 1742 4950 quod
1766 4875 1842 4922 non
1863 4867 2031 4948 gustaret

462 5071 469 5095 ⁴
488 5069 578 5120 l'saltn.
600 5083 680 5132 cxrn,
694 5087 717 5122 r.
738 5073 781 5121 2².
791 5097 823 5110 -
834 5069 895 5122 'Sic
917 5072 968 5123 tta.
988 5071 1203 5123 ltine-Stantem
1244 5072 1457 5131 Amb.·-⁸Luc.,
1470 5085 1526 5140 cap.
1540 5085 1572 5133 rr,
1583 5089 1608 5123 a.
1623 5071 1726 5123 ib.-'
1738 5071 1819 5124 Serm-
1833 5085 1941 5134 centn,
1955 5068 2033 5132 opp.

429 5159 582 5218 commtmu't,
592 5161 648 5218 qrda
659 5156 724 5208 Edit.
738 5156 812 5209 tmh.
824 5183 849 5194 -·
861 5157 872 5185 ⁸
885 5157 953 5208 lsaiae
964 5171 1021 5223 cap.
1032 5173 1074 5208 ιιι
1083 5195 1089 5219 ,
1099 5174 1123 5209 r.
1137 5161 1161 5208 l.
1173 5185 1203 5195 --
1245 5158 1307 5218 tl,
1317 5158 1365 5210 eol.
1381 5157 1443 5206 rtss
1454 5167 1479 5208 ct
1492 5156 1564 5208 ttss.

428 5239 534 5302 ⁴n0m„
548 5257 603 5309 cap.
617 5257 672 5303 ιιιι,
687 5259 711 5294 ι.
725 5243 766 5294 26.
783 5271 807 5282 -
822 5243 892 5293 ⁸ll8.
906 5243 1002 5295 Dinn-
1012 5243 1046 5294 lt
1066 5244 1144 5294 deest'
1157 5241 1202 5294 nd.
