4522 6104
417 581 489 654 686
1016 574 1145 646 PETRI
1170 572 1407 647 tammam

413 724 593 821 Dionysiis
617 718 886 793 Corinthiorum
918 718 1112 817 episcopis,
1143 718 1202 790 ille
1224 716 1330 788 fierit
1356 714 1567 812 Dionysius,
1594 712 1739 815 dequo
1760 715 2007 788 Ecclesiastico

415 847 575 916 Historia
590 857 626 912 et
641 841 881 937 Hieronymus
896 839 1142 910 meminerunt
1162 867 1170 908 :
1190 853 1298 935 atque
1319 838 1369 909 ita
1386 835 1541 908 arbitror
1561 859 1709 907 omnem
1725 835 2008 908 controversiam

415 962 552 1036 absolvi
577 985 695 1059 posse.
721 961 895 1032 Omnium
918 961 1038 1056 igitur,
1058 984 1138 1057 quae
1160 959 1206 1031 ad
1232 957 1451 1030 solutionem
1475 957 1748 1055 proposuimus,
1775 955 1852 1028 haec
1867 979 2008 1028 summa

417 1099 487 1173 est,
505 1098 546 1156 ut
562 1080 619 1154 vel
635 1081 769 1155 Bedam
785 1080 976 1180 deceptum
994 1080 1101 1152 fuisse
1119 1079 1381 1167 concedamus,
1400 1077 1458 1149 vel
1473 1102 1558 1150 eum
1575 1077 1728 1149 aliorum
1745 1075 1851 1148 nobis
1868 1077 2010 1174 opinio·

417 1230 502 1277 nem
518 1219 767 1304 praesentasse,
785 1203 842 1275 vel
859 1201 952 1274 duos
968 1201 1240 1274 Corinthiorum
1253 1201 1442 1299 episcopos
1454 1200 1638 1272 exstitisse.
1656 1198 1779 1272 Valete
1794 1199 1834 1270 in
1849 1198 2007 1270 Domino

418 1324 649 1398 dilectissimi.

724 1823 900 1896 oonrm
921 1821 1141 1907 ouuunsu
1164 1819 1419 1893 aaronem
1441 1773 1711 1892 anomiani

580 2053 639 2112 QUI
662 2051 882 2104 monasticon
901 2051 1057 2103 ORDINE!
1080 2051 1300 2102 aeramenta
1325 2052 1367 2100 ΕΤ
1392 2051 1481 2101 SUB!
1505 2051 1576 2100 ltu
1599 2047 1852 2098 massonam.

462 2277 530 2336 Non
538 2273 578 2336 ad
590 2292 648 2336 nos
659 2272 800 2356 pervenit
811 2289 925 2335 nomen
938 2272 1030 2354 hujus
1041 2271 1183 2334 canonici
1192 2279 1301 2334 eontra
1311 2291 1402 2355 quem
1411 2273 1483 2336 ritae
1492 2272 1669 2334 monasticae
1682 2271 1865 2354 dignitatem
1877 2269 2012 2334 sbdo-

422 2377 481 2440 dus
495 2385 608 2439 tutatus
619 2385 676 2439 est.
693 2377 819 2438 Nicero¹
831 2374 960 2438 affirmet
972 2394 1034 2437 non
1050 2375 1136 2436 illum
1151 2374 1246 2436 olium
1261 2394 1329 2437 esse
1342 2394 1436 2458 posse
1449 2385 1540 2458 atque
1554 2375 1702 2438 illustrem
1715 2376 1814 2438 virum
1829 2374 2010 2438 Norbertum

422 2477 474 2561 qui
493 2475 720 2539 premonstrati
745 2477 778 2538 in
797 2475 924 2538 dioecesi
948 2473 1143 2538 Laedunensi
1166 2475 1306 2539 condidit
1326 2475 1465 2538 ordinem
1491 2475 1703 2539 observantem
1722 2475 1834 2556 regulae
1857 2475 1924 2536 Divi
1944 2479 2010 2535 Au-

423 2583 537 2663 gustini
552 2585 586 2643 Α.
604 2584 701 2657 1125,
716 2579 931 2642 confirmatum
945 2598 963 2641 a
977 2599 1056 2662 papa
1069 2580 1208 2642 Honorio
1222 2583 1248 2640 ll
1257 2582 1286 2653 ²;
1302 2579 1387 2662 quod
1401 2599 1475 2642 vero
1489 2579 1582 2642 nullis
1595 2577 1785 2659 argumentis
1803 2577 2007 2642 confirmetur.

422 2684 516 2749 Nobis
530 2683 633 2767 potius
646 2681 722 2746 illud
736 2702 814 2764 opus
833 2682 955 2745 videtur
966 2690 1105 2764 spectare
1119 2681 1294 2764 Philippum
1308 2680 1449 2746 abbatem
1464 2683 1558 2744 sonae
1573 2682 1643 2763 Spei
1652 2681 1675 2750 ⁸.
1686 2681 1774 2763 cujus
1783 2677 2011 2744 exstatliberde

364 2803 367 2810 ’
424 2791 588 2868 Diqnttete
602 2788 805 2860 elericorum,
827 2785 859 2848 in
881 2804 942 2867 quo
963 2783 1108 2867 pleraque
1128 2785 1266 2866 reperies
1285 2793 1466 2864 argumenta
1487 2786 1527 2846 ab
1546 2781 1706 2846 Abaelardo
1726 2781 1865 2845 resumta
1886 2780 2013 2844 lleltum

424 2897 526 2950 autem
548 2887 587 2950 de
606 2885 665 2949 hec
683 2887 852 2968 quaestione
873 2885 952 2948 inter
978 2885 1121 2948 homines
1143 2884 1235 2966 hujus
1259 2884 1358 2948 aetatis
1377 2885 1488 2948 aeriter
1509 2863 1699 2967 disputatum
1723 2892 1780 2948 est.
1804 2887 1914 2948 Narrat
1939 2879 2013 2943 Plri-

425 2991 545 3073 lippus⁸
562 3008 626 3052 rem
644 2987 741 3052 luisse
761 2987 925 3050 adductam
948 2989 981 3048 in
1004 2988 1245 3050 controversiam
1266 3006 1284 3048 a
1307 2987 1421 3050 clerieo
1442 2998 1473 3048 et
1493 3006 1512 3048 a
1533 2986 1686 3049 monacho
1707 2994 1809 3067 partes
1830 3002 1902 3047 suas
1920 2983 2014 3066 perti·

426 3093 541 3156 naciter
563 3091 818 3166 defendentibus;
834 3108 964 3173 quorum
979 3090 1055 3152 alter
1073 3089 1256 3152 clericorum
1270 3089 1342 3152 uitae
1362 3090 1501 3152 instituta
1522 3099 1553 3152 et
1571 3091 1656 3172 jura,
1675 3088 1750 3151 alter
1771 3105 1846 3150 vero
1859 3087 1931 3148 uitae
1943 3103 2013 3148 mo·

425 3197 550 3259 nesticae
566 3193 773 3278 praesteutiam
792 3194 940 3256 acerrime
960 3201 1106 3256 tueretur.
1126 3193 1311 3270 Monachus,
1333 3211 1429 3275 quum
1444 3194 1574 3255 multum
1588 3192 1620 3254 in
1638 3192 1707 3254 Diri
1730 3189 1908 3272 Hieronymi
1928 3187 2013 3252 libris

426 3299 533 3362 fuisset
551 3306 704 3373 versatus,
719 3296 810 3379 hujus
827 3296 895 3358 loca
913 3295 973 3358 sibi
990 3294 1083 3358 veluti
1099 3281 1297 3376 suffragantia
1316 3293 1504 3372 ostentabat,
1524 3305 1556 3359 et
1576 3294 1614 3357 iis
1635 3294 1777 3357 utebatur
1796 3291 2011 3365 callidissime;

426 3398 556 3462 clericus
583 3415 676 3472 vero,
704 3396 865 3478 Porphyrii
888 3404 919 3458 et
944 3396 1116 3460 Aristotelis
1143 3396 1332 3476 argumentis
1355 3394 1512 3473 imbutus,
1538 3395 1636 3458 multo
1663 3395 1767 3456 minus
1797 3411 1902 3456 sacras
1932 3393 2012 3456 litte-

427 3518 478 3564 ras
498 3499 642 3575 callebat;
664 3499 740 3560 nihil
761 3499 906 3580 opposuit
928 3497 1006 3560 loeis
1028 3496 1067 3559 ab
1087 3496 1265 3560 edversario
1284 3499 1402 3576 allatis,
1418 3517 1486 3580 quae
1505 3517 1605 3580 neque
1623 3505 1727 3581 posset
1744 3497 1776 3560 in
1791 3515 1862 3560 eum
1876 3513 2014 3576 regerere

426 3606 522 3668 homo
536 3601 724 3678 ineruditus,
739 3617 839 3683 neque
852 3599 980 3662 auderet
992 3598 1142 3675 refutare;
1157 3599 1274 3663 uictum
1288 3601 1384 3682 igitur
1397 3619 1431 3664 se
1443 3600 1602 3665 molossus
1616 3609 1674 3665 est.
1689 3596 1777 3664 llaec
1790 3599 1893 3664 forsan
1906 3599 2013 3682 dispu-

427 3707 575 3770 tationem
595 3699 774 3785 spectabant
792 3709 823 3763 et
844 3699 921 3762 liber
934 3699 1068 3782 Philippi
1091 3701 1129 3762 de
1148 3703 1335 3766 Cterteorem
1355 3705 1519 3784 Dignitete
1537 3712 1569 3767 et
1591 3702 1963 3785 analemmatorum,
1982 3707 2013 3762 ut

427 3804 592 3870 verisimile
604 3811 666 3880 est,
682 3803 712 3864 in
727 3803 914 3864 monasterio
929 3803 1033 3866 Sancti
1046 3803 1172 3866 Gildasil
1186 3805 1403 3886 compositum.
1791 3875 1795 3894 ,

467 3907 589 3971 Nullum
610 3903 775 3968 habuimus
797 3903 953 3983 codicem,
978 3904 1065 3988 eujus
1084 3905 1122 3968 ad
1144 3904 1238 3970 fidem
1263 3915 1362 3972 textm
1384 3906 1627 3985 Amboesianus,
1650 3906 1728 3971 loeis
1742 3905 1929 3990 quibusdam
1951 3923 2013 3968 eor-

429 4021 554 4094 ruptus,
568 4008 791 4076 emendaretur.

478 4437 675 4508 Multorum
691 4434 864 4508 relatione
885 4432 932 4506 ad
953 4450 1095 4507 nostras
1116 4435 1275 4508 delatum
1291 4452 1345 4509 est
1365 4461 1469 4509 aures
1485 4438 1600 4509 nostri
1623 4435 1783 4524 ordinis,
1807 4436 1846 4507 id
1865 4451 1920 4506 est
1937 4458 2013 4506 mo·

432 4557 576 4647 nastici,
590 4571 722 4629 statum
734 4581 754 4628 a
765 4569 801 4628 te
817 4555 944 4653 sapius
955 4555 993 4626 in
1006 4557 1195 4654 praesentia
1208 4553 1404 4630 multorum
1421 4582 1497 4631 non
1513 4555 1743 4629 mediocriter
1758 4554 1897 4646 laesum3
1917 4553 2013 4652 quod

433 4702 508 4751 non
525 4677 595 4750 alia
614 4677 660 4749 de
677 4700 784 4748 eausa
799 4688 1056 4774 praesumptum
1077 4692 1147 4766 est,
1168 4677 1365 4768 credimus,
1384 4678 1454 4750 nisi
1469 4692 1509 4749 ut
1525 4692 1669 4750 nostros
1684 4673 1929 4765 humiliando,
1949 4688 2015 4746 tue

467 4918 616 4968 ‘nemore
634 4934 697 4981 pour
716 4921 792 4969 rerulr
807 4922 825 4966 t
842 4915 958 4968 t'htrrotre
981 4919 1023 4968 aa
1044 4917 1154 4969 Homines
1177 4921 1205 4969 11-
1247 4920 1326 4983 1151,
1339 4928 1356 4970 t.
1369 4918 1418 4980 lll‚
1431 4935 1457 4985 p.
1473 4919 1527 4970 111.
1540 4916 1592 4956 -⁸
1606 4917 1682 4969 Deae
1694 4915 1778 4968 videas
1789 4918 1894 4968 Hbtotre
1902 4917 2013 4967 moire

430 5005 533 5062 lustres,
554 5001 637 5064 Paris,
658 5004 718 5052 snt
738 5011 763 5052 et
775 5017 824 5067 sq„
841 5001 923 5062 irs-tt,
934 5011 952 5051 1.
963 4999 1135 5052 ιιι-’111
1151 5003 1205 5054 No·
1245 5007 1275 5055 de
1284 5007 1309 5054 la
1320 5005 1430 5068 Fronte,
1441 5013 1460 5054 t.
1472 5002 1532 5064 llll,
1543 5017 1569 5069 p.
1581 4999 1757 5052 istm-⁴
1769 5001 1799 5051 D.
1812 4999 1932 5064 raum,
1940 5001 2014 5052 utto

428 5099 468 5138 tae
493 5089 529 5138 ed
554 5089 685 5139 Heronem
710 5091 891 5147 calamitatum,
910 5095 928 5138 t.
953 5087 979 5148 l,
1003 5084 1075 5152 hujus
1091 5085 1205 5140 editionis
1245 5093 1275 5140 tte
1287 5089 1363 5141 Rene
1376 5089 1443 5153 Spei,
1453 5103 1544 5152 opera,
1558 5085 1649 5149 busci,
1662 5087 1735 5150 1621,
1747 5084 1843 5147 'ro-lol,
1854 5101 1880 5151 p.
1891 5086 1950 5138 161.

427 5173 538 5238 pag.6³;
549 5183 574 5223 et
583 5170 689 5224 Fabricii
698 5173 761 5224 aret.
773 5173 838 5224 med.
847 5181 870 5222 et
883 5173 957 5234 14111.
969 5174 1070 5231 laerte„
1082 5171 1203 5234 Pataris,
