4536 6102
471 593 542 664 574
1066 597 1194 670 PETRI
1220 597 1453 671 tumulant

469 735 1093 824 mendat'auctoritas,coenobitarum
1100 738 1233 810 scilicet
1239 753 1345 836 atque
1352 738 2046 826 anachoretarquuiauteminsaeculo

469 855 544 928 bini
561 858 616 927 vel
633 860 725 928 terni
742 873 802 930 aut
818 858 947 954 singuli
962 875 1232 949 conversantur,
1247 885 1315 931 nec
1325 875 1465 932 tantum
1482 861 1631 931 fratrum
1644 884 1835 932 numerum
1850 861 1998 954 babent,
2009 881 2048 938 ut

469 975 732 1048 observantiam
752 979 881 1073 regulae
902 979 1092 1078 impleant,
1111 981 1273 1078 profecto
1290 1003 1357 1052 nec
1380 980 1567 1052 coenobitae
1587 995 1688 1070 sunt,
1710 1005 1778 1052 nec
1801 981 2044 1056 anachoreta:

468 1097 656 1168 coenobitae
677 1099 823 1194 quidem
844 1125 955 1196 quum
977 1101 1044 1172 sub
1061 1101 1182 1196 regula
1197 1125 1272 1171 non
1290 1100 1438 1196 degant,
1465 1100 1529 1172 sed
1549 1125 1616 1172 nec
1641 1100 1865 1172 anachoretae
1881 1127 1994 1198 quum
2008 1105 2044 1174 in

467 1217 660 1289 solitudine
677 1243 751 1289 non
763 1221 898 1290 vivant.

516 1338 624 1424 Quod
639 1341 669 1409 si
685 1363 752 1408 nee
771 1341 926 1430 monita,
945 1363 1012 1409 nec
1033 1338 1194 1437 exempla
1215 1355 1421 1412 sanctorum
1437 1355 1580 1436 patrum
1600 1362 1668 1409 nos
1688 1361 1709 1410 a
1729 1339 1858 1410 saeculo
1881 1343 2044 1413 tentatio-

468 1455 573 1526 nibus
589 1456 697 1553 pleno
715 1473 885 1528 revocant
901 1474 936 1528 et
951 1457 1031 1554 plus
1047 1459 1146 1529 lucra
1163 1457 1364 1553 corporalia
1382 1459 1546 1554 cupimus
1566 1481 1675 1554 quam
1695 1457 1896 1528 animarum
1916 1458 2045 1531 damna

467 1579 633 1649 timemus
653 1580 757 1675 :ipsa
781 1579 905 1651 saltem
927 1605 1045 1650 rerum
1062 1594 1264 1650 nostrarum
1285 1578 1535 1666 incommoda,
1559 1601 1637 1674 quae
1657 1578 1703 1649 de
1727 1580 1912 1648 communi
1929 1577 2044 1652 homi·

467 1723 555 1768 num
572 1702 844 1771 conversatione
868 1683 1071 1798 frequenter
1093 1700 1325 1786 sustinemus,
1353 1723 1421 1769 nos
1444 1697 1491 1770 ab
1515 1697 1584 1770 hac
1604 1698 1881 1795 praesumptione
1901 1721 2042 1796 compe·

467 1830 579 1887 scant.
601 1823 749 1890 Incursu
765 1821 897 1916 quippe
913 1819 1072 1890 hostium
1085 1818 1244 1889 civitates
1256 1819 1350 1915 ipsas
1369 1817 1424 1887 vel
1439 1841 1518 1913 quae
1536 1817 1668 1887 civium
1684 1831 1768 1887 sunt
1782 1815 2041 1914 depopulante,

467 1959 523 2004 res
540 1951 669 2006 nostrae
685 1938 816 2033 pariter
836 1961 920 2007 cum
934 1936 1040 2008 rebus
1057 1960 1182 2008 eorum
1195 1936 1339 2030 junctae,
1358 1959 1379 2006 a
1394 1933 1697 2006 communi-clade
1713 1957 1789 2004 non
1806 1949 1957 2030 possunt
1973 1959 2043 2006 esse

468 2051 663 2148 disjunctae.
675 2056 900 2127 Cessantibus
917 2080 1062 2152 quoque
1075 2053 1252 2142 hostibus,
1262 2052 1467 2151 frequenter
1482 2054 1520 2123 in
1536 2052 1737 2124 civitatibus
1750 2052 1965 2148 contingunt
1981 2054 2043 2123 im·

467 2175 610 2270 provisa
626 2175 820 2246 domorum
835 2174 1003 2246 incendia
1016 2202 1023 2244 :
1036 2199 1101 2273 per
1115 2199 1195 2271 quae
1210 2188 1284 2244 tam
1301 2173 1474 2260 oratoria,
1493 2196 1602 2269 quam
1619 2170 1770 2243 officinae
1785 2172 2044 2244 monachorum

467 2293 609 2386 penitus
624 2309 897 2364 consumuntur.
917 2296 997 2390 lpsa
1017 2292 1141 2364 saltem
1163 2292 1313 2380 damna,
1336 2315 1415 2388 quae
1437 2290 1607 2386 fugiendo
1630 2291 1863 2380 incurrimus,
1890 2291 2043 2388 refugere
2138 2337 2143 2350 ·
2229 2289 2230 2312 ²

468 2410 514 2481 ad
534 2411 763 2483 solitudinem
783 2413 938 2484 doceant
958 2427 998 2482 ut
1021 2413 1122 2509 quasi
1145 2411 1322 2482 mercibus
1343 2411 1474 2481 nostris
1490 2425 1699 2508 tempestate
1720 2411 1874 2500 amissis,
1897 2411 1943 2482 de
1963 2436 2043 2509 pro·

468 2529 566 2602 cellis
585 2531 701 2602 saeculi
722 2532 778 2602 vel
799 2531 886 2602 nudi
907 2555 1141 2630 properemus
1166 2529 1217 2602 ad·
1227 2533 1355 2627 quietis
1372 2547 1408 2602 et
1424 2530 1625 2602 solitudinis
1644 2546 1803 2627 portum.
1819 2535 1910 2602 Sunt
1930 2533 1991 2628 qui
2009 2534 2042 2602 in
2089 2531 2094 2540 '

467 2649 659 2720 solitudine
685 2650 914 2722 tabernacula
935 2673 998 2722 sua
1019 2650 1214 2740 collocant,
1245 2649 1309 2721 sed
1334 2650 1482 2721 minime
1506 2665 1748 2749 perseverant.
1774 2649 1882 2736 Quod
1902 2649 2044 2748 quidem

467 2768 586 2840 multis
602 2769 778 2840 decausis
794 2769 936 2842 accidit.
956 2769 1022 2841 Alii
1038 2771 1172 2869 quippe
1188 2770 1406 2866 paupertatis
1423 2793 1494 2840 suae
1509 2768 1660 2840 modum
1676 2769 1905 2860 excedentes,
1920 2785 1957 2840 et
1972 2792 2043 2840 ma·

462 2889 542 2982 jora
558 2891 629 2960 suis
645 2889 780 2960 viribus
796 2889 1057 2985 aggredientes,
1075 2889 1176 2988 quod
1192 2913 1267 2960 non
1284 2888 1420 2960 habent
1438 2887 1484 2959 de
1501 2891 1667 2986 proprio,
1692 2889 1857 2987 supplere
1871 2903 2044 2984 coguntur
2077 2901 2081 2907 “

466 3031 508 3078 ex
523 3009 659 3098 aliene,
678 3025 713 3080 et
733 3033 801 3107 pro
819 2999 1139 3082 necessitudinibus
1155 3010 1227 3080 suis
1243 3033 1280 3080 se
1294 3033 1436 3080 rursum
1453 3009 1581 3080 saeculo
1597 3011 1778 3104 ingerere,
1797 3007 1897 3105 quod
1913 3031 2043 3105 propo·

465 3145 610 3201 suerant
630 3129 763 3225 sugere.
781 3133 873 3202 Sunt
897 3146 932 3202 et
953 3131 1015 3227 qui
1036 3128 1144 3226 longa
1163 3129 1300 3201 her'emi
1321 3129 1594 3200 conversatione
1616 3143 1652 3200 et
1673 3127 1887 3199 abstinentia
1909 3143 2044 3199 tantum

466 3250 645 3347 religionis
663 3276 797 3323 nomen
825 3250 945 3349 adepti
967 3266 1072 3340 sunt,
1091 3265 1130 3322 ut
1147 3276 1168 3323 a
1183 3249 1392 3348 potentibus
1408 3249 1525 3320 saeculi
1552 3249 1610 3320 vel
1631 3247 1857 3320 saecularibus
1872 3249 1959 3319 viris
1981 3247 2043 3319 sub

466 3368 583 3466 aliqua
606 3371 746 3466 pietatis
770 3371 959 3440 occasione
981 3369 1106 3464 saepius
1122 3369 1331 3456 invitentur,
1356 3370 1457 3439 etsie
1475 3367 1654 3439 diabolico
1676 3367 1796 3437 cribro
1821 3391 1923 3438 more
1941 3366 2044 3463 palea

466 3487 643 3575 ventilati,
667 3487 712 3556 de
731 3487 880 3557 heremo
902 3501 1121 3558 renoventur
1146 3487 1182 3557 in
1204 3485 1345 3558 saeculo.
1365 3489 1435 3573 Qui
1456 3487 1576 3558 multis
1598 3485 1845 3558 adulationum
1866 3484 2045 3557 favoribus

466 3601 565 3676 dona
579 3603 730 3674 divitum
745 3619 930 3691 venantes,
943 3619 1018 3676 tam
1034 3627 1135 3676 suam
1151 3629 1260 3701 quam
1277 3605 1419 3675 illorum
1432 3604 1596 3700 jugulant
1612 3607 1762 3693 animas,
1775 3606 1865 3676 sicut
1876 3605 2044 3700 scriptum

462 3727 539 3793 est¹
558 3751 567 3793 ε
589 3751 607 3790 r<
627 3727 687 3794 Vae
706 3722 810 3794 vobis
826 3725 888 3819 qui
904 3724 1075 3795 consuitis
1092 3724 1258 3822 pulvillos
1280 3723 1347 3794 sub
1368 3725 1467 3794 omni
1490 3723 1612 3794 cubito
1634 3747 1781 3812 manus,
1806 3737 1842 3794 et
1862 3721 2045 3794 cervicalia

461 3841 528 3912 sub
545 3844 660 3940 capite
677 3845 851 3914 universae
865 3844 976 3916 aetatis
988 3843 1034 3914 ad
1051 3843 1243 3941 capiendas
1259 3844 1408 3915 animas.
1430 3871 1448 3910 n
1468 3848 1512 3914 Et
1528 3866 1670 3915 rursum
1685 3847 1697 3882 ¹
1715 3871 1723 3912 :
1745 3873 1762 3910 «
1782 3843 1916 3941 Popula
1932 3865 2041 3929 meus,

461 3962 522 4057 qui
539 3976 574 4032 te
590 3961 815 4050 beatificant,
835 3961 902 4059 ipsi
917 3977 953 4033 te
969 3962 1171 4059 decipiunt,
1195 3976 1231 4033 et
1246 3963 1322 4033 vias
1338 3985 1523 4058 gressuum
1541 3977 1686 4032 tuorum
1706 3959 1892 4059 dissipant.
1914 3989 1933 4028 n
1953 3958 2043 4046 Quid

460 4094 514 4150 est
533 4096 652 4151 autem
675 4081 841 4178 pulvillos
856 4081 1003 4171 cubitis,
1021 4082 1078 4152 vel
1094 4081 1280 4153 cervicalia
1296 4081 1472 4178 capitibus
1497 4104 1719 4178 supponere,
1738 4081 1805 4152 nisi
1825 4079 2045 4152 saecularium

461 4199 649 4271 bominum
665 4202 777 4272 vitam
792 4199 934 4272 blandis
952 4200 1178 4278 sermonibus
1195 4200 1415 4289 demulcere,
1435 4223 1545 4297 quam
1562 4223 1629 4272 nos
1653 4201 1766 4296 magis
1781 4201 1914 4298 asperis
1931 4201 2042 4270 incre·

460 4319 664 4414 pationibus
682 4319 873 4417 oportebat
888 4321 1086 4414 corrigere,
1109 4332 1146 4391 et
1162 4320 1208 4390 de
1225 4319 1376 4392 horrore
1392 4320 1505 4390 divini
1519 4319 1664 4416 judicil,
1687 4335 1723 4390 et
1743 4320 1858 4418 poenis
1876 4315 2044 4414 gehennae

384 4482 387 4490 ·
460 4437 506 4510 ad
526 4439 776 4535 poenitentiam
792 4439 957 4510 trabere?
974 4443 1139 4526 Quorum
1161 4439 1259 4512 dona
1277 4465 1390 4538 quum
1406 4440 1670 4529 sustulerimus,
1694 4465 1756 4511 eos
1772 4440 1896 4535 utique
1911 4438 1959 4509 de
1974 4435 2041 4508 sul-

450 4541 571 4653 lragio
588 4574 794 4630 nostrarum
806 4560 1011 4630 orationum
1027 4558 1268 4650 confidentes,
1287 4563 1324 4631 in
1342 4562 1413 4632 suis
1430 4560 1675 4658 iniquitatibus
1692 4560 1927 4656 relinquimus
1945 4577 2041 4629 secu·

459 4678 583 4751 riores.
606 4681 678 4766 Qui
703 4704 770 4750 nec
795 4702 837 4752 ea
861 4705 900 4751 se
923 4680 1017 4752 male
1042 4682 1233 4778 acquisisse
1253 4681 1310 4752 vel
1333 4681 1516 4779 possidere
1543 4679 1713 4770 credunt,
1742 4680 1839 4751 unde
1861 4678 2043 4775 religiosos

425 4833 428 4842 =
459 4797 555 4868 viros
572 4797 836 4896 eleemosynam
853 4816 975 4897 petere
991 4815 1156 4874 cernunt.
1176 4805 1293 4888 Quam
1308 4823 1420 4898 quum
1439 4802 1669 4898 suscipimus,
1688 4821 1903 4871 mammonae
1921 4795 2041 4894 inffat-

356 5009 359 5014 .
461 4920 541 4990 tatis
557 4921 760 5018 frequenter
774 4922 1096 4993 communicamus.
1109 4925 1163 4992 De
1174 4943 1246 5020 qua
1255 4921 1401 5018 quidem
1415 4940 1624 4992 mammona
1640 4907 1836 5016 iniquitatis
1851 4941 1871 4988 a
1889 4916 2041 4987 Domino

361 5207 374 5222 ‘
494 5191 501 5218 ¹
519 5190 620 5254 meet„
632 5208 689 5259 cap.
702 5209 760 5256 xm,
774 5211 798 5246 r.
813 5195 851 5243 18.
860 5191 913 5231 -’
924 5215 936 5236 u
945 5193 1038 5262 Popula
1048 5205 1133 5258 meus,
1147 5193 1187 5262 qui
1200 5191 1330 5245 tebestinus
1343 5191 1441 5254 dieunt,
1454 5201 1524 5244 eta·
1538 5191 1622 5256 (latia
1639 5202 1696 5256 etp.
1710 5201 1752 5250 ιιι,
1770 5205 1794 5239 ι.
1810 5185 1860 5252 rt.)
