4496 6102
731 655 775 728 ΙΝ
799 657 958 732 Natant
984 659 1141 734 bunun
1167 661 1330 734 SERMO.
1750 662 1817 734 381

231 807 271 864 ut
293 793 341 865 ait
360 791 568 891 Apostolus,
591 795 637 867 ad
650 797 847 896 perfectum
867 800 1026 894 adduxit.
1049 803 1269 903 impossibile
1290 802 1386 874 enim
1407 816 1476 891 est,
1493 802 1628 900 inquit,
1650 804 1822 901 sanguine

232 912 416 985 hircorum
427 927 489 986 aut
504 928 688 988 taurorum
704 918 841 992 auferre
852 937 1008 1020 peccata.
1027 923 1130 994 Unde
1140 925 1252 1021 Moysi
1264 928 1369 994 Josue
1383 920 1573 994 succedere
1586 947 1729 996 necesse
1741 923 1819 1012 lirit,

233 1033 315 1130 qnia
339 1032 467 1105 frustra
495 1037 725 1133 processisset
742 1036 939 1135 legislator,
961 1041 1029 1113 nisi
1047 1058 1254 1139 sequeretur
1273 1042 1439 1114 salvator.
1466 1043 1536 1128 Qui
1556 1041 1717 1140 prolecto
1740 1059 1823 1140 post

234 1151 420 1225 transitum
439 1152 602 1226 iordanis
623 1156 846 1230 introductos
867 1160 903 1231 in
920 1175 1051 1234 terram
1073 1163 1320 1261 promissionis
1344 1186 1426 1233 cum
1452 1176 1552 1258 petra
1574 1161 1818 1249 circumcidit,

192 1299 195 1304 ·
235 1271 321 1348 dum
339 1271 502 1346 videlicet
519 1300 586 1347 nos
607 1276 644 1347 in
661 1275 840 1376 baptismo
861 1297 1106 1378 regeneratos,
1126 1297 1233 1379 atque
1251 1282 1296 1354 ad
1308 1291 1476 1382 supernae
1494 1282 1691 1355 vocationis
1710 1282 1821 1354 haere·

234 1390 380 1464 ditatem
397 1393 608 1491 perductos,
629 1420 750 1469 veram
775 1397 842 1470 sibi
865 1398 970 1473 nobis
993 1402 1301 1475 circumcisionem
1319 1427 1384 1500 per
1401 1403 1630 1500 semetipsum
1656 1403 1693 1476 in
1721 1417 1821 1502 petra

235 1509 424 1609 figuratum
444 1514 584 1606 tribuit,
607 1518 665 1588 cni
686 1532 737 1590 est
755 1542 837 1590 cnm
856 1522 958 1594 Patre
983 1535 1018 1594 ct
1040 1523 1172 1622 Spiritu
1191 1537 1315 1596 sancto
1333 1521 1476 1622 aequalis
1492 1522 1623 1620 gloria,
1646 1537 1820 1595 coaeterna

235 1632 415 1729 majestas,
433 1659 497 1732 per
512 1633 650 1708 infinita
670 1636 872 1710 seculorum
886 1641 1016 1714 secula.
1035 1649 1161 1716 Amen.
1914 1633 1916 1638 Ι

692 2387 751 2481 IN
786 2386 1105 2478 EPlPHANlA
1140 2387 1363 2479 DOMINI.

931 2673 1042 2721 SERMO
1067 2675 1115 2720 lv.

282 2843 488 2943 Epiphaniae
500 2869 655 2944 praesens
670 2844 877 2940 solemnitas
891 2847 1059 2920 vocabuli·
1070 2850 1126 2920 sui
1138 2849 1393 2946 proprietatem
1405 2846 1525 2920 multis
1537 2864 1572 2921 et
1582 2850 1686 2920 variis
1697 2871 1819 2919 rerum

231 2963 418 3036 eventibus
435 2962 574 3035 mundo
588 2961 758 3036 exhibuit.
779 2964 887 3052 Quod
901 2965 997 3037 enirn
1010 2964 1241 3065 Theophanis
1258 2965 1316 3038 vel
1330 2965 1528 3065 Epiphania
1542 2991 1652 3064 graece
1669 2965 1815 3053 dicitur,

231 3078 269 3150 id
291 3081 400 3155 latine
419 3083 485 3154 Dei
507 3083 698 3182 apparitio,
719 3082 777 3156 vel
793 3085 1092 3183 super-apparitio
1110 3100 1351 3184 nuncupatur.
1372 3084 1533 3157 Salvator
1558 3087 1663 3182 igitur
1677 3083 1816 3174 mundi,

230 3200 427 3298 postillam
450 3203 654 3302 temporalis
681 3204 736 3275 sui
761 3218 860 3275 ortus
877 3204 1155 3302 apparitionem,
1177 3229 1249 3300 qua
1272 3203 1318 3276 de
1345 3219 1448 3276 utero
1472 3203 1642 3302 prodiens
1665 3203 1817 3300 Virginis

229 3346 337 3394 carne
355 3347 393 3396 se
409 3322 585 3398 visibilem
606 3323 744 3395 mundo
758 3321 925 3422 praehuit,
947 3324 1029 3395 etin
1042 3323 1214 3423 praesepio
1235 3322 1437 3421 pastoribus
1450 3325 1619 3414 innotuit,
1639 3347 1710 3395 uria
1722 3338 1818 3422 post·

231 3443 382 3516 modurn
394 3470 460 3543 per
473 3444 735 3517 revolutionem
749 3459 954 3543 temporum
968 3443 1040 3534 die,
1055 3446 1162 3542 signis
1176 3444 1396 3516 mirabilibus
1414 3469 1490 3517 sese
1503 3444 1656 3542 amplius
1676 3444 1821 3516 manile·

228 3577 322 3636 stare
339 3561 520 3636 decrevit:
543 3565 658 3662 utqui
671 3589 755 3637 curn
768 3590 812 3638 ex
825 3565 1005 3665 Scriptura
1018 3589 1094 3636 non
1108 3569 1383 3662 cognoscerent,
1399 3589 1519 3638 rerum
1533 3565 1657 3638 saltem
1670 3563 1822 3636 admira·

228 3683 328 3755 tione
348 3683 573 3756 traherentur
597 3683 643 3756 ad
665 3682 786 3758 fidem.
810 3689 952 3757 Novum
967 3686 1101 3783 quippe
1121 3684 1272 3757 coelestis
1289 3687 1380 3783 regis
1398 3700 1519 3757 ortum
1539 3686 1576 3756 in
1600 3686 1702 3757 terris
1725 3707 1819 3754 nova

227 3801 329 3873 stella
343 3803 454 3900 magis
472 3803 658 3893 revelavit,
677 3818 713 3876 et
726 3828 833 3903 super
850 3803 1067 3902 baptizatum
1086 3805 1301 3893 Dominum,
1318 3804 1416 3876 coelis
1429 3806 1575 3902 apertis,
1597 3819 1633 3876 et
1652 3803 1820 3876 columba

229 3919 267 3990 in
294 3944 377 3992 eum
400 3919 656 4007 descendente,
678 3935 714 3992 et
738 3935 890 4020 paterne
907 3945 996 3993 voce
1016 3920 1063 3991 de
1087 3919 1175 3990 Filio
1197 3919 1422 4011 testificante,
1446 3945 1521 3992 non
1543 3922 1659 3993 solum
1683 3921 1818 4019 populo

228 4042 488 4132 circumstanti,
503 4065 628 4114 verum
644 4041 752 4114 etiarn
762 4041 830 4137 ipsi
844 4039 1005 4138 Baptista
1017 4040 1144 4111 Joanni
1160 4039 1330 4138 plenarie,
1348 4055 1503 4138 quantus
1521 4055 1624 4130 esset,
1641 4042 1814 4128 innotuit,

228 4159 321 4231 sicut
346 4176 381 4232 et
408 4161 483 4260 ipse
510 4165 666 4232 loannes
692 4157 881 4257 profitetur
909 4158 1077 4244 dicensfz
1107 4187 1124 4226 u
1142 4159 1234 4247 Quia
1252 4157 1325 4229 vidi
1343 4157 1513 4257 Spiritum
1539 4157 1817 4230 descendentem

227 4283 328 4378 quas'
408 4281 554 4354 nmbam
572 4281 619 4353 de
636 4279 748 4370 coelo,
770 4294 805 4352 et
821 4279 949 4350 mansit
974 4302 1081 4376 super
1105 4304 1200 4350 eum.
1233 4282 1275 4350 tt
1299 4301 1365 4376 ego
1390 4279 1593 4351 nesciebam
1619 4303 1715 4349 eum.
1747 4278 1817 4347 Sed

229 4403 303 4498 qui'
378 4401 389 4473 i
422 4427 480 4474 me
497 4400 676 4500 baptizare
693 4401 729 4471 in
749 4423 863 4496 aqua,
883 4398 942 4471 ille
963 4397 1050 4470 mibi
1068 4400 1180 4471 dixit:
1201 4425 1219 4467 a
1235 4401 1350 4498 Super
1365 4424 1474 4497 quem
1494 4397 1625 4470 videris
1646 4397 1815 4495 Spiritum

232 4550 250 4586 α
264 4518 540 4594 descendentem
550 4535 586 4593 et
595 4535 799 4592 manentem
808 4543 916 4618 super
926 4543 1022 4609 eum,
1033 4517 1091 4589 bic
1105 4533 1158 4590 est
1169 4519 1230 4616 qui
1239 4517 1395 4617 baptizat
1406 4518 1443 4590 in
1456 4518 1587 4616 Spiritu
1602 4531 1736 4589 sancto.
1747 4545 1763 4582 υ
1774 4521 1818 4587 Et

228 4663 297 4736 ego
318 4638 408 4728 vidi,
428 4655 463 4712 et
477 4641 722 4712 testimouium
745 4636 929 4737 perhibui,
954 4639 1038 4735 quia
1055 4637 1114 4709 hic
1137 4651 1190 4709 est
1212 4635 1305 4710 filius
1328 4639 1406 4710 Dei.
1424 4639 1622 4734 »Denique
1643 4635 1814 4708 miraculo

228 4783 330 4856 aquae
357 4761 393 4832 in
418 4761 542 4832 vinum
567 4783 747 4832 conversae
765 4757 958 4830 divinitatis
978 4757 1054 4854 ejus
1076 4758 1235 4856 potentia
1256 4756 1470 4846 declaratur,
1494 4758 1583 4828 sicut
1603 4755 1816 4853 evangelista

228 4893 492 4952 commemorat
515 4879 678 4952 dicens’:
705 4883 815 4950 «Hoc
834 4878 914 4951 fecit
939 4878 1081 4949 initium
1109 4879 1292 4976 signorum
1313 4881 1393 4949 lesu
1414 4879 1449 4948 in
1470 4881 1567 4948 Cana
1588 4876 1756 4964 Galilaeae,
1782 4890 1817 4946 et

227 4999 468 5072 manifestavit
485 4999 634 5096 gloriam
653 5021 766 5072 suam.
784 5001 827 5069 Et
840 4997 1067 5071 crediderunt
1087 4999 1124 5069 in
1148 5023 1230 5070 eum
1256 4997 1420 5095 discipuli
1438 4998 1525 5093 ejus.
1546 5026 1564 5066 »
1588 5002 1690 5068 Nunc
1712 4998 1816 5094 igitur

266 5235 375 5331 ‘'Joan„
389 5285 443 5336 cap.
460 5288 482 5330 r,
497 5286 522 5320 v.
537 5273 576 5320 32.
589 5297 618 5308 -
630 5269 641 5297 ¹
653 5269 728 5336 lbid.,
741 5285 797 5338 sap.
811 5287 841 5331 u,
854 5286 878 5319 v.
895 5273 934 5318 11.
