4588 6106
902 697 1137 769 emmona.
1277 753 1278 758 a
1737 673 1804 766 ras
1913 799 1919 806 j

236 841 339 914 Unde
349 839 673 935 Matthaeus,quum
686 837 732 908 de
750 861 788 908 se
800 838 931 934 pariter
940 852 975 909 et
985 837 1117 908 caeteris
1133 835 1320 906 retulisset¹
1338 862 1345 903 :
1366 861 1384 901 a
1399 839 1496 905 Tunc
1507 832 1670 932 discipuli
1684 857 1809 906 omnes

235 962 356 1034 relicto
382 983 425 1030 eo
451 959 633 1054 fugerunt,
657 957 992 1053 »perseverantiam
1021 955 1252 1052 postmodum
1275 955 1460 1051 supposuit
1492 953 1700 1043 mulierum,
1732 977 1810 1051 quae

235 1083 303 1180 ipsi
315 1081 419 1152 etiam
433 1069 786 1175 crucifixo'quantum
805 1076 1074 1174 permittebatur
1093 1073 1310 1147 assistebant.
1335 1103 1352 1142 r
1369 1079 1498 1164 Erant,
1519 1103 1536 1142 u
1552 1075 1704 1172 inquit¹,
1728 1105 1745 1142 ιι
1760 1075 1809 1145 ibi

237 1201 399 1273 mulieres
413 1199 532 1271 multae
549 1197 708 1294 alonge,
725 1221 803 1293 quae
821 1212 948 1268 secutae
966 1197 1104 1268 fuerant
1117 1201 1236 1268 lesum
1253 1220 1274 1266 a
1292 1195 1453 1285 Galilaea,
1475 1197 1711 1268 ministrantes
1730 1198 1774 1267 ei.
1790 1225 1806 1262 >r

236 1322 332 1405 Quas
356 1319 511 1415 denique
536 1317 646 1414 ipsius
664 1340 808 1413 quoque
826 1315 988 1414 sepulcro
1016 1314 1244 1386 immobiliter
1265 1315 1484 1386 adhaerentes
1504 1315 1600 1386 idern
1625 1316 1811 1412 diligenter

237 1437 448 1534 evangelista
466 1435 649 1524 describit,
665 1435 786 1506 dicens
803 1437 837 1504 ⁸:
858 1463 876 1502 u
894 1439 1003 1505 Erant
1019 1448 1137 1506 autem
1156 1435 1264 1506 Maria
1282 1433 1503 1530 Magdalene,
1530 1434 1685 1506 etaltera
1703 1437 1811 1506 Maria

237 1555 399 1627 sedentes
428 1569 552 1626 contra
577 1553 792 1653 sepulcrum.
813 1557 904 1624 »De
928 1552 1056 1650 quibus
1075 1554 1179 1626 etiam
1199 1551 1405 1624 mulieribus
1430 1557 1569 1624 Marcus
1593 1577 1812 1625 commemo-
1900 1619 1902 1622 ,

237 1698 317 1746 rans
347 1673 420 1744 ait‘
440 1701 447 1742 :
469 1675 613 1744 «Erant
637 1686 756 1742 autem
781 1687 815 1742 et
839 1671 1004 1744 mulieres
1038 1671 1084 1744 de
1117 1671 1221 1768 longe
1250 1673 1474 1770 aspicientes,
1499 1673 1591 1743 inter
1623 1697 1711 1768 quas
1737 1690 1811 1745 erat

237 1790 461 1888 Magdalene,
477 1805 513 1862 et
525 1791 634 1862 Maria
652 1787 773 1862 iacobi
790 1790 956 1879 minoris,
977 1806 1014 1861 et
1029 1789 1159 1888 loseph
1177 1805 1300 1879 mater,
1318 1790 1515 1863 etSalome.
1538 1794 1581 1860 Et
1597 1815 1707 1887 quum
1723 1807 1813 1861 esset

238 1912 274 1982 in
293 1911 425 1984 Galilea
437 1910 677 2008 sequebantur
689 1933 792 1999 eum,
808 1925 843 1980 et
858 1908 1103 1980 ministrabant
1120 1911 1169 1998 ei,
1185 1924 1220 1980 et
1237 1909 1312 1980 aliae
1323 1909 1442 1982 multae
1458 1934 1536 2006 quae
1554 1908 1658 1980 simul
1671 1932 1753 1979 cum
1768 1934 1811 1980 eo

237 2032 470 2103 ascenderant
487 2031 782 2125 Hierosolymam.
807 2057 825 2098 u
845 2031 987 2102 Stetisse
1004 2045 1123 2102 autem
1133 2029 1232 2124 juxta
1245 2055 1407 2120 crucem,
1428 2046 1463 2102 et
1475 2029 1643 2102 crucilixo
1657 2054 1694 2101 se
1708 2031 1812 2101 etiam

239 2151 387 2222 astitisse
416 2153 590 2239 loannes,
606 2150 668 2245 qui
698 2149 796 2246 prius
826 2148 1024 2244 aufugerat,
1045 2163 1183 2238 narrat3
1201 2147 1264 2220 scd
1294 2150 1592 2246 perseverantiam
1614 2149 1816 2245 praemittit³

239 2269 446 2358 mulierum,
466 2271 566 2367 quasi
584 2293 706 2342 earum
725 2268 888 2366 exemplo
908 2269 1082 2340 animatus
1099 2283 1190 2340 esset
1207 2292 1248 2342 ac
1266 2284 1463 2341 revocatus.
1486 2297 1503 2335 a
1521 2268 1688 2356 Stabant,
1705 2296 1722 2336 »
1754 2270 1813 2339 in-

239 2388 314 2483 quit
325 2391 347 2475 ⁸,
371 2419 388 2456 u
406 2389 506 2484 juxta
523 2413 666 2460 crucem
687 2391 769 2460 lesu
793 2402 905 2468 mater
922 2387 1014 2482 ejus,
1036 2402 1071 2458 et
1088 2412 1191 2458 soror
1209 2388 1330 2458 matris
1348 2388 1424 2482 ejus
1447 2389 1555 2459 Maria
1572 2386 1757 2485 Cleophae,
1779 2402 1814 2457 et

239 2508 346 2578 Maria
358 2507 575 2603 Magdalene.
586 2511 707 2594 Quum
716 2506 859 2578 vidisset
870 2531 955 2602 ergo
965 2511 1064 2578 lesus
1077 2520 1227 2577 matrem
1240 2560 1248 2595 ,
1262 2520 1298 2578 et
1306 2505 1520 2603 discipulum
1530 2520 1699 2594 stantem,
1712 2518 1778 2576 etc.
1794 2535 1811 2572 a

240 2630 336 2698 Hanc
349 2641 469 2714 autem
487 2642 689 2698 sanctarum
706 2626 941 2698 constantiam
963 2625 1168 2716 mulierum,
1188 2640 1224 2696 et
1242 2625 1498 2724 discipulorum
1515 2625 1692 2696 defectum
1710 2625 1815 2721 longe

240 2759 320 2816 ante
332 2745 456 2818 beatus
470 2746 538 2818 Job
549 2748 587 2817 in
600 2769 754 2844 persona
764 2746 909 2816 Domini
923 2745 1149 2843 prophetavit
1159 2747 1181 2835 ⁷,
1193 2743 1336 2816 dicens⁸
1351 2773 1358 2816 :
1377 2775 1395 2814 u
1409 2745 1494 2817 Pelli
1503 2770 1590 2818 meae
1597 2745 1816 2843 consumptis

239 2862 403 2936 carnibus
425 2864 571 2936 adhaesit
595 2887 638 2934 os
662 2887 804 2952 meum,
825 2878 860 2934 et
878 2862 1044 2934 derelicta
1072 2877 1156 2934 sunt
1177 2862 1427 2934 tantummodo
1455 2862 1548 2934 labia
1576 2865 1668 2934 circa
1693 2862 1816 2934 dentes

239 3006 353 3054 meos.
381 3011 399 3050 u
421 2987 462 3054 ln
480 3007 560 3054 osse
577 2984 727 3080 quippe,
748 2982 848 3078 quod
866 3005 1009 3052 carnem
1032 2997 1067 3054 et
1087 2982 1217 3080 pellem
1241 2995 1413 3053 sustentat
1432 2996 1468 3052 et
1491 2995 1622 3078 gestat,
1646 2980 1816 3053 fortitudo

240 3114 293 3170 cst
306 3101 478 3197 corporis.
488 3105 528 3170 ln
538 3125 687 3197 corpore
701 3100 806 3196 igitur
816 3099 964 3187 Christi,
980 3099 1079 3197 quod
1093 3115 1146 3170 est
1159 3099 1332 3188 Ecclesia,
1349 3124 1390 3170 os
1401 3100 1509 3197 ipsius
1524 3099 1611 3170 dixit
1620 3099 1816 3170 christiana

240 3215 324 3290 fidei
342 3217 466 3290 stabile
483 3217 772 3307 fundamentum,
792 3217 866 3288 sive
884 3195 1001 3288 servor
1021 3217 1080 3288 ille
1093 3218 1290 3302 charitatis,
1316 3216 1362 3288 de
1381 3242 1455 3313 quo
1473 3219 1654 3289 canitur⁸2
1674 3247 1693 3286 r
1711 3222 1816 3314 Aquae

241 3336 359 3406 multae
371 3361 444 3407 non
459 3351 629 3436 poterunt
642 3338 846 3432 extinguere
863 3335 1083 3406 charitatem.
1099 3363 1117 3402 »
1135 3340 1189 3407 De
1202 3361 1275 3432 quo
1292 3351 1328 3408 et
1341 3339 1530 3434 Apostolus
1540 3341 1560 3377 ¹⁰
1576 3365 1583 3408 :
1605 3339 1782 3427 «Omnia,
1797 3368 1814 3405 »

241 3453 370 3548 iuquit,
394 3483 411 3522 u
435 3454 573 3542 sullert,
589 3454 711 3524 omnia
729 3452 861 3541 credit,
882 3453 1005 3524 omnia
1022 3467 1159 3552 sperat,
1176 3455 1297 3524 omnia
1320 3455 1480 3526 sustinet.
1498 3481 1516 3520 u
1530 3458 1622 3526 Caro
1638 3469 1756 3528 autem
1780 3456 1816 3526 in

241 3597 392 3671 corpore
404 3599 487 3671 pars
509 3575 657 3646 interior
670 3589 741 3662 est,
763 3589 798 3644 et
818 3573 919 3670 pellis
941 3574 1104 3645 exterior.
1128 3573 1287 3672 Apostoli
1305 3598 1390 3670 ergo
1410 3575 1569 3646 interiori
1591 3577 1718 3646 animae
1737 3574 1816 3646 cibo

240 3692 467 3788 praedicando
480 3694 724 3784 intendentes,
741 3707 778 3766 et
789 3693 955 3765 mulieres
969 3695 1130 3792 corporis
1141 3697 1336 3766 necessaria
1348 3711 1598 3793 procurantes,
1613 3697 1711 3768 carni
1721 3721 1818 3768 com-

241 3829 410 3910 parantur
425 3829 461 3886 et
473 3814 568 3912 pelli.
590 3818 710 3901 Quum
731 3815 850 3912 itaque
864 3837 988 3886 carnes
1005 3830 1311 3906 consumerentur,
1332 3841 1375 3887 os
1391 3817 1520 3888 Christi
1542 3816 1688 3888 adhaesit
1706 3817 1790 3914 pelli
1806 3847 1814 3906 ;

241 3932 324 4029 quia
337 3933 580 4006 scandalizatis
599 3934 636 4006 in
663 3935 827 4032 passione
851 3934 997 4004 Domini
1010 3933 1199 4031 apostolis,
1219 3949 1255 4004 et
1272 3933 1317 4005 de
1340 3949 1454 4006 morte
1472 3935 1582 4031 ipsius
1599 3935 1814 4034 desperatis,
1894 4017 1896 4021 ,
2000 4013 2001 4016 ,

241 4066 444 4124 sanctarum
475 4052 620 4124 devotio
642 4053 853 4124 feminarum
873 4053 1022 4150 perstitit
1054 4053 1265 4142 immobilis,
1287 4069 1322 4124 et
1348 4053 1394 4124 ab
1415 4077 1495 4125 osse
1517 4054 1647 4126 Christi
1671 4057 1817 4128 minime

241 4173 406 4260 recessit3
428 4173 511 4269 quia
532 4171 635 4260 lidei,
656 4171 712 4243 vel
737 4171 831 4270 spei,
852 4170 908 4244 vel
927 4171 1105 4244 charitatis
1123 4171 1358 4242 constantiam
1383 4175 1561 4244 intantum
1587 4175 1751 4263 retinuit,
1779 4193 1818 4246 ut

241 4315 342 4362 neca
360 4306 503 4364 mortuo
525 4307 644 4364 mente
670 4291 957 4388 disjungerentur
977 4306 1039 4362 aut
1065 4315 1227 4390 corpore.
1252 4293 1342 4362 Sunt
1359 4307 1395 4362 et
1411 4292 1478 4362 viri
1496 4291 1700 4364 naturaliter
1709 4296 1727 4330 ¹¹
1744 4307 1815 4364 tarn

242 4424 362 4482 mente
372 4434 482 4507 quam
496 4433 649 4506 corpore
666 4409 806 4481 leminis
824 4408 999 4481 fortiores.
1017 4407 1121 4482 Unde
1139 4423 1176 4480 et
1187 4409 1314 4480 merito
1325 4433 1391 4506 per
1404 4431 1564 4498 carnem,
1581 4433 1660 4505 quae
1670 4410 1819 4480 vicinior

241 4543 293 4600 est
310 4529 398 4618 ossi,
420 4527 527 4600 virilis
545 4542 693 4616 natura3
713 4551 778 4624 per
790 4525 920 4624 pellem
939 4526 1121 4600 muliebris
1138 4525 1322 4598 infirmitas
1345 4526 1560 4623 designatur.
1583 4528 1653 4624 lpsi
1674 4551 1819 4624 quoque

242 4648 415 4747 apostoli,
440 4671 596 4744 quorum
614 4661 667 4718 est
683 4643 980 4743 reprehendendo
1013 4645 1131 4744 lapsus
1152 4645 1303 4718 aliorum
1323 4645 1506 4735 mordere,
1528 4645 1652 4716 dentes
1673 4647 1819 4718 Domini

243 4767 422 4840 dicuntur.
435 4765 573 4852 Quibus
587 4762 837 4836 tantummodo
847 4764 952 4852 labia,
962 4763 1001 4834 id
1010 4763 1190 4855 estverba,
1207 4765 1326 4862 potius
1339 4787 1446 4861 quam
1459 4764 1549 4836 facta
1562 4783 1816 4857 remanserant,

242 4911 354 4985 quum
385 4887 460 4982 jam
491 4884 667 4982 desperati
692 4883 738 4956 de
760 4883 901 4956 Christo
928 4885 1038 4980 magis
1063 4883 1306 4981 loquerentur,
1336 4907 1444 4982 quam
1469 4907 1535 4981 pro
1568 4883 1708 4956 Christo
1730 4888 1818 4984 quid

275 5111 283 5140 ¹
298 5109 397 5170 narn..
415 5124 470 5175 cap.
485 5125 560 5170 rau,
581 5124 604 5160 r.
626 5109 667 5158 56.
683 5135 713 5144 -
730 5105 740 5134 ¹
757 5105 831 5170 lbid.,
851 5123 907 5174 cap.
929 5123 1014 5170 xxm,
1047 5106 1192 5168 'Prodicit
1204 5106 1411 5167 aus-⁸100,
1425 5123 1481 5174 cap.
1493 5125 1549 5169 ιιι,
1562 5124 1585 5158 r.
1597 5108 1702 5159 20.·-⁰
1714 5111 1818 5170 Contio„

243 5211 257 5246 v
275 5197 356 5246 ta-
367 5191 468 5256 tibia,
478 5209 503 5243 v.
515 5196 557 5242 61.
567 5218 601 5231 -
612 5191 623 5218 ⁴
634 5193 722 5254 tlara,
734 5206 790 5258 cap.
801 5207 844 5254 xv,
855 5207 879 5241 r.
891 5191 922 5240 to
934 5201 959 5241 at
972 5193 1013 5242 tt.
1046 5206 1102 5259 cap.
1121 5209 1176 5252 uu,
1194 5208 1216 5240 v.
1236 5195 1263 5243 7.
1280 5219 1307 5228 -
1320 5191 1343 5218 ⁴⁰
1356 5192 1465 5242 Corinth.
1478 5193 1503 5252 1,
1518 5207 1574 5259 cap.
1588 5208 1644 5255 xm,
1656 5209 1678 5244 v.
1690 5195 1715 5244 l.
1728 5219 1755 5230 -
1767 5195 1818 5244 “A

244 5279 479 5341 -⁸11'rmmsrrctt
494 5276 567 5327 RES.
576 5299 609 5314 -
619 5274 629 5302 ‘
639 5275 722 5338 loam,
740 5290 794 5341 cap.
815 5291 872 5338 ιιι,
891 5291 915 5324 v.
928 5277 970 5327 25.
984 5301 1015 5312 -
1047 5287 1137 5326 notura
1152 5275 1223 5325 RES.
