4496 6102
700 704 753 802 ⁴uv
779 702 937 777 ulrlu
965 702 1121 780 norum
1140 693 1308 776 'sunno
1736 703 1800 776 36⁴

223 842 260 914 in
272 844 453 940 Virginem
467 841 595 942 pluviae
608 869 670 917 seu
682 844 865 917 stillicidiis
880 847 990 943 magis
1001 872 1111 946 quam
1124 847 1197 918 rori
1212 844 1393 916 Psalmista
1404 842 1636 940 comparavit.
1651 847 1808 916 Omnem

223 964 373 1063 quippe,
401 979 440 1035 ut
461 963 634 1055 diximus,
662 981 735 1038 tarn
749 965 884 1063 judaici
904 991 1013 1063 quam
1033 966 1171 1064 gentilis
1193 964 1318 1064 populi
1339 963 1486 1062 gran'am
1507 986 1549 1034 ea
1568 963 1805 1053 transcendit,

222 1107 301 1179 quae
316 1087 419 1156 matri
436 1083 581 1154 Domini
599 1084 725 1158 collata
744 1099 820 1176 est,
842 1098 877 1156 et
895 1085 970 1181 ejus
991 1085 1105 1177 dona,
1130 1109 1209 1183 quae
1222 1084 1323 1182 quasi
1337 1097 1430 1155 terra
1442 1080 1615 1154 stillicidia
1635 1085 1804 1182 suscepit,

223 1205 356 1276 ceteris
367 1202 473 1275 donis
484 1204 589 1302 longe
603 1220 686 1278 sunt
698 1206 944 1277 eminentiora.
960 1205 1081 1278 Velius
1100 1230 1213 1303 quum
1225 1205 1269 1276 sit
1285 1202 1331 1274 de
1343 1226 1513 1300 corpore,
1529 1204 1645 1274 carnis
1658 1202 1807 1275 infirmi-

225 1338 331 1396 tatem
345 1348 388 1395 ex
407 1322 530 1404 laesura
546 1348 621 1395 non
639 1327 745 1398 sentit
762 1326 798 1396 in
811 1323 954 1416 dolore,
969 1340 1004 1397 et
1015 1325 1061 1397 ab
1073 1326 1173 1396 omni
1186 1346 1361 1422 corporeo
1378 1346 1484 1393 sensu
1497 1321 1638 1420 penitus
1651 1322 1807 1395 alienum

223 1445 455 1541 estEtVirgo
466 1445 642 1542 virginum
654 1471 766 1543 quum
775 1447 811 1516 in
824 1443 1028 1519 infirmitate
1039 1445 1189 1529 carnalis
1199 1442 1495 1542 concupiscentiae
1505 1459 1677 1544 concepta
1688 1445 1806 1534 fuerit,

224 1577 263 1634 ut
280 1565 398 1635 caeteri
414 1563 598 1656 homines,
615 1565 709 1638 hanc
729 1581 849 1638 tamen
869 1567 1012 1666 penitus
1024 1565 1267 1638 infirmitatem
1281 1566 1359 1664 ipsa
1371 1588 1556 1661 nunquam
1576 1588 1618 1635 ex
1632 1589 1807 1637 consensu

223 1683 367 1780 pertulit
382 1685 421 1756 in
446 1701 586 1775 mente,
612 1711 679 1758 nec
702 1687 813 1758 ullum
833 1686 1006 1760 illecebrae
1027 1687 1177 1759 carnalis
1194 1700 1365 1760 attactum
1389 1698 1532 1784 experta
1555 1699 1609 1756 est
1630 1686 1668 1755 in
1685 1709 1804 1758 came.

224 1802 328 1875 Unde
346 1804 477 1876 factum
497 1821 568 1896 est,
593 1821 633 1877 ut
650 1807 699 1879 sic
722 1806 768 1879 de
786 1831 893 1880 carne
908 1823 987 1879 orta
1007 1823 1119 1894 esset,
1137 1822 1176 1878 ut
1194 1806 1277 1878 vitia
1299 1804 1414 1878 carnis
1433 1803 1632 1901 ignoraret,
1653 1818 1688 1877 ct
1701 1805 1751 1876 sic
1764 1803 1810 1877 de

223 1947 330 1996 carue
344 1938 448 2015 esset,
465 1925 567 2021 quasi
577 1949 660 1997 caro
676 1950 750 1997 non
770 1941 880 2017 esset,
898 1941 933 1998 et
951 1942 1122 2024 tanquam
1138 1919 1280 1998 mbrtua
1298 1925 1336 1996 in
1350 1948 1476 2014 came,
1493 1938 1528 1995 et
1545 1937 1620 1995 tota
1637 1924 1759 1996 vivens
1772 1923 1809 1995 in

223 2043 368 2140 spiritu,
385 2043 582 2116 camalium
596 2069 784 2135 sensuum,
802 2047 865 2143 qui
882 2047 1036 2118 maxime
1051 2047 1087 2118 in
1105 2044 1395 2144 concupiscentia
1407 2043 1523 2115 carnis
1536 2043 1672 2140 vigent,
1690 2041 1811 2115 oblec-

224 2163 395 2236 tationem
405 2165 569 2237 nesciret.
587 2165 691 2237 Unde
705 2167 833 2237 merito
851 2167 966 2266 ipsam
980 2193 1051 2265 prm
1067 2166 1201 2239 caeteris
1214 2164 1365 2237 coelestis
1379 2165 1470 2261 regis
1484 2161 1576 2234 lilius
1594 2165 1696 2260 quasi
1713 2163 1810 2262 pala-

222 2284 313 2355 tium
327 2309 398 2356 suae
415 2284 629 2357 habitationi
649 2311 866 2384 congruum,
886 2286 986 2384 quod
1005 2300 1087 2359 ante
1110 2311 1184 2359 non
1202 2286 1406 2374 invenerat,
1422 2282 1570 2383 adipisci
1583 2285 1721 2380 gavisus
1739 2299 1809 2372 est,

222 2417 258 2474 ct
283 2405 321 2475 in
345 2405 422 2502 ipsa
446 2407 548 2503 quasi
574 2405 695 2504 pluvia
715 2407 753 2477 in
777 2407 891 2479 vellus
914 2432 936 2479 a
960 2407 1123 2506 supernis
1148 2404 1291 2505 placido
1313 2403 1499 2476 descendit
1524 2402 1663 2503 illapsu.
1692 2403 1814 2475 Pluvia

222 2526 357 2624 quippe
370 2525 407 2596 in
426 2525 538 2598 vellus
553 2528 719 2618 veniens,
741 2529 860 2626 ipsum
876 2529 925 2601 ita
943 2527 1096 2600 inundat
1117 2543 1153 2599 et
1172 2525 1303 2615 abluit,
1326 2540 1365 2598 ut
1385 2524 1485 2596 nullo
1504 2526 1537 2598 ei
1554 2550 1661 2598 sensu
1678 2527 1813 2625 passio·

222 2667 308 2716 nem
327 2645 489 2743 ingerat:
515 2661 551 2718 et
572 2647 660 2718 dum
679 2646 724 2718 ab
747 2672 791 2719 eo
810 2672 885 2719 non
904 2649 1066 2738 sentitur,
1089 2648 1139 2719 sic
1159 2648 1196 2718 in
1222 2671 1266 2718 ec
1283 2660 1335 2717 est
1353 2645 1454 2744 quasi
1468 2668 1543 2716 non
1558 2645 1613 2716 sit.
1635 2648 1687 2717 Ita
1704 2660 1741 2716 et
1755 2671 1813 2717 su·

221 2789 335 2863 perna
348 2767 535 2865 sapientia,
560 2767 663 2863 cujus
675 2767 822 2840 haustus
839 2793 938 2865 aquae
955 2783 1196 2868 comparatur,
1213 2766 1314 2863 juxta
1327 2763 1454 2836 illud¹:
1476 2794 1494 2833 r
1516 2770 1616 2861 Aqua
1634 2766 1814 2862 sapientiae

220 2885 360 2981 potavit
377 2909 439 2956 cos
462 2887 659 2978 Dominus,
679 2887 861 2984 »quiade
881 2887 1105 2986 plenitudine
1130 2886 1205 2988 ejus
1227 2909 1354 2957 omnes
1373 2884 1593 2982 accepimus,
1615 2897 1655 2955 ut
1672 2883 1719 2956 de
1740 2886 1814 2955 Vir·

221 3003 304 3099 gine
326 3027 470 3076 carnem
488 3007 680 3105 acciperet,
701 3007 778 3106 ipso
803 3032 869 3079 suo
888 3006 1061 3080 descensu
1080 3007 1198 3104 gratiae
1220 3029 1292 3077 suae
1314 3003 1419 3077 donis
1445 3027 1525 3074 eam
1547 3001 1745 3101 irrigando,
1767 3001 1813 3075 ab

221 3123 324 3194 omni
336 3122 500 3196 humanae
513 3125 727 3198 infirmitatis
740 3127 906 3225 contagio
925 3125 1138 3216 mundavit’,
1153 3139 1188 3198 et
1206 3123 1342 3196 nullam
1360 3123 1393 3194 ei
1409 3123 1615 3222 passionem
1627 3123 1743 3194 carnis
1758 3123 1814 3194 vel

220 3244 261 3314 in
272 3258 449 3342 conceptu
459 3244 515 3315 vel
525 3269 568 3316 ex
579 3261 682 3343 partu
701 3244 837 3336 attulit3
854 3261 889 3318 et
906 3245 992 3318 dum
1007 3270 1087 3318 eam
1103 3258 1175 3315 tam
1187 3259 1269 3316 ante
1282 3257 1445 3342 partum,
1459 3265 1569 3340 quam
1579 3255 1661 3339 post
1670 3256 1814 3342 partum

219 3364 404 3460 Virginem
418 3367 654 3458 consecravit,
674 3367 774 3438 sicin
788 3391 830 3439 ca
844 3366 920 3458 luit,
938 3366 1040 3465 quasi
1058 3389 1133 3437 non
1152 3364 1257 3436 fuerit
1274 3391 1281 3435 :
1297 3378 1333 3435 et
1344 3363 1396 3435 sic
1404 3361 1485 3462 ipsa
1497 3361 1641 3460 gravida
1658 3363 1747 3434 facta
1762 3379 1816 3434 est

219 3487 324 3582 quasi
342 3486 487 3584 gravida
504 3513 580 3561 non
597 3505 710 3581 esset,
727 3515 839 3588 quum
855 3490 995 3563 nullum
1008 3487 1093 3561 inde
1106 3488 1280 3588 passionis
1298 3510 1489 3586 gravamen
1507 3487 1714 3559 incurreret.
1737 3485 1817 3556 Stil·

219 3603 341 3677 licidia
362 3621 483 3678 autern
510 3607 639 3707 pluviae
665 3625 796 3682 terram
814 3635 924 3709 quam
945 3608 1139 3699 inebriant,
1161 3608 1208 3680 ab
1231 3606 1393 3680 ariditate
1415 3607 1532 3679 suain
1548 3605 1816 3678 foecunditatem

218 3739 448 3798 convertunt.
471 3731 513 3798 Et
539 3729 682 3828 spiritus
701 3731 755 3802 sui
774 3729 879 3802 donis
901 3731 949 3802 ita
967 3753 1046 3801 eam
1063 3726 1156 3799 filius
1176 3727 1243 3799 Dei
1261 3725 1427 3826 replevit,
1443 3741 1483 3799 ut
1499 3750 1575 3797 non
1600 3725 1718 3798 solum
1739 3725 1816 3818 ipsa

125 3919 129 3926 ,
220 3845 342 3915 Deum
354 3844 528 3944 pariendo
542 3847 697 3920 fructum
706 3849 864 3942 afferret,
875 3848 1109 3921 verumetiam
1126 3844 1291 3918 fidelibus
1305 3845 1474 3919 omnihus
1487 3847 1606 3945 ipsum
1619 3845 1815 3936 conferret,

219 3987 303 4059 quae
317 3963 468 4038 salutem
480 3969 645 4041 omnium
657 3969 795 4042 mundo
813 3969 962 4069 peperit.

272 4087 356 4155 Haec
372 4085 433 4158 illa
451 4102 505 4159 est
525 4087 687 4165 fidelium
716 4091 881 4161 omnium
903 4104 997 4163 terra
1020 4086 1244 4177 communis,
1270 4101 1306 4158 et
1333 4111 1415 4183 ager
1439 4085 1630 4185 specialis¹,
1656 4084 1758 4180 eujus
1784 4101 1820 4158 et

217 4203 375 4300 Spiritus
400 4220 543 4278 sanctus
564 4208 733 4302 colonus,
755 4224 791 4282 et
809 4207 970 4281 Verbum
987 4210 1055 4280 Dei
1075 4231 1197 4280 semen
1216 4205 1339 4278 extitit.
1359 4204 1468 4293 Quod
1485 4205 1596 4277 etiam
1611 4227 1720 4303 supra
1745 4228 1820 4276 me·

218 4337 383 4396 moratus
398 4326 575 4425 propheta
594 4355 659 4428 per
679 4331 843 4428 spiritum
861 4327 1075 4429 previdens,
1098 4326 1145 4400 ad
1163 4325 1378 4424 singularem
1395 4349 1519 4398 secum
1539 4322 1815 4416 exultationem,

215 4457 259 4515 et
272 4443 400 4518 divinae
417 4447 533 4521 laudis
551 4451 835 4544 confessionem,
866 4475 994 4523 omnes
1016 4451 1149 4549 pariter
1175 4447 1346 4523 admonet
1376 4445 1543 4518 dicens‘:
1570 4475 1588 4514 u
1608 4443 1819 4516 confitean-

216 4579 283 4637 tur
310 4566 374 4639 tibi
396 4569 540 4670 populi,
575 4575 690 4663 Deus,
715 4571 954 4645 confiteantur
983 4570 1046 4642 tibi
1073 4568 1205 4670 populi¹
1223 4592 1350 4641 omncs
1375 4596 1384 4639 ι
1412 4582 1506 4639 terra
1539 4564 1639 4638 dedit
1665 4564 1819 4638 fructum

214 4709 343 4757 suum.
361 4715 379 4755 u
399 4689 507 4776 Quod
525 4691 672 4788 quidem
692 4693 723 4764 si
740 4692 820 4790 quis
835 4690 882 4764 de
908 4705 1055 4768 terrenae
1071 4690 1197 4788 segetis
1216 4687 1331 4761 fructu
1346 4685 1516 4786 accipiat,
1539 4684 1628 4784 quid
1641 4683 1687 4756 ad
1704 4686 1819 4758 David

213 4806 291 4877 ista
307 4807 507 4883 exhortatio
529 4811 662 4906 laudis,
678 4815 781 4911 quasi
795 4815 832 4887 in
847 4812 973 4885 diebus
987 4812 1063 4909 ejus
1084 4826 1178 4884 terra
1192 4811 1365 4909 inciperet
1375 4805 1606 4894 huctilicare,
1622 4805 1679 4879 vel
1698 4806 1820 4906 copio-

212 4927 357 4998 siorem
370 4927 525 5002 fructum
539 4931 687 5006 afferre?
707 4939 803 5007 isaac
821 4934 1033 5024 seminasse,
1052 4947 1089 5004 et
1098 4931 1306 5030 centuplum
1319 4927 1502 5027 collegisse
1514 4943 1686 5026 tanquam
1704 4927 1740 4998 in
1759 4926 1820 5000 ad·

213 5047 453 5123 mirationem
473 5051 585 5126 divini
599 5054 762 5130 beneficii
781 5055 943 5128 meminit
954 5055 1152 5154 Scriptura,
1168 5051 1232 5125 sed
1250 5049 1387 5124 nullam
1404 5047 1489 5122 iude
1501 5049 1694 5148 gratiarum
1710 5047 1820 5122 actio·

254 5320 265 5346 ⁸
293 5320 382 5382 ΜΖ,
395 5337 453 5390 cap.
465 5339 505 5388 xv,
515 5341 540 5377 v.
554 5329 578 5380 t.
592 5355 618 5364 -
632 5327 641 5354 ¹
654 5328 703 5380 tls.
718 5329 783 5379 Eine.
793 5357 809 5367 -
821 5329 948 5380 inundavit
961 5327 1007 5380 Ed.
1021 5326 1093 5380 Anu.
1105 5326 1158 5368 -⁸
1172 5325 1249 5379 Aliter
1258 5326 1399 5390 mictualis.
1408 5321 1461 5362 ·-⁴
1472 5319 1562 5372 Psalm.
1577 5335 1647 5382 mr,
1658 5321 1722 5468 rig.
1732 5320 1758 5370 7.

351 5425 363 5474 1
