4600 6098
835 925 1154 1029 EPISTOLA
1192 927 1279 1052 tv,

641 1195 716 1256 QUAE
740 1195 798 1244 est
822 1191 1032 1243 RESCRIPTUM
1057 1194 1224 1246 uututssAE
1248 1195 1291 1241 At)
1315 1194 1462 1242 PBTRUM.

878 1431 1143 1510 mouuarrun.

266 1581 344 1634 Plena
362 1582 513 1651 planctibus
532 1595 558 1634 et
575 1580 713 1634 doloribus
724 1592 762 1633 est
775 1581 895 1652 epistola.
910 1581 1012 1652 Plangit
1025 1582 1095 1634 euim
1109 1581 1226 1636 Heloissa
1238 1593 1263 1634 et
1276 1597 1369 1646 suam,
1383 1592 1408 1632 et
1421 1581 1611 1633 monacharum
1628 1595 1749 1642 suarum,
1771 1591 1847 1648 atque

299 1661 379 1732 ipsius
390 1659 522 1718 abelardi
534 1661 655 1714 miseram
667 1659 863 1726 conditionem,
877 1675 983 1732 accepta
994 1663 1115 1733 planctus
1125 1661 1262 1714 occasione
1270 1679 1302 1714 ex
1310 1673 1441 1732 postrema
1449 1658 1619 1732 procedentis
1631 1657 1745 1728 epistola
1756 1672 1846 1728 parte,

299 1741 345 1791 ubi
352 1738 385 1793 de
392 1759 439 1792 sua
451 1759 483 1792 ex
496 1741 545 1793 bac
557 1740 610 1792 vita
623 1739 777 1810 migratione
789 1741 908 1811 meminit
917 1739 1078 1793 Abselardus.
1091 1741 1182 1793 Multis
1194 1741 1276 1793 utitur
1287 1741 1435 1805 affectibus,
1445 1739 1539 1810 quibus
1547 1739 1671 1790 lectorem
1683 1734 1718 1788 ad
1729 1755 1847 1808 compas-

298 1819 399 1872 sionem
410 1836 517 1872 auarum
529 1831 554 1872 et
565 1818 698 1872 abelardi
709 1831 816 1884 uroret,
826 1833 856 1872 ut
867 1821 937 1872 sorte
945 1821 1027 1873 edam
1038 1822 1167 1893 lacrymas
1185 1819 1308 1874 excutiat.
1326 1821 1429 1891 Plaugit
1443 1831 1469 1872 et
1481 1819 1562 1890 ipsius
1580 1813 1711 1870 Abalardi
1731 1815 1845 1886 plagam,

299 1899 384 1952 Multa
394 1900 472 1954 etiam
484 1899 518 1952 de
531 1899 594 1969 ipsis
604 1899 633 1951 iu
646 1917 757 1970 corpore
771 1898 921 1955 carnalibus
932 1897 1067 1952 desideriis
1084 1899 1325 1966 inardescentibus,
1344 1917 1402 1970 quae
1421 1894 1563 1967 aliquando
1586 1914 1646 1949 cum
1665 1894 1722 1966 ipso
1741 1911 1847 1966 experta

301 1979 385 2029 luerat
398 1976 535 2030 abalardo
543 2018 551 2045 ,
566 1978 744 2048 conqueritur.
760 1977 875 2031 Proinde
890 1979 1044 2031 exteriorem
1059 1991 1084 2030 et
1095 1992 1212 2050 apertam
1225 1979 1378 2050 religionem
1395 1995 1468 2030 suam
1480 1995 1535 2028 nou
1550 1976 1694 2046 incongrue
1705 1987 1847 2041 extenuat,

299 2073 331 2107 ac
341 2057 413 2109 illam
424 2057 583 2111 simulationi
595 2058 684 2129 potius
695 2073 775 2126 quam
788 2057 879 2128 pietati
890 2059 1013 2124 ascribit3
1027 2075 1054 2109 ee
1068 2057 1194 2132 abelardi
1207 2058 1250 2115 sei
1261 2057 1429 2113 emtionibus
1443 2057 1529 2129 juvari
1544 2056 1673 2127 postulat,
1694 2067 1770 2122 atque
1790 2073 1847 2109 saar

300 2132 390 2188 laudes
400 2136 534 2190 humiliter
546 2137 639 2210 rejicit.
1857 2151 1861 2158 ⁴

669 2280 762 2340 Urna
774 2285 907 2358 monost
922 2245 1079 2342 canum
1093 2279 1447 2344 carcassonensem.

310 2429 430 2517 Miror,
455 2431 559 2501 unice
586 2454 710 2517 meus,
743 2427 839 2526 quod
867 2445 994 2526 praeter
1018 2404 1317 2501 consuetudinem
1345 2425 1598 2525 epistolarum,
1624 2426 1698 2494 imo
1725 2438 1849 2494 contra

261 2547 378 2640 ipsum
397 2548 562 2621 ordinem
582 2547 780 2621 naturalem
799 2573 938 2638 rerum,
959 2549 995 2619 in
1018 2549 1096 2647 ipsa
1113 2549 1230 2619 fronte
1251 2537 1470 2618 salutationis
1492 2542 1687 2643 epistolaris
1708 2567 1766 2613 me
1787 2543 1849 2613 tibi

262 2651 468 2765 praeponere
496 2667 750 2765 praesumpsisti
773 2696 781 2735 :
804 2666 972 2740 feminam
1000 2667 1163 2738 videlicet
1188 2667 1282 2754 viro,
1319 2689 1467 2737 uxorem
1499 2665 1651 2751 marito,
1685 2661 1848 2734 ancillam

261 2785 428 2877 domiuo,
455 2787 649 2859 monialem
675 2787 854 2858 monacho
873 2800 908 2859 et
930 2785 1125 2875 sacerdoti,
1150 2783 1388 2858 diaconissam
1412 2783 1543 2856 abbati.
1570 2787 1697 2855 Rectus
1718 2785 1851 2882 quippe

261 2903 352 2975 ordo
373 2920 426 2975 est
446 2919 481 2976 et
500 2906 694 2994 honestam,
716 2921 752 2976 ut
772 2905 835 3001 qui
852 2904 897 2976 ad
917 2905 1116 3003 superiores
1140 2905 1196 2976 vel
1221 2903 1266 2975 ad
1292 2927 1395 3003 pares
1419 2903 1599 2992 scribunt,
1624 2927 1749 2973 eorum
1774 2906 1850 2999 qui-

261 3022 328 3094 bus
343 3023 502 3095 scribunt
512 3027 656 3096 nomina
666 3025 739 3096 suis
748 3040 980 3121 anteponant.
997 3025 1057 3095 Sin
1068 3039 1188 3096 autern
1201 3024 1247 3095 ad
1259 3023 1456 3112 inferiores,
1468 3021 1674 3120 praecedunt
1687 3024 1849 3120 scriptio-

261 3143 333 3213 nis¹
357 3145 484 3216 ordine
501 3147 562 3239 qui
582 3143 790 3243 praeceduut
807 3169 926 3217 rerum
946 3144 1128 3242 dignitate.
1153 3143 1245 3215 Illud
1269 3145 1375 3216 mam
1398 3167 1471 3214 nou
1493 3167 1600 3241 parva
1615 3142 1850 3213 admiratione

259 3266 500 3362 suscepimus,
526 3265 625 3362 quod
651 3265 780 3362 quibus
805 3263 1061 3336 consolationis
1083 3263 1283 3336 remedium
1307 3264 1433 3336 afferre
1459 3261 1631 3352 debuisti,
1658 3261 1849 3333 desolatio·

261 3407 342 3452 nem
365 3385 512 3474 auxisti3
533 3400 568 3456 et
586 3406 675 3482 quas
695 3385 855 3481 mitigare
877 3383 1069 3473 debueras,
1093 3383 1249 3456 excitasti
1265 3383 1449 3480 lacrymas.
1470 3387 1557 3470 Quae
1576 3383 1672 3453 enim
1686 3397 1849 3452 nostrum

259 3502 357 3572 siccis
376 3502 489 3574 oculis
502 3501 625 3575 audire
643 3505 773 3602 possit,
791 3501 891 3600 quod
905 3503 998 3574 circa
1012 3501 1125 3575 finem
1140 3502 1298 3602 epistolae
1315 3503 1461 3601 posuisti
1479 3501 1600 3574 dicens
1611 3505 1641 3570 ²:
1662 3531 1678 3568 a
1694 3501 1801 3588 Quod
1820 3503 1849 3571 si

260 3647 316 3693 me
339 3625 515 3695 Dominus
537 3627 572 3695 in
593 3648 721 3695 manus
738 3624 967 3696 inimicorum
991 3620 1193 3714 tradiderit,
1209 3611 1260 3696 vut
1280 3649 1336 3694 me
1351 3622 1481 3695 scilicet
1496 3623 1723 3720 praevalentes
1739 3624 1847 3692 inter-

259 3738 394 3830 ficiant,
420 3757 488 3814 etc.
514 3772 533 3810 u
560 3748 593 3815 Ο
616 3744 836 3832 charissime,
858 3767 931 3839 quo
957 3741 994 3814 id
1016 3745 1138 3814 animo
1164 3743 1341 3839 cogitasti,
1365 3767 1438 3839 quo
1463 3741 1499 3812 id
1521 3766 1583 3812 ore
1604 3741 1722 3814 dicere
1746 3742 1846 3812 susti·

259 3862 408 3930 uuisd‘?
423 3867 615 3960 Nunquam
630 3863 811 3935 ancillulas
838 3887 918 3933 suas
941 3862 1033 3933 adeo
1052 3867 1148 3933 Deus
1164 3861 1403 3951 obliviscatur,
1423 3877 1461 3934 ut
1478 3886 1537 3934 eas
1557 3860 1619 3933 tibi
1641 3863 1845 3958 superstites

260 3997 423 4052 reservet.
451 3985 641 4080 Nunquam
667 3982 772 4054 nobis
801 3983 907 4052 vitam
931 3979 1027 4052 illam
1049 3979 1248 4069 coarcedat,
1274 4001 1352 4077 quae
1379 3981 1479 4052 omni
1504 4005 1632 4077 genere
1655 3981 1779 4051 mortis
1802 3981 1845 4050 sit

258 4103 409 4196 gravior.
430 4107 477 4176 Te
505 4119 646 4175 nostras
666 4103 833 4200 exequias
854 4101 1053 4190 celebrare,
1068 4114 1269 4174 'tenostras
1294 4105 1371 4176 Deo
1398 4101 1533 4173 animas
1553 4101 1721 4172 convenit
1744 4125 1843 4170 com·

259 4220 444 4310 mendace,
470 4237 505 4293 et
524 4247 613 4320 quas
626 4227 703 4294 Deo
723 4216 917 4320 aggregasti
937 4220 984 4292 ad
997 4221 1113 4319 ipsum
1127 4219 1415 4318 praemittere'aut
1428 4219 1525 4292 nulla
1538 4218 1690 4316 amplius
1703 4218 1843 4315 deipsis

256 4339 473 4433 perturberis
495 4340 750 4431 sollicitudine,
775 4343 813 4413 et
837 4357 937 4412 tanto
962 4341 1073 4412 laetior
1097 4363 1166 4412 nos
1190 4337 1432 4436 subsequaris,
1460 4352 1594 4436 quanto
1620 4339 1777 4410 securior
1797 4337 1843 4408 dc

257 4473 377 4528 nostra
399 4458 511 4530 salute
525 4461 600 4555 jam
623 4461 741 4532 fareris.
767 4465 886 4550 Parce,
911 4459 1085 4552 qbsecro,
1100 4459 1265 4546 domine,
1284 4483 1390 4558 parce
1407 4456 1614 4554 hujusmodi
1628 4457 1749 4544 dictis,
1770 4458 1844 4552 qui·

255 4576 323 4648 bus
336 4579 481 4650 miseras
492 4581 713 4652 miserrimas
730 4581 852 4669 faciam
871 4592 906 4652 et
918 4595 958 4650 ut
971 4582 1101 4678 ipsum,
1114 4581 1362 4677 quodcunque
1384 4579 1551 4668 vivimus,
1569 4602 1615 4648 ne
1628 4575 1733 4648 uobis
1749 4577 1843 4647 aufe·

258 4721 314 4766 ras
331 4713 412 4768 ante
431 4715 595 4772 mortem.
618 4700 753 4772 Sufficit
775 4699 844 4772 diei
866 4699 999 4772 malitia
1017 4725 1080 4772 sua
1091 4705 1113 4792 ⁸,
1137 4717 1173 4773 et
1192 4701 1269 4774 dies
1280 4700 1346 4772 illa
1360 4699 1545 4788 omuibus,
1562 4723 1653 4798 quos
1670 4699 1840 4786 inveniet,

288 4886 293 4912 '
309 4848 437 4943 scribendi
461 4853 608 4944 vm‘affls.
629 4921 657 4931 --1
677 4893 688 4919 ⁸
705 4894 767 4946 Vide
786 4851 933 4960 supraipag,
948 4893 990 4942 83.
1003 4918 1033 4929 -
1173 4894 1322 4946 Myrmidonum
1333 4894 1459 4944 Dolopumve
1468 4901 1502 4931 aut
1511 4893 1557 4932 duri
1568 4893 1625 4932 sullas
1637 4893 1711 4942 [lycus

257 4970 266 4994 ¹
281 4973 399 5026 lmeritur
411 4995 418 5026 ε
431 4977 465 5027 Et
478 4993 526 5028 aon
539 4994 637 5042 possum
647 4983 672 5032 in
681 4983 774 5030 abactio
786 4983 887 5030 abacta
898 4980 959 5028 illud
974 4993 1034 5042 poe·
1175 4967 1280 5055 temperet
1292 4978 1302 5004 ²
1314 4965 1423 5016 nequir?
1433 4965 1489 5052 ⁸¹⁸³·

256 5061 329 5107 tr'cum
341 5064 375 5110 ad
385 5075 453 5111 meaa
465 5077 503 5111 res
513 5067 620 5126 apprime
633 5063 744 5126 spectatu
756 5086 762 5112 .·
1070 5077 1080 5104 ⁸
1093 5077 1191 5140 Matth„
1204 5092 1258 5142 cap.
1271 5092 1308 5137 tt,
1318 5091 1341 5125 v.
1354 5077 1396 5126 34.

653 5167 763 5214 Quintiis
774 5166 836 5206 faudo
