4536 6102
393 607 452 680 DE
476 609 622 681 LAUDE
647 609 799 682 SANCTl
824 607 1036 684 STEPHth
1059 609 1427 682 PROTOMARTYRIS
1451 609 1612 681 SERMO.
1725 607 1787 678 564

223 765 352 817 norma
367 760 501 835 vestra,
516 752 639 842 graece¹
651 769 786 818 corona
803 747 949 835 dicitur;
964 749 1064 843 cujus
1080 749 1236 820 nominis
1252 763 1403 844 utraque
1421 748 1668 846 interpretatio
1684 771 1796 845 quan-

223 880 301 938 tum
316 867 422 964 hujus
439 867 559 939 militis
575 867 817 956 excellentiam
835 868 1008 965 exprimat
1024 868 1124 940 facilc
1145 883 1198 940 est
1220 871 1410 964 assignare.
1429 867 1538 955 Quod
1554 869 1651 938 enim
1667 867 1797 938 dicitur

222 1010 351 1058 norma
363 1003 498 1076 vestra,
513 1013 536 1058 o
547 987 689 1076 fideles,
705 988 812 1058 tantis
829 1012 912 1058 eum
923 989 1114 1060 virtutibus
1127 988 1341 1061 adornatum
1354 989 1482 1078 innuit,
1495 1003 1534 1059 ut
1551 989 1597 1060 ad
1610 988 1796 1086 perfectio-

222 1129 306 1176 nem
322 1107 402 1176 vitae
420 1106 495 1202 ipse
507 1107 552 1176 sit
568 1107 736 1177 omnibus
753 1101 874 1201 regula
890 1107 1095 1205 disciplinae.
1108 1111 1250 1206 Quippe
1262 1134 1375 1205 quum
1385 1108 1529 1179 dilectio
1538 1109 1583 1179 sit
1591 1099 1797 1204 legis-pleni-

222 1225 324 1314 tud0‚
339 1225 418 1322 quis
431 1249 510 1322 aequ
604 1227 805 1325 Stephanus
822 1227 915 1299 hanc
937 1243 1011 1300 tam
1030 1232 1107 1299 Deo
1125 1253 1235 1326 quam
1250 1231 1414 1327 proximo
1430 1229 1526 1300 visus
1541 1245 1594 1301 est
1610 1227 1797 1301 exhibere?

222 1345 299 1414 Deo
311 1342 457 1441 quidem
467 1241 636 1444 meffl’
646 1362 682 1417 et
692 1339 774 1445 post
789 1349 907 1445 ipsum
923 1350 1021 1444 prior
1035 1347 1239 1436 moriendo,
1254 1363 1361 1444 atque
1372 1347 1462 1419 illud
1473 1346 1685 1444 adimplens,
1698 1346 1797 1444 quod

223 1465 298 1563 ipse
313 1464 360 1535 de
375 1465 455 1561 ipso
470 1465 621 1537 dixerat²
636 1493 643 1538 :
666 1496 684 1536 u
702 1469 872 1564 Majorem
888 1468 957 1541 hac
971 1467 1199 1540 dilectionem
1214 1493 1321 1541 nemo
1336 1468 1457 1558 habet,
1470 1493 1577 1565 quam
1589 1484 1629 1540 ut
1641 1469 1797 1540 animam

223 1606 324 1654 suam
339 1597 452 1680 ponat
471 1585 551 1680 quis
565 1609 633 1682 pro
650 1588 772 1657 amicis
793 1587 912 1658 suis.»
932 1591 977 1656 Pr
1002 1587 1098 1658 ximo
1119 1602 1257 1676 autem,
1276 1611 1389 1684 quum
1408 1611 1475 1684 pro
1496 1611 1533 1657 se
1557 1585 1798 1684 lapidantibus

223 1725 311 1774 voce
333 1723 463 1798 magna
484 1693 840 1804 orans,'supplicavit
861 1706 984 1778 dicens
1000 1734 1022 1778 ,ε
1049 1708 1252 1795 «Domine,
1271 1731 1317 1777 ne
1337 1721 1470 1778 statuas
1494 1705 1562 1776 illis
1581 1704 1653 1776 hoc
1672 1729 1798 1802 pecca·

224 1837 300 1894 tum
318 1851 325 1894 :
345 1825 428 1920 quia
444 1825 608 1895 nesciunt
629 1825 716 1921 quid
737 1825 915 1898 faciunt.»
931 1826 1001 1897 Ubi
1021 1841 1057 1898 et
1073 1837 1157 1898 mox
1174 1828 1219 1898 de
1236 1827 1314 1925 ipso
1330 1826 1377 1897 de
1393 1841 1492 1897 tanta
1509 1825 1728 1923 perfectione
1744 1848 1800 1894 as·

222 1957 365 2039 sumpta
380 1941 578 2014 subditum:
599 1971 617 2011 u
632 1949 676 2014 Et
689 1969 801 2042 quum
817 1944 888 2017 hoc
905 1945 1066 2034 dixisset,
1086 1945 1306 2017 ohdormivit
1322 1947 1358 2015 in
1375 1945 1571 2016 Domino.»
1593 1947 1636 2012 Et
1653 1942 1800 2039 quidem

223 2063 339 2159 ipsum
354 2085 421 2160 pro
437 2087 474 2133 se
493 2085 613 2134 orasse
628 2065 810 2162 Scriptura
825 2090 900 2136 non
916 2067 1058 2153 reticet,
1078 2065 1236 2136 dicens':
1259 2069 1335 2134 «Et
1350 2063 1559 2160 lapidabant
1578 2063 1800 2160 Stephanum

223 2180 452 2251 invocantem
468 2195 503 2251 et
519 2180 700 2251 dicentem
721 2213 729 2251 ε
752 2210 770 2248 u
788 2183 942 2252 Domine
959 2185 1059 2268 lesu,
1078 2183 1216 2275 suscipe
1232 2181 1396 2274 spiritum
1414 2203 1547 2249 meum.
1563 2208 1580 2247 n
1603 2178 1696 2268 Sed,
1714 2203 1799 2276 pro·

223 2297 334 2388 fecto,
353 2273 523 2397 dum'pro
542 2323 580 2369 se
601 2315 697 2388 orat,
716 2324 783 2370 nec
799 2324 915 2395 genua
936 2298 1089 2386 flexisse,
1109 2321 1177 2368 nec
1197 2297 1367 2368 clamasse
1388 2321 1478 2368 voce
1500 2321 1629 2394 magna
1647 2297 1798 2393 legitur:

223 2431 264 2487 ut
278 2430 378 2488 tanto
394 2417 568 2513 majorem
585 2418 737 2489 inimicis
754 2416 936 2488 exhiberet
952 2417 1201 2507 devotionem,
1220 2432 1357 2513 quanto
1373 2441 1435 2487 eos
1456 2416 1608 2513 amplius
1631 2415 1803 2488 orationis

223 2559 294 2606 suae
309 2533 474 2632 praesidio
491 2559 596 2630 egere
618 2537 781 2626 sentiret,
806 2536 851 2608 de
872 2561 1028 2633 quorum
1052 2535 1186 2606 meritis
1208 2535 1298 2606 nihil
1318 2533 1536 2606 confidebat.
1562 2540 1603 2605 ln
1626 2533 1694 2605 hac
1717 2559 1802 2630 crgo

223 2653 442 2752 perfectione
453 2656 609 2727 caritatis
622 2681 706 2750 erga
716 2657 880 2728 inimicos
892 2671 1179 2744 consummatus,
1196 2655 1332 2753 expleta
1349 2681 1416 2753 pro
1432 2656 1482 2726 eis
1494 2655 1669 2746 oratione,
1684 2656 1803 2727 statim

224 2776 260 2843 in
278 2773 435 2845 Domino
452 2775 583 2845 meruit
596 2773 822 2864 obdormire3
834 2789 874 2846 ut
888 2774 934 2844 dc
946 2774 1103 2872 perfecto
1119 2775 1260 2846 virtutis
1272 2773 1435 2862 cumulo,
1448 2773 1585 2871 primus
1600 2788 1674 2845 tam
1691 2773 1805 2869 digni·

222 2907 296 2964 tate
316 2919 427 2991 quam
451 2909 614 2991 tempore
644 2909 796 2992 martyr,
823 2895 981 2993 primum
1002 2895 1201 2991 perciperet
1220 2892 1398 2964 bravium.
1422 2893 1579 2964 Decebat
1603 2894 1736 2990 quippe
1764 2906 1804 2962 ut

222 3013 303 3084 talis
318 3013 355 3082 in
369 3013 443 3084 acie
461 3013 607 3084 Domini
618 3015 756 3111 primus
772 3015 959 3110 eligeretur
976 3012 1121 3103 athleta,
1137 3028 1172 3084 et
1188 3015 1322 3084 caeteris
1338 3027 1629 3109 anteponeretur,
1643 3011 1717 3108 qui,
1730 3035 1803 3107 quo

222 3131 352 3201 virtute
380 3131 581 3228 perfectior,
609 3157 654 3202 eo
682 3133 833 3231 amplius
867 3132 913 3204 ad
938 3132 1072 3204 bellurn
1104 3132 1259 3230 propriis
1285 3131 1459 3203 animaret
1484 3145 1591 3228 atque
1615 3131 1805 3201 instrueret

222 3250 393 3354 exemplis
417 3279 425 3320 ε
452 3253 554 3348 quasi
574 3277 639 3349 per
664 3253 782 3350 ipsum
809 3252 986 3322 Dominus
1006 3275 1134 3322 manus
1158 3250 1322 3321 omnium
1345 3248 1491 3320 doceret
1521 3247 1567 3318 ad
1588 3247 1748 3345 praelium
1769 3263 1805 3319 et

223 3372 353 3468 digitos
370 3371 416 3442 ad
432 3371 580 3442 bellum.
599 3375 644 3442 Et
661 3386 702 3442 ut
717 3373 939 3444 constantius
952 3371 999 3443 ad
1018 3395 1171 3466 agonem
1187 3385 1351 3468 posteros
1370 3368 1588 3457 hortaretur,
1608 3369 1750 3438 intuens
1766 3367 1802 3436 in

223 3489 354 3566 coelum
373 3489 463 3562 vidit
485 3488 635 3586 gloriam
656 3492 741 3578 Dei,
763 3505 799 3562 et
811 3490 877 3562 sibi
887 3492 962 3587 jam
983 3505 1159 3562 astantem
1178 3494 1314 3580 lesum,
1338 3490 1545 3586 statimque,
1565 3489 1666 3585 quasi
1687 3487 1733 3559 ad
1749 3511 1805 3557 se-

223 3633 353 3706 quaces
378 3632 462 3680 snos
486 3610 524 3679 in
551 3633 665 3705 agone
692 3609 1001 3699 corroborandos,
1029 3609 1203 3681 exclamat
1227 3609 1393 3680 dicens⁸:
1417 3637 1435 3676 u
1451 3613 1542 3679 Ecce
1569 3607 1675 3678 video
1696 3604 1805 3678 coelos

224 3741 383 3826 apertos,
402 3740 437 3797 et
461 3724 575 3798 filium
595 3725 754 3798 hominis
774 3742 928 3800 stantem
949 3752 971 3799 a
988 3726 1120 3797 dextris
1140 3727 1280 3797 virtutis
1302 3725 1381 3796 Dei.
1401 3753 1419 3792 n
1437 3731 1487 3797 hc
1505 3728 1536 3798 si
1558 3726 1715 3797 diceret:
1737 3728 1805 3794 Pu-

224 3860 330 3942 gnate
346 3860 382 3916 et
397 3869 462 3915 vos
478 3843 629 3933 fortiter,
648 3844 815 3916 dimicate
831 3845 977 3916 viriliter
993 3872 1001 3915 :
1020 3846 1104 3941 quia
1120 3858 1203 3941 post
1219 3868 1371 3939 agonem
1387 3868 1533 3941 pugnae,
1552 3843 1650 3914 nulla
1665 3843 1806 3938 estjam

223 3963 348 4036 dilatio
368 3965 508 4064 palmae.
528 3966 625 4035 State
645 3964 682 4033 in
703 3965 780 4036 acie
799 3965 985 4062 intrepidi,
1010 3978 1166 4062 pugnate
1186 3964 1325 4034 securi:
1346 3963 1429 4059 quia
1450 3962 1610 4034 Christus
1633 3964 1670 4032 in
1692 3987 1806 4057 agone

224 4099 317 4157 astat
326 4085 449 4174 nohis,
464 4100 503 4157 ut
519 4085 706 4156 vincamus
717 4101 854 4183 pugnat
872 4110 940 4182 pro
955 4084 1073 4156 nobis.
1092 4086 1128 4154 Si
1140 4087 1236 4154 Deus
1248 4107 1316 4181 pro
1332 4081 1456 4174 nobis,
1476 4083 1556 4179 quis
1572 4096 1700 4152 contra
1716 4084 1806 4152 nos?

224 4202 322 4290 Quid
333 4204 440 4275 etiam
457 4202 544 4274 illud
560 4217 614 4274 est
629 4203 767 4298 insigne
781 4204 952 4302 praesagii,
969 4203 1066 4301 quod
1083 4201 1284 4300 Stephanus
1296 4216 1460 4272 nontam
1475 4213 1682 4288 coronatus,
1697 4221 1807 4295 quam

224 4349 361 4396 corona
384 4327 460 4423 ipsa
480 4325 753 4422 interpretatur?
769 4325 879 4412 Quasi
900 4325 997 4396 enim
1018 4323 1065 4396 de
1085 4323 1164 4421 ipso
1185 4337 1273 4394 sunt
1289 4346 1415 4392 omnes
1436 4319 1654 4408 coronandi,
1677 4317 1740 4414 qui
1760 4315 1806 4387 ab

224 4445 305 4540 ipso
321 4443 551 4532 inchoantes,
569 4458 653 4515 sunt
668 4469 734 4541 per
750 4445 868 4541 ipsum
883 4443 1047 4515 instructi
1063 4471 1071 4514 :
1090 4457 1130 4512 ut
1147 4444 1222 4540 ipse
1238 4441 1344 4513 simul
1363 4455 1398 4518 et
1413 4439 1536 4536 regula
1551 4440 1596 4510 sit
1611 4439 1803 4525 virtutum,

224 4576 263 4633 et
278 4563 550 4660 quodammodo
565 4587 702 4635 corona
717 4565 912 4652 victorum,
928 4578 964 4634 et
975 4563 1124 4637 ducatus
1142 4562 1189 4634 ad
1204 4561 1403 4659 praemium.
1419 4559 1489 4647 Qui
1505 4558 1613 4630 etiarn
1629 4556 1750 4643 tantis,
1768 4566 1808 4624 ut

225 4682 363 4752 dictum
381 4698 451 4771 est,
470 4683 584 4754 extitit
598 4681 788 4755 virtutibus
802 4683 1014 4771 adornatus,
1031 4697 1071 4754 ut
1087 4705 1225 4753 corona
1237 4695 1466 4767 caeterorum,
1484 4677 1587 4774 quasi
1598 4695 1806 4772 supremum

226 4799 405 4928 diceregrr
425 4817 695 4888 ornamentum,
719 4817 754 4874 et
775 4804 812 4872 in
833 4803 912 4899 ipso
933 4825 1086 4900 corpore
1106 4801 1235 4873 Christi
1256 4824 1332 4871 non
1358 4813 1432 4869 tam
1456 4796 1590 4867 c'aeteris
1614 4790 1745 4862 sanctis
1768 4789 1806 4859 in

260 5093 269 5120 ‘
288 5093 453 5146 &coelum
463 5091 591 5146 uscia..
607 5119 634 5130 -
651 5090 757 5157 'Joau.,
779 5109 834 5160 cap.
856 5109 905 5154 xv,
927 5109 950 5144 v.
975 5094 1013 5144 tt.
1029 5089 1081 5132 ·-¹
1094 5094 1149 5143 Act.
1173 5093 1266 5154 apost,
1289 5101 1344 5156 cap.
1368 5102 1453 5154 u1,v.
1474 5085 1515 5136 tt.
1534 5110 1563 5121 -
1579 5079 1679 5142 ‘lbid.,
1703 5075 1809 5130 ibid.-

226 5181 236 5205 ¹
252 5179 327 5242 ibid,
345 5198 368 5232 v.
382 5184 422 5232 58.
440 5211 468 5221 -
483 5180 493 5209 ⁸
510 5180 586 5245 ibid,
596 5198 620 5232 v.
635 5181 677 5232 65.
1648 5258 1687 5318 71

348 5295 358 5338 l
