4510 6108
435 573 507 644 490
1037 568 1165 643 PETRl
1192 565 1427 640 ABAEtnnot

433 714 606 813 Spiritum
621 724 786 782 sanctum
800 736 808 779 :
823 733 981 806 quorum
995 708 1199 780 remiseritis
1213 723 1373 807 peccata,
1389 722 1473 798 etc,
1488 735 1506 776 ιι
1526 708 1590 780 sed
1606 707 1732 808 repleti
1751 709 1884 807 Spiritu
1900 725 2022 783 sancto

434 860 510 907 non
535 847 655 921 erant,
683 832 774 901 sicut
795 829 906 902 hodie
929 831 1063 902 factum
1086 855 1162 902 esse
1185 845 1405 903 monstratur
1425 856 1538 930 quum
1554 831 1728 903 dicitur¹2
1755 859 1773 899 ιι
1787 831 1923 931 Repleti
1943 849 2024 914 sunt

435 979 560 1025 omnes
579 951 712 1051 Spiritu
731 966 869 1024 sancto.
889 980 906 1018 ιι
929 952 1048 1022 Primo
1064 951 1186 1050 itaque
1206 950 1423 1050 quibusdam
1439 952 1545 1022 donis
1561 952 1708 1041 initiati,
1728 951 1838 1023 bodie
1855 952 2025 1025 cumulati

435 1089 518 1145 sunt
533 1088 569 1144 et
580 1071 834 1143 consummati.
851 1067 991 1168 De'qua
1002 1070 1149 1168 quidem
1160 1067 1358 1171 repletione
1372 1072 1522 1170 Spiritus
1533 1073 1633 1169 quasi
1648 1073 1768 1144 statim
1780 1051 2022 1162 eructuantes,

435 1208 621 1293 coeperunt
636 1191 736 1289 loqui
753 1191 829 1263 aliis
845 1191 992 1288 linguis,
1011 1193 1102 1262 sicut
1118 1192 1155 1262 in
1178 1217 1292 1288 graeco
1309 1191 1480 1281 habetur,
1499 1218 1609 1290 quam
1625 1207 1731 1264 antea
1746 1192 1915 1264 fecerant.
1937 1195 2025 1265 Nam

435 1339 498 1385 sua
515 1314 662 1412 propria
677 1312 817 1409 lingua,
832 1311 869 1382 id
882 1326 934 1384 est
945 1311 1134 1401 hebraica,
1149 1337 1379 1410 nequaquam
1395 1326 1482 1384 tunc
1498 1312 1598 1411 loqui
1614 1312 1852 1412 incipiebant,
1869 1313 1933 1385 sed
1950 1313 2024 1386 aliis
2078 1373 2080 1380 ,

435 1460 524 1533 quas
544 1437 814 1532 ignoraverant,
833 1459 900 1532 pro
911 1409 1123 1506 ¹diversitate
1141 1435 1274 1507 scilicet
1290 1435 1481 1508 homiuum
1498 1461 1539 1507 ex
1556 1437 1657 1507 omni
1678 1437 1842 1523 natione,
1864 1461 1943 1532 quae
1956 1435 2024 1506 'sub

436 1557 528 1628 coelo
550 1572 619 1647 est,
642 1556 688 1627 ad
705 1555 802 1628 diem
820 1554 949 1626 festum
972 1553 1203 1651 ‘ierosolymis
1218 1570 1531 1652 congregatorum.
1550 1559 1604 1626 De
1627 1579 1698 1652 qua
1714 1555 1862 1653 quidem
1877 1555 2024 1628 diversi·

436 1691 508 1748 tate
524 1675 747 1772 linguarum,
761 1699 834 1772 quo
852 1672 1051 1744 mirabilior
1068 1673 1263 1764 habeatur,
1282 1675 1320 1745 id
1336 1673 1484 1772 quidam
1500 1688 1703 1765 senserunt,
1723 1689 1763 1744 nt
1776 1699 1888 1772 quum
1900 1699 2024 1745 omnes

436 1797 542 1867 unius
558 1797 686 1892 linguae
705 1795 908 1893 prolatione
924 1809 1128 1884 uterentur,
1151 1793 1298 1891 singulis
1313 1794 1538 1867 auditoribus
1554 1796 1702 1894 propria
1718 1796 1890 1894 cujusque
1905 1796 2024 1892 lingua

436 1914 537 2012 loqui
549 1915 768 1986 viderentur.
787 1914 857 1986 Sed
869 1912 940 1984 hoc
951 1913 1114 2012 prolecto
1126 1917 1357 2010 nequaquam
1372 1929 1464 1985 esset
1475 1914 1575 2012 loqui
1589 1915 1665 1986 aliis
1677 1914 1824 2011 linguis,
1837 1916 1901 1986 sed
1915 1915 2024 1987 videri

438 2036 514 2108 aliis
530 2035 650 2133 loqui,
670 2060 738 2106 nec
753 2037 883 2106 veritas
900 2049 992 2105 esset
1007 2034 1230 2128 linguarum,
1252 2032 1315 2104 sed
1332 2034 1457 2131 opinio
1472 2034 1706 2133 deceptorum
1722 2033 1913 2107 hominum
1931 2063 1939 2105 :
1959 2061 2024 2106 nec

438 2153 484 2226 de
506 2154 635 2251 linguis
658 2152 856 2252 quidquam
882 2166 974 2224 esset
994 2152 1165 2251 apostolis
1187 2151 1375 2241 collatum,
1394 2151 1457 2222 sed
1482 2151 1528 2222 de
1551 2153 1783 2249 intelligentia
1802 2153 2024 2226 auditoribus

438 2277 661 2374 inspiratum.
682 2275 824 2346 Falsum
840 2273 997 2369 denique
1011 2287 1047 2342 et
1060 2271 1148 2344 illud
1158 2286 1253 2343 'esset
1267 2272 1367 2369 quod
1384 2272 1430 2344 ab
1445 2272 1667 2344 auditoribus
1684 2273 1885 2345 dicebatur’
1903 2303 1911 2345 :
1930 2305 1947 2343 <r
1962 2281 2025 2346 Au·

438 2395 594 2468 divimus
607 2421 669 2466 eos
685 2395 873 2492 loquentes
889 2392 1018 2488 linguis
1034 2393 1179 2464 nostris.
1191 2420 1209 2460 ιι
1228 2393 1264 2462 Si
1281 2393 1378 2463 enim
1390 2389 1524 2463 locutio
1541 2386 1744 2490 linguarum
1760 2419 1836 2465 non
1850 2410 1942 2484 erat,
1962 2395 2023 2467 sed

437 2516 643 2604 videbatur,
661 2513 789 2585 falsum
801 2528 854 2584 est
871 2536 933 2582 eos
947 2512 1087 2583 audisse
1103 2512 1141 2582 in
1158 2510 1226 2582 illis
1237 2510 1389 2583 verbum
1402 2512 1502 2609 quod
1519 2537 1594 2584 non
1611 2528 1686 2585 erat
1702 2515 1739 2584 in
1752 2515 1850 2612 ipsis.

488 2638 567 2706 Non
589 2633 706 2706 solum
723 2633 830 2729 igitur
847 2631 893 2702 de
911 2630 1144 2727 intelligentia
1161 2631 1342 2702 interioris
1362 2630 1481 2721 verbi,
1502 2633 1738 2704 verumetiam
1757 2632 1802 2703 de
1818 2636 2025 2731 pronuntia·

439 2755 537 2825 tione
547 2751 744 2824 sonihodie
753 2765 837 2822 sunt
845 2750 1026 2839 instructi,
1041 2774 1087 2820 ue
1098 2748 1188 2848 quid
1199 2749 1292 2822 desit
1302 2749 1340 2820 in
1352 2749 1425 2822 ulla
1437 2752 1561 2847 gratia.
1579 2751 1684 2823 Unde
1695 2777 1850 2851 praesens
1861 2753 2024 2827 solemni·

438 2890 491 2948 tas
507 2889 644 2972 quanto
661 2871 880 2970 multipliore
898 2871 1010 2966 gratia
1025 2869 1065 2942 fit
1081 2869 1246 2970 praedita,
1258 2884 1360 2943 tanto
1372 2873 1508 2968 majore
1521 2872 1714 2946 devotione
1726 2889 1780 2946 est
1795 2875 2021 2966 celebranda,

439 3011 474 3066 et
492 2997 655 3068 omnium
675 2994 879 3090 linguarum
901 2990 1067 3064 laudibus
1083 2991 1317 3083 honoranda,
1339 2993 1487 3090 quando
1509 2993 1557 3066 ad
1575 2994 1844 3093 praedicandum
1860 2995 2024 3092 gentihus

439 3117 613 3188 universis
639 3138 771 3212 genera
797 3113 922 3184 omnia
945 3111 1151 3208 linguarum
1176 3111 1347 3211 apostolis
1373 3129 1457 3185 sunt
1476 3112 1619 3186 collata.
1643 3119 1757 3211 Atque
1777 3116 1918 3186 utinam
1937 3142 2021 3202 vos,

438 3260 577 3334 sponsae
586 3234 717 3306 Christi
729 3233 908 3330 gloriosae,
923 3230 1068 3331 quibus,
1081 3247 1121 3303 ut
1134 3257 1242 3331 supra
1255 3233 1502 3324 meminimus,
1519 3234 1595 3306 haec
1606 3235 1813 3306 solemnitas
1827 3237 2024 3341 specialiter

330 3348 332 3352 ’
439 3352 615 3424 incumbit
625 3350 854 3439 celebranda,
866 3351 1032 3421 omniurn
1041 3349 1244 3447 linguarum
1261 3351 1450 3445 generibus
1461 3351 1601 3425 divinas
1615 3354 1652 3423 in
1668 3377 1710 3424 ea
1717 3353 1841 3426 laudes
1857 3380 2024 3427 resonare

437 3469 603 3571 possetis!
629 3471 738 3558 Quod
758 3470 842 3567 quia
866 3493 942 3539 non
965 3467 1141 3560 sufficitis,
1164 3469 1221 3540 vel
1242 3469 1314 3541 hoo
1336 3470 1461 3543 saltem
1485 3471 1630 3562 efficite,
1658 3487 1698 3544 ut
1720 3473 1892 3546 doctrinae
1916 3477 2024 3546 trium

438 3591 691 3692 principalium
706 3590 927 3686 linguarum,
946 3588 1077 3685 quibus
1093 3589 1167 3659 duo
1186 3593 1410 3662 Testamenta
1430 3593 1632 3690 conscripta
1653 3608 1753 3684 sunt,
1779 3609 1815 3666 et
1836 3594 2024 3668 dominica

438 3711 554 3786 cru'cis
565 3711 687 3784 titulus
704 3710 912 3807 insignituS,
930 3734 1079 3808 operam
1092 3710 1237 3801 dantes,
1251 3711 1386 3810 aliquid
1404 3713 1557 3812 amplius
1574 3738 1683 3812 quam
1700 3717 1816 3786 caeteri
1831 3713 1955 3788 fideles
1971 3717 2025 3787 bis

438 3834 571 3906 festivis
585 3831 725 3906 addatis
738 3832 937 3932 praeconiis.
955 3831 1063 3920 Quod
1080 3847 1116 3903 et
1134 3833 1209 3932 ipse
1225 3833 1376 3930 Spiritus
1391 3834 1438 3905 ad
1454 3835 1633 3907 honorem
1646 3837 1700 3916 sui
1719 3836 1822 3908 vobis
1837 3862 2023 3934 suggerere

438 3951 622 4050 dignetur,
642 3954 722 4050 qui,
745 3951 808 4022 ubi
825 3949 902 4022 vult
920 3951 1077 4084 spirans,
1098 3951 1172 4023 sive
1185 3976 1277 4023 sono
1293 3951 1426 4024 docet
1417 3955 1582 4042 interius,
1601 3955 1675 4027 sive
1689 3954 1828 4026 calamo
1847 3955 1997 4028 scribit
1987 3982 2022 4026 m

438 4071 638 4160 mentibus,
657 4095 724 4142 nec
749 4093 869 4142 moras
892 4069 1026 4167 patitur
1043 4069 1080 4140 in
1102 4068 1292 4159 docendo,
1313 4095 1379 4141 nec
1402 4071 1612 4142 dilationem
1629 4072 1768 4145 habet'
1759 4099 1796 4144 ιιι
1815 4073 2019 4145 scribendo.

438 4195 516 4288 lpse
529 4188 774 4262 infirmitatem
783 4204 939 4260 vestram
950 4190 988 4259 in
1002 4202 1126 4260 sancto
1138 4187 1285 4260 roboret
1296 4191 1501 4288 proposito,
1516 4214 1578 4287 qur
1568 4179 1701 4262 hodie
1712 4157 1895 4290 apostolos
1909 4191 2023 4263 induit

438 4337 479 4382 ex
504 4311 591 4383 alto
619 4317 698 4410 lpse
720 4309 843 4382 fictilia
864 4335 949 4382 nasa
968 4325 1103 4399 vestra,
1126 4324 1162 4381 et
1182 4309 1316 4382 luteam
1337 4310 1455 4382 adhuc
1478 4311 1628 4384 crudam
1649 4327 1777 4384 testam
1804 4314 1887 4409 igne
1911 4313 2024 4412 divini

438 4434 570 4505 amoris
599 4432 834 4530 excoquendo
863 4430 1013 4520 solidet,
1044 4456 1118 4529 quo
1145 4431 1403 4529 discipulorum
1434 4432 1545 4520 corda
1572 4432 1682 4505 hodie
1710 4432 1873 4533 replevit.
1903 4405 2022 4532 Ipsum

437 4579 590 4654 sponsus
607 4571 723 4628 vester
736 4554 913 4626 Dominus
926 4558 1026 4625 Jesus
1038 4553 1198 4626 Christus
1211 4554 1337 4626 vestris
1354 4579 1539 4658 semper
1510 4554 1716 4627 mentibus
1707 4557 1872 4655 inspiret,
1892 4569 1928 4626 et
1944 4571 2022 4627 tan-

437 4701 547 4774 quam
565 4677 709 4750 arrham
731 4674 1018 4774 desponsationis
1039 4688 1075 4746 et
1094 4673 1307 4773 spiritale
1272 4700 1401 4773 pignus
1420 4675 1514 4748 dotis
1532 4675 1636 4748 vobis
1656 4677 1851 4808 custodiat,
1874 4690 1915 4747 ut
1933 4675 2024 4747 sicut

437 4799 608 4896 apostolis
621 4797 803 4898 promisit,
825 4811 969 4870 maneat
982 4795 1196 4868 vobiscum
1186 4820 1224 4868 tn
1245 4811 1432 4868 aeternum
1453 4801 1579 4870 Amen.

473 5009 662 5076 ‘Act.1lpost.,
675 5027 732 5078 cap.
744 5027 776 5073 ιι,
791 5027 812 5062 v.
829 5012 854 5062 l.
866 5035 898 5050 -
909 5008 1007 5072 'lbid.,
1020 5025 1044 5060 v.
1062 5009 1101 5060 11.
